1546 2648
342 164 496 193 LIBER
519 163 659 193 XLIV.
693 163 800 192 CAP.
821 164 915 191 xil.
1097 158 1180 205 437

70 267 195 304 posse,
217 257 262 301 si,
284 270 410 294 muros
430 270 452 294 a
474 264 580 308 parte
601 255 675 293 alia
693 254 803 292 scalis
825 255 995 298 adortus,
1016 253 1183 291 tumultu
1198 264 1239 295 U.
1254 265 1290 296 C.
1305 271 1379 296 583.

70 318 227 369 injecto,
248 321 287 357 in
314 321 525 358 custodiam
550 319 630 370 ejus
650 319 726 356 loci
755 324 1058 369 propugnatores
1080 317 1182 354 urbis
1196 309 1284 341 A·C·
1299 313 1372 341 ¹⁶9³

72 384 279 422 avertisset.
334 385 457 422 Erant
483 385 522 420 in
552 383 729 435 praesidio
759 382 1016 425 Cassandreae,
1047 390 1185 433 praeter

72 459 150 482 non
181 449 497 485 contemnendam
523 447 766 498 juventutem
796 446 1087 497 oppidanorum,
1118 458 1183 482 oc-

70 510 234 558 tingenti
254 512 454 560 Agrianes,
477 518 514 548 et
534 511 608 548 duo
627 510 745 546 millia
763 509 1012 546 Penestarum
1033 509 1184 559 lllyrio-

70 586 167 617 rum,
199 588 221 611 a
249 575 429 613 Pleurato
459 576 545 613 inde
575 576 692 620 missi,
726 574 950 612 bellicosum
984 581 1185 623 utrumque

70 651 202 687 genuS.
258 641 330 678 His
352 642 546 679 tuentibus
573 653 715 684 muros,
737 652 852 690 quum
871 639 996 676 subire
1015 638 1186 675 Romani

71 715 217 742 summa
228 707 263 742 vi
279 708 503 750 niterentur,
521 712 716 742 momento
731 705 913 755 temporis
928 705 1090 754 parietes
1105 703 1186 740 for-

70 768 198 805 nicum
219 771 380 820 perfossi
397 772 527 808 urbem
546 769 830 821 patefecerunt:
862 768 964 818 quod
979 769 1024 812 si,
1040 769 1105 818 qui
1124 768 1187 803 in-

69 844 217 881 rupere,
245 836 379 871 armati
412 835 587 878 fuissent,
620 832 812 883 extemplo
840 833 1040 882 cepissent.
1097 832 1187 871 Hoc

72 894 136 930 ubi
165 897 374 946 perfectum
408 911 488 934 esse
522 910 617 948 opus
648 896 831 933 militibus
860 897 1083 933 nunciatum
1113 905 1185 941 est,

72 958 275 998 clamorem
296 962 437 999 alacres
458 962 598 1012 gaudio
618 967 773 1012 repente
793 960 948 1004 tollunt,
970 960 1052 997 aliis
1078 969 1187 1012 parte

71 1020 144 1060 alia
164 1025 202 1061 in
222 1025 353 1062 urbem
373 1026 592 1077 inrupturis.

127 1088 223 1126 XII.
253 1090 398 1127 Hostes
430 1092 593 1142 primum
626 1089 827 1127 admiratio
859 1090 974 1139 cepit,
1005 1089 1187 1139 quidnam

72 1151 146 1189 sibi
160 1155 379 1204 repentinus
406 1155 548 1192 clamor
567 1155 700 1192 vellet:
733 1161 935 1205 postquam
963 1161 1094 1204 patere
1122 1167 1186 1191 ur-

72 1216 160 1253 bem
178 1231 358 1269 accepere
380 1220 549 1271 praefecti
577 1220 740 1271 praesidii
759 1219 886 1269 Pytho
915 1225 954 1255 et
971 1218 1186 1270 Philippus,

72 1293 142 1330 pro
170 1295 230 1327 eo,
261 1284 326 1333 qui
354 1291 579 1335 occupasset
610 1284 777 1333 adgredi,
809 1295 904 1334 opus
933 1283 1077 1319 factum
1107 1295 1188 1319 esse

72 1345 160 1390 rati,
205 1360 289 1384 cum
326 1347 449 1385 valida
494 1361 611 1384 manu
645 1348 857 1396 Agrianum
895 1345 1189 1396 Illyriorumque

73 1417 298 1460 erumpunt:
335 1411 624 1461 Romanosque,
659 1412 722 1461 qui
754 1410 827 1455 alii
851 1409 1002 1446 aliunde
1031 1409 1189 1446 coibant

72 1474 470 1525 convocabanturque,
492 1482 534 1512 ut
562 1476 671 1525 signa
691 1476 729 1511 in
759 1474 891 1511 urbem
909 1474 1107 1518 inferrent,
1128 1475 1188 1510 in-

75 1540 307 1589 compositos
327 1547 441 1590 atque
460 1540 697 1577 inordinatos
717 1539 868 1588 fugant,
891 1545 1189 1589 persequuntur-

76 1614 149 1650 que
168 1603 214 1639 ad
230 1603 372 1640 fossam
387 1620 394 1640 :
419 1606 459 1641 in
476 1617 589 1654 quam
610 1603 825 1654 compulsos
841 1603 950 1639 ruina
966 1602 1162 1639 cumulant
1177 1617 1186 1639 :
1230 1617 1236 1622 v*

75 1668 244 1703 sexcenti
264 1668 381 1705 ferme
410 1668 464 1706 ibi
493 1670 697 1711 interfecti,
728 1680 936 1717 omnesque
963 1679 1097 1718 prope,
1127 1668 1193 1717 qui

76 1731 176 1767 inter
195 1745 343 1770 murum
361 1733 579 1783 fossamque
599 1734 821 1785 deprehensi
847 1739 968 1776 erant,
989 1732 1193 1769 vulneran-

75 1800 150 1831 tur.
209 1796 271 1833 Ita
290 1810 360 1833 suo
380 1799 458 1848 ipse
480 1805 619 1835 conatu
642 1797 834 1848 perculsus
853 1802 1006 1846 praetor,
1038 1796 1192 1846 segnior

78 1859 124 1895 ad
143 1859 218 1896 alia
236 1860 357 1898 factus
378 1862 538 1899 consilia
566 1869 668 1898 erat:
702 1868 741 1898 et
759 1874 807 1897 ne
827 1861 991 1897 Eumeni
1021 1861 1191 1909 quidem,

77 1923 230 1960 simula
259 1927 366 1969 mari,
387 1926 500 1962 simul
528 1940 551 1962 a
577 1934 680 1962 terra
708 1925 958 1974 adgredienti,
988 1925 1194 1973 quidquam

79 1988 169 2024 satis
195 1990 436 2039 procedebat.
493 1990 643 2027 Placuit
672 1990 789 2038 igitur
816 1989 981 2038 utrique,
1012 1989 1194 2025 custodiis

81 2050 251 2096 firmatis,
272 2066 320 2089 ne
335 2054 436 2103 quod
455 2054 672 2104 praesidium
691 2065 737 2089 ex
751 2052 982 2089 Macedonia
1001 2053 1195 2089 intromit-

81 2114 112 2149 ti
132 2123 271 2164 posset,
292 2119 472 2167 quoniam
491 2119 545 2154 vis
572 2124 702 2168 aperta
721 2130 799 2153 non
821 2117 1081 2167 processisset,
1103 2129 1195 2167 ope-

83 2178 187 2215 ribus
206 2182 347 2217 moenia
375 2182 610 2234 obpugnare.
668 2182 764 2219 Haec
792 2181 1014 2232 parantibus
1037 2182 1111 2225 his,
1131 2181 1196 2217 de-

85 2255 167 2279 cem
187 2244 279 2292 regii
304 2244 433 2289 lembi,
454 2247 500 2284 ab
520 2246 796 2284 Thessalonica
826 2259 910 2282 cum
930 2245 1084 2282 delectis
1104 2244 1196 2281 Gal-

82 2305 207 2344 lorum
226 2307 468 2347 auxiliaribus
497 2311 616 2353 missi,
637 2323 753 2359 quum
782 2311 821 2346 in
840 2309 920 2346 salo
941 2316 1084 2346 stantes
1105 2309 1195 2345 hos-
