1546 2648
346 182 401 226 74
473 215 477 222 ,
507 188 552 215 Τ.
575 189 706 218 lell
736 191 836 220 LIB.
855 193 1059 221 xxxvll.
1085 195 1192 223 cAP.
1217 197 1297 225 Lx.

146 274 237 305 U.C.
256 280 329 334 sna.
343 275 479 326 duplex
501 280 727 324 centurioni,
749 282 885 331 triplex
906 285 1046 332 equiti:
1079 292 1116 321 et
1137 286 1362 335 stipendium
1384 287 1455 322 mi-

145 318 186 348 Δ·
200 318 236 348 C·
257 325 327 352 159‹
344 339 451 377 litare
472 351 509 378 et
528 343 756 381 frumentum
779 347 916 396 duplex
937 355 1024 396 post
1043 350 1273 400 triumphum
1295 350 1422 385 (latum
1440 365 1449 386 ²

141 786 257 818 Fabius
275 787 306 819 in

140 831 269 879 Cretam

139 881 264 913 “apcit-

340 406 476 456 proelio
498 409 533 442 in
557 409 646 444 Asia
675 411 789 453 facto,
811 411 944 460 duplex
967 412 1128 449 dederat.
1186 413 1452 463 Triumphavit

339 483 440 506 anuo
460 472 537 508 fere
558 481 656 522 post,
679 487 789 522 quam
811 476 1009 511 consulatu
1031 477 1137 514 abiit.

390 535 479 573 LX.
513 537 653 573 Eodem
680 537 758 573 sere
785 546 955 589 tempore
975 549 1012 575 et
1033 541 1102 577 Cu.
1123 541 1289 577 Manlius
1317 541 1449 578 consul

338 599 374 635 iu
406 601 550 643 Asiam,
581 608 618 637 et
647 601 695 640 Q.
715 601 854 638 Fabius
884 603 1014 640 Labeo
1046 614 1184 654 praetor
1217 606 1261 641 ad
1292 605 1447 641 classem

336 665 451 700 veuit.
509 665 686 701 Ceterum
707 667 850 702 consuli
873 679 949 703 non
970 668 1097 703 deerat
1117 681 1200 703 cum
1221 668 1340 704 Gallis
1360 668 1449 705 belli

337 731 524 767 materia:
565 744 667 766 mare
710 740 885 781 pacatum
924 741 1017 775 erat,
1056 734 1204 770 devicto
1241 734 1448 772 Antiocho,

337 795 532 843 Cogitanti
563 796 611 834 Q.
638 796 772 839 Fabio,
804 797 861 832 cui
893 798 945 833 rei
977 799 1211 847 potissimum
1243 799 1448 842 insisteret,

335 872 381 895 ne
401 861 562 895 otiosam
584 861 817 911 provinciam
840 861 1016 898 habuisse
1036 862 1150 898 videri
1182 870 1323 912 posset,
1344 864 1446 913 opti-

334 937 435 960 muru
459 925 576 961 visum
601 932 671 968 est,
692 926 730 961 in
753 926 903 962 Cretan·
936 927 1094 962 insulam
1128 926 1314 977 trajicere.
1371 928 1447 977 Cy·

334 990 498 1026 doniatae
520 990 658 1026 bellum
681 990 854 1026 adversus
876 990 1084 1040 Gortynios
1101 991 1362 1041 Gnossiosque
1382 1004 1449 1040 ge-

333 1055 482 1098 rebant,
505 1062 541 1091 et
561 1055 796 1106 captivorum
818 1055 1080 1092 Romanorum
1102 1062 1215 1106 atque
1235 1056 1358 1092 Italici
1381 1069 1448 1105 ge-

331 1120 431 1156 neris
459 1132 616 1169 magnus
643 1132 820 1156 numerus
849 1120 888 1155 in
917 1121 1097 1156 servitute
1125 1133 1206 1156 esse
1235 1133 1300 1170 per
1324 1126 1447 1156 totam

332 1183 492 1220 insulam
531 1183 739 1220 dicebatur.
797 1183 926 1219 Classe
962 1184 1010 1220 ab
1045 1184 1200 1234 Epheso
1237 1178 1445 1234 profectuS,

332 1261 446 1296 quum
467 1249 629 1298 primum
649 1247 773 1284 Cretae
802 1247 890 1284 litus
911 1248 1059 1297 adtigit,
1080 1248 1239 1284 nuncios
1266 1248 1365 1284 circa
1394 1249 1449 1284 ci-

334 1314 469 1349 vitates
499 1313 616 1356 misit,
647 1318 688 1348 ut
717 1313 828 1348 armis
860 1312 1100 1355 absisterent,
1132 1313 1376 1362 captivosque
1409 1313 1448 1348 in

334 1378 411 1415 suis
445 1390 602 1428 quaeque
635 1377 789 1413 urbibus
825 1377 998 1426 agrisque
1029 1377 1262 1426 conquisitos
1296 1377 1451 1413 reduce-

335 1449 433 1487 rent,
455 1451 493 1479 et
522 1442 667 1492 legatos
698 1442 893 1478 mitterent
919 1441 964 1477 ad
989 1453 1043 1483 se,
1064 1454 1147 1478 cum
1170 1440 1305 1491 quibus
1325 1440 1371 1477 de
1390 1453 1449 1477 re-

335 1509 405 1546 bus
427 1509 471 1546 ad
494 1509 694 1545 Cretenses
715 1508 856 1557 pariter
874 1506 1147 1555 Romanosque
1172 1505 1448 1556 pertinentibus

336 1580 476 1624 ageret.
534 1572 642 1609 Nihil
671 1583 900 1621 magnopere
929 1583 972 1606 ea
992 1570 1190 1606 Cretenses
1221 1577 1447 1606 moverunt:

336 1641 521 1690 captiVOS‚
543 1644 678 1689 praeter
698 1637 922 1686 Gortynios,
943 1635 1036 1672 nulli
1063 1634 1316 1672 reddiderunt.
1373 1633 1450 1671 Va-

337 1706 450 1742 lerius
481 1704 616 1740 Antias
655 1702 700 1738 ad
737 1707 901 1750 quatuor
937 1699 1055 1735 millia
1084 1700 1334 1749 captivorum,
1365 1700 1454 1748 quia

337 1771 427 1807 belli
449 1770 569 1806 minas
591 1769 811 1808 timuerunt,
833 1777 878 1800 ex
904 1770 988 1800 tota
1011 1764 1134 1800 insula
1163 1763 1308 1800 reddita
1335 1765 1454 1814 scrip-

339 1837 387 1870 sit
407 1849 414 1871 :
448 1845 605 1882 eamque
624 1842 794 1867 caussam
813 1828 948 1871 Fabio,
969 1841 1081 1876 quum
1113 1840 1189 1863 rem
1211 1826 1351 1863 nullam
1381 1827 1450 1864 ali-

340 1914 398 1936 am
421 1899 610 1948 gessisset,
631 1895 773 1931 navalis
794 1893 972 1943 *riumphi
1005 1892 1217 1942 inpetrandi
1244 1891 1291 1928 ab
1319 1899 1453 1928 senatu

338 1964 467 2002 fuisse.
524 1963 560 1998 A
580 1961 693 1996 Creta
713 1958 903 2008 Ephesum
932 1957 1071 1992 Fabius
1101 1956 1236 1992 rediit:
1270 1955 1355 1991 inde
1384 1956 1452 1991 tri-

340 2028 410 2064 bus
439 2027 598 2064 navibus
633 2026 671 2062 in
694 2024 868 2060 'l'hraciae
898 2034 1002 2058 oram
1032 2021 1169 2063 missis,
1204 2020 1251 2055 ab
1280 2019 1386 2056 AEno
1416 2027 1454 2056 et

341 2091 530 2129 Maronea
550 2089 721 2141 praesidia
735 2087 917 2124 Antiochi
935 2085 1065 2122 deduci
1081 2083 1211 2135 jussit,
1231 2090 1270 2119 ut
1286 2083 1324 2120 in
1341 2083 1456 2120 liber-

343 2163 421 2194 tate
442 2168 494 2191 eae
515 2155 684 2192 civitates
706 2159 841 2190 essent.
