1546 2648
293 157 346 199 16
739 170 785 199 T.
808 171 942 202 mvn

87 249 184 325 ἕξ·
201 257 274 284 ⁵⁶2·
288 257 498 302 Nicandro,
519 257 608 295 dum
635 258 845 296 moliuntur
869 273 892 295 a
919 266 1033 303 terra,
1054 265 1197 311 captae:
1229 259 1395 310 quinque

121 313 131 325 ⁸
176 316 183 324 ”
202 302 436 359 1⁹0'tantum
455 322 617 360 Rhodiae
637 336 749 360 naves
778 337 862 359 cum
892 324 1034 360 duabus
1056 325 1146 361 Cois
1166 324 1392 372 effugerunt,

282 393 427 423 terrore
446 387 605 423 flammae
634 387 807 423 micantis
828 388 888 422 via
907 386 977 423 sibi
998 388 1096 423 inter
1115 387 1304 423 confertas
1324 399 1393 423 na·

282 463 344 486 ves
364 452 485 488 facta:
518 452 640 487 contis
662 452 762 487 enim
785 451 884 487 binis
907 464 930 486 a
955 464 1066 501 prora
1088 451 1392 502 prominentibus

280 514 403 551 trullis
424 515 553 552 ferreis
574 515 732 551 multum
754 522 980 565 conceptum
999 517 1126 564 ignem
1150 528 1225 564 prae
1245 528 1284 550 se
1304 528 1393 565 por-

279 578 426 615 tabant.
482 579 692 628 Erythraeae
722 579 906 621 triremes,
933 592 1049 627 quum
1077 579 1177 615 haud
1209 579 1341 630 procul
1370 591 1394 614 a

280 643 395 678 Samo
421 642 583 678 Rhodiis
611 642 784 685 navibus,
817 643 951 691 quibus
981 650 1022 679 ut
1048 651 1174 680 essent
1202 645 1391 694 praesidio,

277 705 494 749 veniebant,
513 706 633 742 obviae
653 705 886 754 fugientibus
907 706 1083 749 fuissent,
1104 707 1143 742 iu
1161 707 1392 756 Hellespon-

277 777 359 806 tum
393 771 439 807 ad
470 770 668 806 Romanos
702 783 852 806 cursum
889 776 1118 806 averterunt.
1177 771 1253 807 Sub
1292 771 1391 807 idem

276 839 427 886 tempus
449 834 626 871 Seleucus
647 835 835 885 proditam
854 835 1072 877 Phocaeam,
1093 841 1204 885 porta
1229 847 1302 870 una
1323 846 1389 884 per

276 899 451 934 custodes
471 905 615 948 aperta,
636 899 798 948 recepit3
831 905 868 935 et
889 899 1006 947 Cyme
1035 897 1192 947 aliaeque
1220 897 1390 948 ejusdem

274 974 351 998 orae
372 962 481 998 urbes
501 962 547 998 ad
567 975 651 998 eum
672 970 774 998 metu
793 962 1024 998 defecerunt.

327 1026 424 1062 XII.
444 1026 547 1062 Dum
564 1027 644 1062 haec
661 1027 699 1062 in
716 1026 871 1063 AEolide
886 1033 1082 1075 geruntur,
1098 1025 1255 1075 Abydus
1272 1038 1387 1074 quum

271 1103 340 1140 per
368 1090 513 1140 aliquot
539 1091 616 1126 dies
638 1091 876 1127 obsidionem
897 1091 1109 1132 tolerasset,
1130 1090 1307 1140 praesidio
1327 1102 1386 1125 re-

273 1155 337 1203 gio
358 1161 506 1191 tutante
523 1154 770 1204 moenia,jam
786 1154 961 1190 munibus
981 1154 1104 1196 fessis,
1121 1152 1275 1189 Philota
1291 1165 1386 1202 quo-

272 1232 345 1268 que
374 1221 555 1270 praefecto
585 1220 748 1270 praesidii
776 1220 1034 1270 permittente,
1055 1219 1298 1268 magistratus
1319 1231 1384 1254 eo-

270 1297 353 1320 rum
369 1297 454 1320 cnm
473 1285 585 1320 Livio
601 1285 646 1320 de
666 1284 949 1320 conditionibus
970 1284 1160 1320 tradendae
1179 1282 1279 1318 urbis
1295 1295 1384 1331 age-

270 1347 384 1384 bant:
415 1360 494 1384 rem
521 1347 739 1391 distinebat‚
761 1348 876 1396 quod,
898 1354 1022 1383 utrum
1043 1348 1192 1390 armati,
1213 1360 1262 1383 an
1282 1347 1382 1382 iner-

269 1424 363 1456 mes,
384 1413 647 1449 emitterentur
673 1413 781 1461 regii,
803 1424 935 1462 parum
967 1412 1229 1448 conveniebat.
1286 1410 1382 1448 Haec

269 1477 468 1524 agentibus
503 1489 617 1525 quum
651 1476 915 1512 intervenisset
950 1476 1107 1511 nuncius
1141 1475 1381 1512 Rhodiorum

268 1540 396 1583 cladis,
428 1541 565 1576 emissa
596 1539 642 1576 de
674 1539 847 1576 manibus
878 1552 936 1575 res
967 1547 1046 1575 est:
1079 1545 1250 1575 metuens
1279 1539 1380 1575 enim

267 1603 415 1646 Livius,
449 1616 498 1640 ne
531 1615 707 1639 successu
739 1609 856 1638 tantae
890 1603 942 1638 rei
975 1602 1094 1639 elatus
1128 1602 1380 1651 Polyxenidas

269 1668 441 1711 classem,
462 1681 545 1718 quae
574 1668 620 1704 ad
639 1668 764 1703 Canas
785 1673 879 1710 erat,
900 1666 1144 1716 obprimeret,
1164 1667 1288 1716 Abydi
1309 1666 1378 1703 ob-

267 1733 414 1768 sidione
448 1732 693 1781 custodiaque
727 1731 969 1781 Hellesponti
1007 1730 1197 1781 extemplo
1231 1730 1376 1773 relicta,

265 1811 394 1842 naves,
415 1811 497 1848 quae
519 1798 714 1835 subductae
735 1798 850 1834 Canis
871 1804 992 1839 erant,
1013 1797 1180 1833 deduxit.
1226 1796 1280 1833 Et
1297 1797 1378 1833 Eu-

262 1875 391 1900 menes
420 1862 565 1900 Elaeam
597 1863 713 1899 venit.
768 1862 899 1899 Livius
927 1863 1030 1897 omni
1065 1861 1197 1905 classe,
1224 1862 1284 1898 cui
1309 1861 1375 1898 ad-

255 1927 441 1978 junxerat
461 1929 629 1964 triremes
649 1928 740 1964 duas
759 1927 1014 1977 Mitylenaeas,
1034 1926 1235 1963 Phocaeam
1254 1927 1371 1976 petit:

262 2005 376 2041 quam
400 2006 516 2042 quum
548 1993 668 2029 teneri
697 1992 821 2029 valido
848 1992 953 2040 regio
987 1991 1163 2041 praesidio
1193 1990 1372 2034 audisset,

260 2069 331 2093 nec
357 2056 489 2107 procul
510 2056 657 2093 Seleuci
678 2062 802 2093 castra
821 2068 925 2101 esse3
958 2054 1208 2106 depopulatus
1229 2054 1374 2090 mariti·

259 2133 360 2157 mam
386 2133 507 2164 oram,
529 2128 567 2157 et
591 2121 716 2171 praeda
750 2121 913 2157 maxime
938 2120 1137 2156 hominum
1166 2119 1302 2168 raptim
1334 2118 1374 2154 in

258 2197 372 2220 naves
393 2185 573 2234 inposita,
595 2191 743 2220 tantum
765 2191 947 2227 moratus,
969 2183 1058 2219 dum
1078 2182 1268 2219 Eumenes
1285 2193 1372 2218 cum

63 2257 204 2289 Rhodio*
258 2248 377 2285 classe
396 2249 678 2298 adsequeretur,
701 2248 854 2285 Samum
880 2254 1008 2298 petere
1028 2247 1204 2284 intendit.
1260 2245 1370 2282 Rho-

61 2311 137 2377 ζὲζῃ
153 2301 223 2334 ¹¹¹⁶·
257 2313 327 2351 diis
346 2313 471 2366 primo
490 2313 619 2350 audita
643 2311 767 2350 clades
796 2310 908 2351 simul
933 2324 1125 2366 pavorem,
1150 2309 1262 2348 simul
1291 2308 1371 2346 luc.
