1546 2648
133 219 176 250 U.
190 218 225 249 C.
241 223 315 251 ⁵66.

133 264 172 294 A.
186 262 224 294 C.
243 267 316 294 186.

143 1892 290 1922 Innotes-

143 1940 225 1965 cunt
240 1934 274 1964 P.

144 1977 271 2007 AEbutii

143 2029 251 2059 opera.

328 113 409 156 162
779 121 824 150 τ.
847 121 982 152 mvn

325 230 408 261 tum
425 222 537 260 nobis
565 221 819 260 eruditissima
836 223 1006 260 omnium
1025 234 1117 272 gens
1143 221 1302 266 invexit,
1322 221 1436 259 sacri-

326 287 459 325 ficulus
478 293 517 324 et
534 293 638 324 vates
655 301 662 323 :
693 300 763 324 nec
783 288 828 331 is,
850 289 914 338 qui
933 294 1063 338 aperta
1078 287 1276 337 religione,
1297 298 1436 336 propa-

325 351 402 389 lam
431 357 469 388 et
487 357 672 400 quaestum
700 357 738 387 et
763 351 1000 402 disciplinam
1029 351 1258 402 profitendo,
1290 349 1436 386 animos

325 417 484 453 horrore
510 415 697 459 inbueret,
731 416 796 452 sed
825 416 1063 453 occultorum
1093 424 1131 452 et
1162 422 1441 452 nocturnorum

328 480 485 517 antistes
505 492 709 516 sacrorum.
767 479 883 516 Initia
910 486 1032 525 erant,
1054 494 1136 530 quae
1155 481 1282 531 primo
1309 476 1442 527 paucis

326 543 468 580 tradita
497 549 608 579 sunt:
640 543 775 580 deinde
805 543 953 592 vulgari
982 550 1110 594 coepta
1138 549 1227 580 sunt
1253 555 1322 593 per
1341 541 1442 578 viros

327 606 578 655 mulieresque
594 620 601 642 :
624 606 761 643 additae
777 606 991 657 voluptates
1007 607 1184 660 religioni
1201 606 1279 643 vini
1299 613 1336 642 et
1352 617 1445 656 epu-

327 671 463 714 larum,
488 683 563 720 quo
589 670 755 721 plurium
781 671 898 706 animi
921 670 1179 707 inficerentur.
1236 670 1364 709 Quum
1388 668 1446 704 vi·

327 747 419 771 num
439 735 600 777 animos,
622 740 660 770 et
688 746 766 770 nox
790 739 829 770 et
857 734 967 770 mixti
986 733 1137 770 feminis
1163 745 1301 776 mares,
1323 731 1446 768 aetatis

328 803 469 834 tenerae
491 797 715 847 majoribus,
737 797 941 834 discrimen
963 809 1077 833 omne
1101 796 1256 846 pudoris
1277 795 1447 833 exstinx-

328 862 448 898 issent
456 878 467 908 5
486 860 717 912 conruptelae
730 861 894 912 primum
907 862 1029 898 omnis
1040 862 1188 910 generis
1203 860 1283 897 fieri
1296 865 1447 910 coeptae,

329 923 445 976 quiim
468 926 515 962 ad
540 926 578 962 id
598 926 769 975 quisque,
791 938 866 974 quo
895 932 1033 962 natura
1060 925 1250 975 pronioris
1279 923 1449 961 libidinis

330 996 444 1034 esset,
464 997 634 1040 paratam
655 989 890 1039 voluptatem
916 988 1085 1026 haberet.
1141 988 1227 1025 Nec
1247 1000 1364 1024 unum
1383 999 1450 1037 ge-

330 1055 412 1091 nus'
432 1067 557 1098 noxae,
588 1060 719 1104 stupra
755 1053 973 1102 promiscua
1003 1053 1256 1102 ingenuorum
1284 1052 1447 1088 femina-

331 1131 504 1167 rumque,
525 1125 655 1154 erant:
690 1118 753 1153 sed
773 1117 859 1153 falsi
886 1123 1017 1160 testes,
1034 1116 1131 1153 falsa
1151 1117 1261 1166 signa
1278 1115 1452 1152 testimo-

331 1183 471 1231 niaque
487 1190 524 1218 et
545 1182 682 1218 indicia
696 1194 743 1218 ex
762 1181 893 1218 eadem
909 1181 1061 1217 officina
1079 1179 1248 1217 exibant.
1291 1178 1452 1216 Venena

331 1245 500 1282 indidem
520 1246 784 1294 intestinaeque
803 1244 922 1282 caedes
938 1259 946 1279 ε
978 1244 1034 1280 ita
1050 1250 1093 1280 ut
1116 1255 1164 1279 ne
1183 1254 1345 1292 corpora
1363 1241 1451 1291 qui-

334 1309 419 1346 dem
440 1309 629 1345 interdum
657 1309 702 1345 ad
723 1308 954 1358 sepulturam
975 1313 1181 1343 exstarent.
1235 1304 1365 1342 Multa
1383 1305 1453 1341 do-

333 1372 386 1417 lo,
417 1374 596 1424 pleraque
629 1387 694 1425 per
725 1375 801 1410 vim
834 1373 1093 1410 audebantur:
1126 1371 1328 1408 occulebat
1359 1371 1450 1414 vim,

335 1439 436 1487 quod
452 1452 529 1489 prae
546 1438 765 1481 ululatibus,
782 1445 1125 1488 tympanorumque
1138 1442 1176 1472 et
1192 1435 1454 1485 cymbalorum

335 1505 510 1554 strepitu,
526 1503 630 1540 nulla
646 1517 719 1540 vox
734 1504 996 1553 quiritantium
1012 1503 1112 1539 inter
1128 1507 1259 1552 stupra
1278 1506 1316 1537 et
1333 1500 1452 1538 caeden

335 1568 505 1605 exaudiri
525 1574 689 1619 poterat.

389 1633 464 1670 IX.
494 1632 622 1683 Hujus
648 1631 739 1669 mali
767 1631 871 1668 labes
892 1644 939 1668 ex
966 1630 1123 1667 Etruria
1149 1629 1332 1672 Romam,
1351 1626 1456 1664 velut

335 1697 571 1745 contagione
599 1696 737 1739 morbi,
766 1695 1001 1746 penetravit:
1034 1693 1158 1743 primo
1178 1692 1280 1728 urbis
1307 1690 1456 1740 magni·

336 1760 430 1796 tudo
451 1761 627 1811 capacior
646 1760 926 1810 patientiorque
943 1758 1076 1794 talium
1089 1756 1276 1792 malorum
1292 1768 1337 1791 ea
1356 1754 1457 1791 cela-

336 1825 414 1861 vit:
447 1825 600 1861 tandem
620 1824 799 1860 indicium
827 1823 902 1860 hoc
921 1823 1085 1860 maxime
1112 1820 1227 1857 modo
1247 1819 1294 1856 ad
1314 1818 1458 1855 Postu-

338 1888 454 1924 mium
476 1887 669 1924 consulem
695 1888 877 1938 pervenit.
934 1886 978 1923 P.
992 1885 1189 1927 AEbutius‚
1211 1882 1317 1933 cujus
1349 1887 1459 1932 pater

338 1953 492 2003 publico
508 1966 605 2002 equo
621 1952 810 2003 stipendia
821 1951 976 1994 fecerat,
990 1949 1156 2001 pupillus
1169 1947 1337 1989 relicum,
1354 1957 1458 1982 mor-

338 2018 414 2053 tuis
434 2018 569 2054 deinde
598 2016 802 2060 tutoribus,
823 2015 892 2052 sub
919 2013 1039 2051 tutela
1057 2012 1241 2049 Duroniae
1268 2010 1398 2046 matris
1419 2014 1458 2045 et

338 2082 461 2118 vitrici
481 2082 527 2118 T.
542 2082 755 2132 Sempronii
774 2079 900 2116 Rutili
916 2079 1010 2116 educ
1020 2085 1103 2114 atus
1119 2076 1254 2112 fuerat.
1310 2073 1363 2110 Et
1379 2085 1459 2110 ma·-

338 2151 397 2182 ter
416 2145 542 2182 dedita
573 2146 655 2182 viro
689 2152 791 2189 erat,
825 2151 863 2180 et
892 2143 1060 2185 vitricus,
1092 2141 1180 2190 quia
1208 2137 1368 2175 tutelam
1401 2137 1455 2173 ita

340 2215 520 2258 gesserat,
541 2215 583 2245 ut
612 2208 799 2246 rationem
827 2206 981 2243 reddere
1009 2217 1088 2241 non
1118 2208 1261 2254 posset,
1284 2207 1350 2238 aut
1371 2198 1457 2237 tolli

340 2272 540 2326 pupillum,
561 2280 626 2312 aut
646 2272 855 2312 obnoxium
876 2271 948 2309 sibi
966 2269 1116 2307 vinculo
1144 2267 1271 2318 aliquo
1291 2265 1372 2304 fieri
1392 2276 1457 2302 cu-

1514 0 1529 59 l

1510 65 1529 230 l
