1546 2648
0 330 7 378 ξ,

0 381 9 407 1².

0 416 5 438 ί

299 170 458 201 LIBER
481 167 688 199 xxxvn.
721 167 830 198 CAP.
853 167 1010 199 xvm.
1159 167 1213 214 23

101 261 229 300 elassis
244 261 285 299 in
300 267 414 313 portu
432 267 532 298 stare
544 266 687 311 posset,
698 271 814 309 quum
825 258 1123 311 respondissent,
1136 270 1215 296 non
1230 264 1272 296 U.
1285 263 1323 296 c.
1339 268 1413 298 ⁵6⁴2.

98 338 210 378 posse
225 342 236 373 ;
269 339 442 364 caussam
470 330 604 363 nactus
629 324 851 362 omittendae
880 323 950 368 rei,
971 322 1129 361 Samum
1156 336 1216 361 re·
1227 309 1269 340 A·
1283 308 1321 340 C·
1340 316 1418 342 ¹⁹⁰·

1230 363 1357 403 Repetit

101 391 207 429 duxit
225 404 354 429 naves,
1232 407 1386 438 Samum.

153 455 309 493 XVIII.
338 455 413 492 Per
441 455 541 492 idem
563 460 712 505 tempus
743 452 938 496 Seleucus,
959 451 1147 489 Antiochi
1176 453 1221 490 fi-

102 519 189 565 lius,
209 532 326 570 quum
345 533 412 571 per
431 533 544 557 omne
569 519 819 556 hibernorum
837 524 987 568 tempus
1011 517 1222 556 exercitum

100 584 142 622 in
160 583 315 622 AEolide
335 585 602 627 continuisset,
619 583 761 634 partim
780 582 892 619 sociis
913 581 1071 618 ferendo
1092 594 1220 632 opem,

99 649 254 700 partim,
284 661 378 700 quos
409 649 448 686 in
478 649 701 685 societatem
729 646 913 698 perlicere
941 658 1022 683 non
1050 652 1219 697 poterat,

98 712 389 764 depopulandis,
410 714 573 750 transire
600 713 638 748 in
659 711 753 748 fines
773 712 883 760 regni
908 711 1108 754 Eumenis,
1130 711 1221 747 dum

102 775 133 813 is
154 776 288 827 procul
308 777 355 815 ab
376 777 491 814 domo
511 789 597 814 cum
621 775 809 813 Romanis
835 781 875 812 et
899 774 1064 811 Rhodiis
1090 774 1220 825 Lyciae
1234 774 1391 826 Seleucus
1445 770 1451 776 ⁷

106 840 298 877 maritima
329 840 584 891 obpugnaret,
619 839 766 876 statuit.
822 838 883 875 Ad
916 838 1060 875 Elaeam
1097 840 1221 889 primo
1233 818 1441 901 ἒὲἓὲἓξᾚξξ

103 903 251 941 infestis
268 905 386 954 signis
403 905 585 941 accessit:
608 904 757 946 deinde,
775 904 917 940 omissa
932 903 1221 954 obpugnatione
1232 906 1410 947 obpugnat.

107 967 223 1012 urbis,
244 980 356 1018 agros
377 967 569 1005 hostiliter
588 967 854 1020 depopulatuS‚
876 968 922 1004 ad
942 973 1058 1018 caput
1077 979 1223 1005 arcem-

101 1044 176 1081 que
193 1033 301 1081 regni
320 1032 549 1082 Pergamum
573 1033 677 1069 ducit
696 1032 1009 1083 obpugnandum.
1065 1033 1220 1070 Attalus

101 1096 240 1146 primo,
262 1097 491 1133 stationibus
518 1102 607 1133 ante
634 1096 766 1133 urbem
792 1097 943 1147 positiS,
963 1102 1001 1134 et
1027 1098 1224 1134 excursio-

102 1158 215 1195 nibus
237 1159 405 1208 equitum
424 1159 593 1209 levisque
618 1166 832 1203 armaturae,
854 1161 974 1209 magis
994 1160 1220 1205 lacessebat,

103 1233 219 1272 quam
238 1222 465 1266 sustinebat,
487 1223 659 1260 hostem:
693 1230 900 1274 postremo,
923 1237 1053 1273 quum,
1073 1238 1141 1275 per
1166 1225 1221 1263 le-

102 1285 165 1322 via
185 1287 393 1323 certamina
412 1293 603 1337 expertuS,
624 1287 728 1324 nulla
751 1295 857 1338 parte
876 1289 1012 1325 virium
1033 1301 1072 1325 se
1092 1301 1222 1340 parem

103 1361 200 1393 esse,
220 1350 322 1386 intra
340 1350 483 1387 moenia
502 1362 541 1386 se
561 1352 778 1401 recepisset,
800 1351 964 1388 obsideri
986 1352 1073 1389 urbs
1095 1362 1223 1404 coepta

103 1420 174 1451 est.
228 1413 378 1450 Eodem
403 1414 522 1450 ferme
544 1420 717 1465 tempore
741 1421 779 1451 ct
797 1415 1028 1458 Antiochus,
1049 1416 1096 1453 ab
1116 1418 1221 1469 Apa-

105 1492 191 1517 mea
210 1480 418 1531 profectus,
440 1479 620 1517 Sardibus
641 1480 818 1530 primum,
841 1480 989 1523 deinde,
1009 1481 1110 1517 haud
1132 1495 1221 1532 pro=

104 1544 167 1581 cul
186 1544 334 1581 Seleuci
353 1546 501 1588 castris,
523 1545 570 1582 ad
589 1551 705 1596 caput
723 1543 830 1581 Caici
851 1545 972 1581 amnis
994 1546 1133 1582 stativa
1152 1548 1221 1584 ha-

106 1608 205 1651 buit,
227 1621 313 1645 cum
332 1622 473 1658 magno
493 1610 662 1647 exercitu
682 1609 803 1646 mixto
823 1610 934 1646 variis
959 1623 1005 1647 ex
1031 1612 1223 1659 gentibus.

107 1672 321 1711 Plurimum
349 1675 503 1711 terroris
533 1676 573 1711 in
599 1674 798 1711 Gallorum
826 1675 997 1712 mercede
1024 1676 1221 1713 conductis

106 1742 273 1789 quatuor
292 1737 459 1775 millibus
480 1745 580 1775 crat:
603 1739 688 1782 hos,
708 1739 838 1789 paucis
860 1738 1051 1781 admixtis,
1072 1739 1118 1776 ad
1136 1742 1242 1790 per-²

106 1801 332 1838 vastandum
351 1803 493 1853 passim
512 1803 792 1852 Pergamenum
811 1815 943 1852 agrum
965 1804 1078 1841 misit,
1125 1805 1222 1844 Qum

106 1871 308 1917 postquam
338 1867 493 1905 Samum
522 1876 611 1904 sunt
640 1869 835 1910 nunciata,
863 1870 986 1918 primo
1014 1869 1223 1912 Eumenes,

110 1936 289 1968 avocatus
315 1931 525 1968 domestico
554 1931 671 1975 bello,
692 1945 778 1969 cum
799 1933 917 1969 classe
936 1933 1082 1970 Elaeam
1101 1934 1222 1985 petits

109 1993 211 2037 inde,
232 2007 347 2044 quum
376 2002 518 2045 praesto
541 1995 703 2033 fuissent
722 1998 866 2046 equites
895 1997 1139 2047 peditumque
1159 2011 1226 2035 exe

110 2057 244 2108 pediti,
265 2059 441 2108 praesidio
462 2072 594 2097 eorum
613 2066 732 2104 tutus,
752 2061 971 2110 priusquam
991 2061 1119 2097 hostes
1140 2074 1225 2099 sen-

110 2121 242 2165 tirent,
272 2129 339 2160 aut
366 2131 624 2169 moverentur,
654 2125 882 2175 Pergamum
911 2126 1132 2162 contendit:
1172 2126 1227 2163 ibi

113 2197 242 2224 rursus
262 2185 359 2223 levia
377 2201 444 2239 per
464 2190 706 2226 excursiones
733 2190 868 2241 proelia
888 2190 968 2229 fieri
987 2196 1128 2241 coepta,
1148 2190 1229 2228 Eu-

114 2260 225 2287 mene
252 2261 407 2290 summae
425 2252 480 2289 rei
500 2252 702 2291 discrimen
726 2254 826 2293 haud
846 2254 960 2291 dubie
979 2254 1228 2292 detractante.

112 2310 261 2352 Paucos
281 2321 372 2366 post
386 2315 464 2355 dies
482 2316 663 2356 Romana
676 2317 907 2370 Rhodiaque
923 2317 1066 2363 classis,
1085 2324 1127 2356 ut
1145 2319 1226 2367 regi
