1546 2648
351 190 507 220 LIBER
529 189 710 219 xxxlx.
727 188 851 218 -cAP.
875 190 945 219 1v.
1132 191 1209 236 157

98 277 221 317 hunus
240 277 375 329 plebis,
396 279 428 314 si
450 278 540 328 quid
567 277 613 314 de
641 290 686 314 ea
707 289 747 314 re
766 282 855 314 ante
879 277 936 316 M.
950 278 1098 316 AEmilii
1119 293 1211 317 con·
1224 291 1265 323 U.
1280 291 1317 322 c,
1332 296 1404 323 565.

98 342 188 379 sulis
205 342 406 379 adventum
422 342 700 384 decerneretur,
717 342 1009 378 intercessurum
1029 355 1068 379 se
1083 351 1212 381 osten·
1223 336 1264 366 Λ·
1277 335 1315 366 C·
1332 340 1406 370 ¹⁸⁷·

95 407 174 443 dit:
193 396 285 443 *eam
306 407 552 443 contradicere
568 407 672 448 velle,
690 407 1038 455 proficiscentemque
1064 409 1099 443 in
1124 422 1212 457 pro-

92 472 249 507 vinciam
268 472 322 506 ita
338 471 404 506 sibi
423 471 620 513 mandasse,
641 475 683 506 ut
710 482 753 506 ea
778 472 989 519 disceptatio
1007 473 1148 519 integra
1175 474 1213 510 in

93 537 286 572 adventum
313 548 417 572 suum
444 540 657 572 servaretur.
714 536 879 572 Fulvium
902 538 1070 584 temporis
1086 536 1212 583 jactu-

90 611 171 637 roem
180 599 333 649 facere:
360 605 523 636 senatum
539 602 647 636 etiam
663 605 836 648 proesente
855 602 1009 643 consule,
1027 603 1121 650 quod
1140 603 1212 638 vel-

92 664 155 707 let,
175 664 412 700 decreturum.
458 662 516 700 M.
531 662 686 699 Fulvius
703 677 710 699 :
744 663 786 699 Si
805 669 870 699 aut
886 665 1051 700 simultas
1068 666 1124 701 M.
1137 665 1211 702 AE-

93 727 187 763 milii
205 739 323 763 secum
343 729 466 774 ignota
486 727 682 763 hominibus
697 732 796 769 esset,
815 732 880 763 aut
899 739 1007 775 quarn
1022 730 1052 763 is
1066 740 1125 764 eas
1142 729 1211 765 ini·

93 792 248 827 micitias
266 792 441 839 inpotenti
460 804 502 826 ac
525 803 639 839 prope
664 792 765 838 regia
786 792 841 826 ira
860 796 1037 827 exerceret
1049 807 1060 836 3
1094 797 1214 828 tamen

92 865 163 890 non
171 853 508 903 fuisseferendum,
529 854 702 890 absentem
722 855 900 889 consulem
919 859 955 889 et
968 855 1136 904 Deorum
1154 856 1213 892 in-

91 919 301 954 mortalium
321 918 444 954 honori
466 918 618 960 obstare,
640 923 675 954 et
700 919 869 953 meritum
900 918 1123 967 debitumque
1144 921 1212 956 tri-

93 982 267 1031 umphum-
299 984 458 1018 morari:
490 984 758 1030 imperatorem,
792 982 894 1018 rebus
922 984 1063 1030 egregie
1087 985 1208 1031 gestis,

92 1048 330 1094 victoremque
344 1048 536 1083 exercitum
556 1058 634 1082 cum
652 1048 779 1093 praeda
799 1058 842 1081 ac
860 1047 1009 1094 captivis
1023 1052 1108 1083 ante
1123 1060 1211 1095 por-

95 1117 151 1149 tas
174 1117 284 1156 stare,
306 1114 418 1148 donec
439 1114 587 1155 consuli,
609 1113 651 1148 ob
677 1112 741 1148 hoc
765 1114 878 1160 ipsum
904 1115 1074 1155 moranti,
1095 1115 1214 1150 redire

95 1176 251 1212 Romam
279 1176 421 1212 libitum
453 1181 551 1212 esset.
614 1176 739 1211 Verum
774 1177 965 1220 enimvero,
1001 1189 1110 1225 quum
1141 1180 1214 1214 sint

93 1240 317 1276 nobilissimae
350 1240 417 1276 sibi
449 1253 528 1276 cum
563 1241 705 1276 consule
735 1241 945 1284 iniinicitiae,
981 1242 1068 1289 quid
1099 1242 1142 1277 ab
1172 1254 1212 1278 eo

93 1316 308 1352 quemquam
334 1316 438 1352 posse
466 1306 557 1352 aequi
585 1310 801 1352 exspectare,
823 1306 883 1352 qui
908 1316 975 1352 per
1001 1304 1209 1353 infrequen-

93 1370 180 1404 tiam
191 1367 330 1416 furtim
348 1369 689 1407 senatusconsultum
707 1367 859 1416 factum
881 1369 928 1404 ad
951 1370 1120 1405 cerarium
1146 1371 1208 1406 de-

93 1433 230 1474 tulerit,
251 1430 495 1467 Ambraciam
521 1444 599 1467 non
628 1431 744 1467 videri
772 1432 808 1467 vi
835 1437 1008 1481 captam3
1042 1445 1119 1481 quae
1143 1446 1209 1482 ag-

84 1509 174 1545 gere
205 1509 248 1533 ac
276 1498 386 1533 vineis
411 1496 618 1544 obpugnata
649 1498 715 1539 sit‚·
747 1496 818 1539 ubi,
854 1497 1011 1532 incensis
1034 1498 1209 1545 operibus,

92 1562 170 1597 alia
189 1562 232 1597 de
251 1563 388 1608 integro
403 1561 516 1610 facta
536 1563 608 1596 sint
615 1578 627 1604 ,-
658 1561 714 1596 ubi
732 1562 827 1597 circa
851 1573 971 1596 rriuros
994 1573 1105 1609 supra
1127 1563 1209 1599 sub-

95 1633 217 1675 terque
243 1631 376 1663 terram
404 1638 470 1674 per
496 1628 570 1662 (lies
601 1626 800 1674 quindecim
829 1631 1059 1674 pugnatum‚-
1098 1627 1159 1664 ubi
1187 1641 1211 1664 a

88 1693 212 1740 prima
231 1692 320 1733 luce,
341 1703 449 1739 quum
467 1689 548 1737 jam
576 1691 847 1726 transcendisset
872 1702 992 1726 muros
1015 1692 1129 1734 miles,
1150 1704 1210 1728 us-
1250 1741 1256 1745 V

91 1767 158 1804 que
176 1756 225 1791 ad
242 1761 376 1795 noctem
405 1756 466 1792 diu
491 1767 619 1803 anceps
644 1756 812 1803 proelium
834 1757 987 1791 tenuerit
996 1771 1010 1800 ς
1039 1756 1099 1792 ubi
1126 1756 1208 1804 plus

93 1821 167 1856 tria
184 1821 304 1858 millia
323 1820 476 1856 hostium
493 1822 565 1856 sint
581 1832 686 1856 coesa.
728 1820 817 1856 Jam
833 1820 875 1855 de
890 1820 1058 1856 Deorum
1075 1822 1209 1857 inmor-

93 1885 224 1921 talium
244 1886 397 1933 templis,
417 1886 578 1933 spoliatis
604 1886 639 1920 in
662 1889 771 1932 capta
790 1885 886 1927 urbe,
908 1886 1051 1932 qualern
1071 1886 1209 1921 calum-

90 1950 192 1986 niam
213 1951 263 1986 ad
284 1950 469 1998 ‚pontifices
493 1951 702 1985 adtulerit?
735 1950 816 1985 Nisi
833 1950 1097 1996 Syracusarum
1117 1954 1210 1986 cete-

90 2019 492 2062 rarumque-captarum
510 2016 713 2050 civitatium
733 2015 951 2049 ornamentis
965 2013 1086 2049 urbem
1105 2025 1208 2050 exor—

95 2080 179 2114 nari
185 2077 255 2126 fas
261 2078 396 2127 suerit,
417 2080 455 2115 in
473 2079 701 2115 Ambraciam
726 2090 833 2113 unam
854 2082 998 2125 captam
1016 2089 1086 2113 non
1104 2078 1209 2114 valu-

99 2142 167 2176 erit
186 2141 269 2177 belli
272 2140 345 2188 jus.
383 2142 437 2178 Se·
450 2148 484 2178 et
504 2143 634 2184 Patres
654 2143 870 2189 conscriptos
888 2146 1060 2183 orareget
1078 2141 1121 2177 ab
1139 2143 1209 2178 tri-

98 2204 200 2241 bunis
221 2210 356 2253 petere,
384 2218 428 2243 ne
458 2218 494 2245 se
519 2206 763 2255 superbissimo
790 2207 931 2243 inimico
961 2205 1116 2242 ludibrio
1141 2217 1211 2242 esse

91 2269 228 2307 sinant.

151 2330 199 2370 V.
228 2330 407 2383 Undique
434 2345 579 2379 omnes,
601 2333 666 2371 alii
692 2333 885 2386 deprecari
907 2331 1116 2376 tribunum,
1143 2330 1211 2369 alii
