1546 2648
339 174 491 204 unna
513 171 654 203 κων.
688 171 795 201 cAP.
818 171 988 201 xxxn.
1132 160 1212 212 461

109 263 287 303 Romana
307 267 533 317 quingentos
553 265 671 302 ferme
690 276 819 315 passus
846 263 892 300 ab
913 262 1005 299 urbe
1025 261 1213 306 abessent,
1229 261 1271 293 U·
1286 262 1323 294 C·
1341 268 1414 294 ³⁸4·

108 341 242 366 navem
275 330 507 372 conscendit,
541 335 579 366 et
607 328 762 365 flumine
787 325 967 363 Barbana
998 327 1151 375 navigat
1175 326 1216 363 in
1229 306 1321 337 A'C'
1342 311 1413 338 κη’

108 392 231 430 lacum
253 393 478 437 Labeatum,
504 393 606 430 velut
640 398 826 429 secretum
855 391 983 427 locum
1012 396 1143 441 petens
1171 390 1218 428 ad

107 457 425 504 consultandum3
457 458 536 502 sed,
571 464 612 494 ut
641 456 827 507 adparuit,
847 455 943 492 falsa
963 467 1028 506 spe
1057 455 1218 498 excitus,

107 521 377 559 Caravantium
414 522 585 564 fratrem,
622 520 749 558 multis
784 519 949 557 millibus
988 526 1220 556 armatorum

106 586 200 622 actis
221 599 266 623 ex
287 599 331 623 ea
349 587 520 636 regione,
540 587 579 622 in
600 598 711 635 quam
728 586 862 622 missus
883 590 977 628 erat,
995 583 1216 621 adventare:

106 649 170 698 qui
189 656 391 699 postquam
411 650 563 687 evanuit
585 661 728 692 rumor,
748 648 862 684 tertio
884 653 972 699 post
997 647 1057 684 die
1084 659 1220 683 navem

104 712 273 748 eamdem
293 713 458 749 secundo
478 713 580 749 amni
607 712 787 749 Scodram
803 711 975 748 demisit:
998 710 1220 761 praemissis-

105 787 177 824 que
196 777 359 819 nunciis,
382 782 422 811 ut
441 776 513 812 sibi
533 775 745 826 adpellandi
767 775 940 826 praetoris
965 780 1134 825 potestas
1153 772 1220 811 fie-

105 846 178 881 ret,
200 839 309 888 copia
327 838 444 882 facta,
465 840 505 875 in
525 845 648 875 castra
664 839 779 875 venit.
822 838 876 874 Et
891 838 1118 888 principium
1133 850 1218 874 ora·
1234 845 1371 875 Gentius

105 901 222 938 tionis
243 902 291 939 ab
312 902 554 939 accusatione
582 902 753 939 stultitiae
780 914 886 938 orsus
915 914 1006 944 suae,
1026 908 1220 952 postremo
1234 897 1267 919 ⁵⁸³
1282 888 1378 920 dedit.

107 965 154 1001 ad
172 978 301 1015 preces
328 966 578 1016 lacrimasque
604 965 757 1008 effusus,
778 964 938 1013 genibus
964 966 1137 1015 praetoris
1156 978 1219 1002 ac-

106 1027 250 1072 cidens,
282 1030 323 1067 in
352 1036 583 1080 potestatem
613 1042 693 1066 sese
726 1029 840 1066 dedit.
897 1028 1042 1073 Primo,
1075 1029 1220 1066 bonurn

107 1092 275 1128 animum
303 1093 444 1130 habere
470 1093 616 1144 jussus,
646 1093 693 1129 ad
719 1105 867 1129 coenam
887 1092 1001 1129 etiam
1020 1093 1217 1136 invitatus,

105 1155 145 1191 in
165 1156 296 1192 urbem
316 1155 362 1193 ad
382 1169 468 1193 suos
489 1157 613 1200 rediit,
635 1162 672 1193 et
692 1168 776 1192 cum
795 1162 958 1206 praetore
985 1169 1031 1193 eo
1060 1157 1119 1193 die
1146 1157 1218 1193 ho-

104 1219 262 1256 norifice
282 1226 340 1256 est
359 1220 555 1271 epulatus:
580 1220 714 1257 deinde
733 1221 773 1256 in
793 1220 1003 1257 custodiam
1023 1220 1067 1258 C.
1084 1221 1218 1258 Cassio

103 1283 260 1321 tribuno
293 1284 456 1321 militum
488 1285 665 1328 traditus,
697 1285 763 1321 vix
799 1285 1027 1334 gladiatorio
1060 1291 1217 1336 accepto

103 1348 233 1385 decem
264 1348 418 1386 talentis
451 1350 498 1387 ab
531 1362 621 1399 rege
652 1362 734 1393 rex,
769 1356 812 1386 ut
843 1351 883 1386 in
915 1362 998 1387 eam
1022 1349 1218 1387 fortunam

102 1413 298 1450 recideret.

156 1476 338 1514 XXXII.
381 1479 554 1524 Anicius,
593 1481 735 1519 Scodra
764 1486 931 1532 recepta,
963 1480 1061 1518 nihil
1092 1480 1210 1532 prius,

103 1553 217 1590 quam
235 1543 436 1590 requisitos
452 1544 645 1582 Petillium
662 1547 967 1597 Perpernamque
993 1545 1140 1595 legatos
1170 1545 1222 1582 adv

103 1620 142 1644 se
160 1608 259 1652 duci,
274 1607 390 1658 jussit
409 1625 416 1646 ε
448 1611 584 1661 quibus
605 1613 803 1668 splendpere
822 1626 892 1650 suo
911 1614 1103 1656 restitum,
1124 1612 1218 1649 Per-

98 1687 255 1725 pernam
285 1675 475 1727 extemplo
503 1677 622 1714 mittit
652 1679 698 1715 ad
719 1678 1093 1729 comprehendendos
1121 1677 1215 1713 ami·

103 1751 167 1776 cos
192 1746 449 1790 cognatosque
469 1741 566 1790 regis
583 1757 590 1778 :
625 1742 704 1791 qui,
725 1742 969 1785 Medeonem‚
985 1741 1215 1778 Labeatium

101 1799 225 1851 gentis
255 1803 398 1846 urbem,
422 1804 629 1854 profectus,
649 1806 825 1843 Etlevam
844 1818 1001 1843 uxorem
1022 1818 1107 1842 cum
1127 1803 1213 1841 filiis

102 1866 262 1906 duobus.
302 1867 527 1904 Scerdilaedo
563 1868 833 1920 Pleuratoque,
872 1877 910 1906 et
943 1869 1214 1906 Caravantium

100 1929 254 1967 fratrem
276 1931 457 1967 Scodram
483 1931 522 1968 in
542 1940 666 1970 castra
694 1935 862 1971 adduxit.
918 1934 1091 1977 Anicius,
1110 1932 1213 1970 bello

100 1993 232 2044 Illyrio
251 1995 353 2032 iutra
371 1996 531 2044 triginta
549 1997 627 2034 dies
648 1999 831 2048 perfecto,
849 1999 1029 2035 nuncium
1045 1997 1213 2034 victoriae

101 2057 331 2108 Perpernam
350 2059 516 2098 Romam
535 2062 662 2098 misit:
691 2070 729 2099 et
748 2070 835 2114 post
855 2063 932 2099 dies
952 2074 1092 2113 paucos
1109 2055 1214 2098 Gen-

104 2121 199 2157 tium
218 2134 344 2171 regem
363 2125 486 2174 ipsum
506 2138 591 2162 cum
611 2133 780 2177 parente,
801 2126 979 2177 conjuge,
1007 2139 1050 2163 ac
1069 2125 1212 2169 liberis,

104 2196 149 2221 ac
184 2184 315 2228 fratre,
353 2187 510 2237 aliisque
543 2190 777 2242 principibus
825 2191 1054 2241 Illyriorum.
1124 2190 1214 2227 Hoc

104 2260 222 2284 unum
252 2248 394 2286 bellum
429 2252 531 2301 prius
571 2261 842 2304 perpetratum,
881 2267 994 2305 quam
1030 2260 1212 2305 coeptum,

104 2309 241 2349 Romae
261 2313 430 2351 auditum
451 2322 519 2354 est.
570 2319 718 2357 Quibus
739 2319 868 2357 diebus
888 2319 970 2356 haec
989 2318 1212 2368 agebantur,

622 2380 662 2418 X
681 2383 704 2418 3
