<?xml version="1.0" encoding="UTF-8"?>
<!DOCTYPE html PUBLIC "-//W3C//DTD XHTML 1.0 Transitional//EN"
    "http://www.w3.org/TR/xhtml1/DTD/xhtml1-transitional.dtd">
<html xmlns="http://www.w3.org/1999/xhtml" xml:lang="en" lang="en">
 <head>
  <title>
</title>
<meta http-equiv="Content-Type" content="text/html;charset=utf-8" />
  <meta name='ocr-system' content='tesseract 3.04.00' />
  <meta name='ocr-capabilities' content='ocr_page ocr_carea ocr_par ocr_line ocrx_word'/>
</head>
<body>
  <div class='ocr_page' id='page_1' title='image "./historiarumquaes04livyuoft/historiarumquaes04livyuoft_0305.png"; bbox 0 0 1546 2648; ppageno 0'>
   <div class='ocr_carea' id='block_1_1' title="bbox 0 0 14 756">
    <p class='ocr_par' dir='ltr' id='par_1_1' title="bbox 0 0 14 756">
     <span class='ocr_line' id='line_1_1' title="bbox 0 0 14 756; textangle 90"><span class='ocrx_word' id='word_1_1' title='bbox 3 745 6 756; x_wconf 94' lang='lat'><em>-</em></span> <span class='ocrx_word' id='word_1_2' title='bbox 0 0 14 742; x_wconf 55' lang='lat' dir='ltr'>wm—</span> 
     </span>
    </p>
   </div>
   <div class='ocr_carea' id='block_1_2' title="bbox 406 142 1223 189">
    <p class='ocr_par' dir='ltr' id='par_1_2' title="bbox 406 142 1223 189">
     <span class='ocr_line' id='line_1_2' title="bbox 406 142 1223 189; baseline -0.007 -10"><span class='ocrx_word' id='word_1_3' title='bbox 406 149 560 179; x_wconf 74' lang='lat' dir='ltr'>LIBER</span> <span class='ocrx_word' id='word_1_4' title='bbox 584 147 688 177; x_wconf 75' lang='lat' dir='ltr'>xm.</span> <span class='ocrx_word' id='word_1_5' title='bbox 722 145 828 175; x_wconf 80' lang='lat' dir='ltr'>CAP.</span> <span class='ocrx_word' id='word_1_6' title='bbox 854 147 927 175; x_wconf 85' lang='lat' dir='ltr'>1x.</span> <span class='ocrx_word' id='word_1_7' title='bbox 1145 142 1223 189; x_wconf 85' lang='lat'>295</span> 
     </span>
    </p>
   </div>
   <div class='ocr_carea' id='block_1_3' title="bbox 117 233 1419 322">
    <p class='ocr_par' dir='ltr' id='par_1_3' title="bbox 117 233 1419 322">
     <span class='ocr_line' id='line_1_3' title="bbox 117 233 1419 318; baseline -0.007 -41"><span class='ocrx_word' id='word_1_8' title='bbox 117 247 202 277; x_wconf 85' lang='lat' dir='ltr'>sent</span> <span class='ocrx_word' id='word_1_9' title='bbox 224 255 230 276; x_wconf 92' lang='lat'>:</span> <span class='ocrx_word' id='word_1_10' title='bbox 264 246 303 276; x_wconf 85' lang='lat' dir='ltr'>et</span> <span class='ocrx_word' id='word_1_11' title='bbox 321 238 455 289; x_wconf 90' lang='lat' dir='ltr'>quibus</span> <span class='ocrx_word' id='word_1_12' title='bbox 477 238 611 287; x_wconf 81' lang='lat' dir='ltr'><strong>stirpes</strong></span> <span class='ocrx_word' id='word_1_13' title='bbox 631 235 791 278; x_wconf 86' lang='lat' dir='ltr'>deesset,</span> <span class='ocrx_word' id='word_1_14' title='bbox 812 247 925 283; x_wconf 86' lang='lat' dir='ltr'>quam</span> <span class='ocrx_word' id='word_1_15' title='bbox 954 233 1223 284; x_wconf 83' lang='lat' dir='ltr'>relinquerent,</span> <span class='ocrx_word' id='word_1_16' title='bbox 1237 243 1330 318; x_wconf 41' lang='lat' dir='ltr'>{mg</span> <span class='ocrx_word' id='word_1_17' title='bbox 1345 248 1419 278; x_wconf 82' lang='lat'>⁵7⁵·</span> 
     </span>
     <span class='ocr_line' id='line_1_4' title="bbox 1267 292 1417 322; baseline 0 -4"><span class='ocrx_word' id='word_1_18' title='bbox 1267 309 1274 318; x_wconf 93' lang='lat'>.</span> <span class='ocrx_word' id='word_1_19' title='bbox 1319 309 1327 318; x_wconf 90' lang='lat'><strong><em>.</em></strong></span> <span class='ocrx_word' id='word_1_20' title='bbox 1346 292 1417 322; x_wconf 83' lang='lat'>177.</span> 
     </span>
    </p>
   </div>
   <div class='ocr_carea' id='block_1_4' title="bbox 107 298 1245 2396">
    <p class='ocr_par' dir='ltr' id='par_1_4' title="bbox 107 298 1245 2396">
     <span class='ocr_line' id='line_1_5' title="bbox 118 298 1225 348; baseline -0.004 -8"><span class='ocrx_word' id='word_1_21' title='bbox 118 311 158 340; x_wconf 93' lang='lat' dir='ltr'>ut</span> <span class='ocrx_word' id='word_1_22' title='bbox 178 305 274 341; x_wconf 87' lang='lat' dir='ltr'>cives</span> <span class='ocrx_word' id='word_1_23' title='bbox 294 302 462 340; x_wconf 89' lang='lat' dir='ltr'>Romani</span> <span class='ocrx_word' id='word_1_24' title='bbox 481 301 633 338; x_wconf 86' lang='lat' dir='ltr'>fiebant.</span> <span class='ocrx_word' id='word_1_25' title='bbox 690 298 843 341; x_wconf 81' lang='lat' dir='ltr'>Postea,</span> <span class='ocrx_word' id='word_1_26' title='bbox 863 298 920 333; x_wconf 90' lang='lat' dir='ltr'>his</span> <span class='ocrx_word' id='word_1_27' title='bbox 952 310 1102 348; x_wconf 89' lang='lat' dir='ltr'>quoque</span> <span class='ocrx_word' id='word_1_28' title='bbox 1130 299 1225 336; x_wconf 90' lang='lat' dir='ltr'>ima-</span> 
     </span>
     <span class='ocr_line' id='line_1_6' title="bbox 116 362 1226 417; baseline -0.002 -14"><span class='ocrx_word' id='word_1_29' title='bbox 116 368 267 417; x_wconf 87' lang='lat' dir='ltr'>ginibus</span> <span class='ocrx_word' id='word_1_30' title='bbox 306 367 404 417; x_wconf 87' lang='lat' dir='ltr'>juris</span> <span class='ocrx_word' id='word_1_31' title='bbox 452 366 601 416; x_wconf 86' lang='lat' dir='ltr'>spretis,</span> <span class='ocrx_word' id='word_1_32' title='bbox 639 363 853 414; x_wconf 83' lang='lat' dir='ltr'>promiscue</span> <span class='ocrx_word' id='word_1_33' title='bbox 892 363 973 398; x_wconf 87' lang='lat' dir='ltr'>sine</span> <span class='ocrx_word' id='word_1_34' title='bbox 1009 362 1106 411; x_wconf 85' lang='lat' dir='ltr'>lege,</span> <span class='ocrx_word' id='word_1_35' title='bbox 1145 363 1226 401; x_wconf 85' lang='lat' dir='ltr'>sine</span> 
     </span>
     <span class='ocr_line' id='line_1_7' title="bbox 116 427 1228 482; baseline -0.003 -14"><span class='ocrx_word' id='word_1_36' title='bbox 116 434 246 482; x_wconf 83' lang='lat' dir='ltr'>stirpe,</span> <span class='ocrx_word' id='word_1_37' title='bbox 277 433 315 468; x_wconf 88' lang='lat' dir='ltr'>in</span> <span class='ocrx_word' id='word_1_38' title='bbox 348 432 539 468; x_wconf 85' lang='lat' dir='ltr'>civitatem</span> <span class='ocrx_word' id='word_1_39' title='bbox 570 428 786 466; x_wconf 82' lang='lat' dir='ltr'>Romanam</span> <span class='ocrx_word' id='word_1_40' title='bbox 807 439 873 477; x_wconf 89' lang='lat' dir='ltr'>per</span> <span class='ocrx_word' id='word_1_41' title='bbox 894 427 1159 476; x_wconf 79' lang='lat' dir='ltr'>migrationem</span> <span class='ocrx_word' id='word_1_42' title='bbox 1189 435 1228 465; x_wconf 92' lang='lat' dir='ltr'>et</span> 
     </span>
     <span class='ocr_line' id='line_1_8' title="bbox 116 491 1229 542; baseline -0.003 -10"><span class='ocrx_word' id='word_1_43' title='bbox 116 508 269 532; x_wconf 88' lang='lat' dir='ltr'>censum</span> <span class='ocrx_word' id='word_1_44' title='bbox 289 495 514 532; x_wconf 81' lang='lat' dir='ltr'>transibant.</span> <span class='ocrx_word' id='word_1_45' title='bbox 570 494 659 530; x_wconf 86' lang='lat' dir='ltr'>Haec</span> <span class='ocrx_word' id='word_1_46' title='bbox 676 504 721 528; x_wconf 83' lang='lat' dir='ltr'>ne</span> <span class='ocrx_word' id='word_1_47' title='bbox 736 497 862 540; x_wconf 84' lang='lat' dir='ltr'>postea</span> <span class='ocrx_word' id='word_1_48' title='bbox 875 492 1025 541; x_wconf 82' lang='lat' dir='ltr'>fierent,</span> <span class='ocrx_word' id='word_1_49' title='bbox 1046 491 1229 542; x_wconf 87' lang='lat' dir='ltr'>petebant</span> 
     </span>
     <span class='ocr_line' id='line_1_9' title="bbox 113 556 1230 609; baseline -0.002 -14"><span class='ocrx_word' id='word_1_50' title='bbox 113 559 244 609; x_wconf 87' lang='lat' dir='ltr'>legati,</span> <span class='ocrx_word' id='word_1_51' title='bbox 265 566 300 597; x_wconf 79' lang='lat' dir='ltr'>et</span> <span class='ocrx_word' id='word_1_52' title='bbox 327 565 369 597; x_wconf 82' lang='lat' dir='ltr'>ut</span> <span class='ocrx_word' id='word_1_53' title='bbox 389 561 508 596; x_wconf 81' lang='lat' dir='ltr'>redire</span> <span class='ocrx_word' id='word_1_54' title='bbox 528 561 563 595; x_wconf 81' lang='lat' dir='ltr'>in</span> <span class='ocrx_word' id='word_1_55' title='bbox 582 560 744 595; x_wconf 75' lang='lat' dir='ltr'>civitates</span> <span class='ocrx_word' id='word_1_56' title='bbox 763 556 931 604; x_wconf 76' lang='lat' dir='ltr'>juberent</span> <span class='ocrx_word' id='word_1_57' title='bbox 947 558 1082 603; x_wconf 80' lang='lat' dir='ltr'>socios,-</span> <span class='ocrx_word' id='word_1_58' title='bbox 1104 558 1230 594; x_wconf 76' lang='lat' dir='ltr'>deinde</span> 
     </span>
     <span class='ocr_line' id='line_1_10' title="bbox 114 623 1229 672; baseline -0.001 -13"><span class='ocrx_word' id='word_1_59' title='bbox 114 629 155 659; x_wconf 84' lang='lat' dir='ltr'>ut</span> <span class='ocrx_word' id='word_1_60' title='bbox 174 625 249 672; x_wconf 83' lang='lat' dir='ltr'>lege</span> <span class='ocrx_word' id='word_1_61' title='bbox 268 629 442 666; x_wconf 80' lang='lat' dir='ltr'>caverent,</span> <span class='ocrx_word' id='word_1_62' title='bbox 458 635 502 660; x_wconf 82' lang='lat' dir='ltr'>ne</span> <span class='ocrx_word' id='word_1_63' title='bbox 520 624 596 671; x_wconf 76' lang='lat' dir='ltr'>quis</span> <span class='ocrx_word' id='word_1_64' title='bbox 615 635 718 671; x_wconf 82' lang='lat' dir='ltr'>quem</span> <span class='ocrx_word' id='word_1_65' title='bbox 734 623 890 659; x_wconf 68' lang='lat' dir='ltr'>civitatis</span> <span class='ocrx_word' id='word_1_66' title='bbox 908 623 1086 658; x_wconf 79' lang='lat' dir='ltr'>mutanclae</span> <span class='ocrx_word' id='word_1_67' title='bbox 1106 634 1229 659; x_wconf 79' lang='lat' dir='ltr'><em>caussa</em></span> 
     </span>
     <span class='ocr_line' id='line_1_11' title="bbox 111 686 1226 736; baseline -0.002 -12"><span class='ocrx_word' id='word_1_68' title='bbox 111 700 214 724; x_wconf 79' lang='lat' dir='ltr'>suum</span> <span class='ocrx_word' id='word_1_69' title='bbox 232 687 392 736; x_wconf 79' lang='lat' dir='ltr'>faceret,</span> <span class='ocrx_word' id='word_1_70' title='bbox 413 699 498 724; x_wconf 82' lang='lat' dir='ltr'>neve</span> <span class='ocrx_word' id='word_1_71' title='bbox 517 687 720 723; x_wconf 76' lang='lat' dir='ltr'>alienaret:</span> <span class='ocrx_word' id='word_1_72' title='bbox 748 692 796 730; x_wconf 77' lang='lat' dir='ltr'>et,</span> <span class='ocrx_word' id='word_1_73' title='bbox 825 687 856 722; x_wconf 82' lang='lat' dir='ltr'>sz&#39;</span> <span class='ocrx_word' id='word_1_74' title='bbox 884 687 1030 734; x_wconf 78' lang='lat' dir='ltr'>quisita</span> <span class='ocrx_word' id='word_1_75' title='bbox 1049 687 1133 722; x_wconf 77' lang='lat' dir='ltr'>civis</span> <span class='ocrx_word' id='word_1_76' title='bbox 1151 686 1226 723; x_wconf 83' lang='lat' dir='ltr'>Ro-</span> 
     </span>
     <span class='ocr_line' id='line_1_12' title="bbox 112 749 1199 801; baseline -0.002 -13"><span class='ocrx_word' id='word_1_77' title='bbox 112 752 376 801; x_wconf 77' lang='lat' dir='ltr'>manusfczctus</span> <span class='ocrx_word' id='word_1_78' title='bbox 395 757 480 789; x_wconf 76' lang='lat' dir='ltr'>esset</span> <span class='ocrx_word' id='word_1_79' title='bbox 509 752 532 774; x_wconf 69' lang='lat'>·*</span> <span class='ocrx_word' id='word_1_80' title='bbox 565 752 604 788; x_wconf 41' lang='grc' dir='ltr'>ἦ.</span> <span class='ocrx_word' id='word_1_81' title='bbox 660 751 757 788; x_wconf 84' lang='lat' dir='ltr'>Haec</span> <span class='ocrx_word' id='word_1_82' title='bbox 777 752 968 801; x_wconf 87' lang='lat' dir='ltr'>inpetrata</span> <span class='ocrx_word' id='word_1_83' title='bbox 986 749 1033 786; x_wconf 87' lang='lat' dir='ltr'>ab</span> <span class='ocrx_word' id='word_1_84' title='bbox 1054 757 1199 787; x_wconf 89' lang='lat' dir='ltr'>senatu.</span> 
     </span>
     <span class='ocr_line' id='line_1_13' title="bbox 166 813 1227 865; baseline -0.001 -14"><span class='ocrx_word' id='word_1_85' title='bbox 166 815 241 852; x_wconf 92' lang='lat' dir='ltr'>IX.</span> <span class='ocrx_word' id='word_1_86' title='bbox 270 816 482 853; x_wconf 85' lang='lat' dir='ltr'>Provinciae</span> <span class='ocrx_word' id='word_1_87' title='bbox 501 815 650 859; x_wconf 90' lang='lat' dir='ltr'>deinde,</span> <span class='ocrx_word' id='word_1_88' title='bbox 672 828 755 865; x_wconf 86' lang='lat' dir='ltr'>quae</span> <span class='ocrx_word' id='word_1_89' title='bbox 776 814 815 851; x_wconf 90' lang='lat' dir='ltr'>in</span> <span class='ocrx_word' id='word_1_90' title='bbox 833 813 935 851; x_wconf 90' lang='lat' dir='ltr'>bello</span> <span class='ocrx_word' id='word_1_91' title='bbox 956 819 1077 858; x_wconf 89' lang='lat' dir='ltr'>erant,</span> <span class='ocrx_word' id='word_1_92' title='bbox 1100 814 1227 851; x_wconf 83' lang='lat' dir='ltr'>Sardi-</span> 
     </span>
     <span class='ocr_line' id='line_1_14' title="bbox 112 878 1226 929; baseline -0.003 -12"><span class='ocrx_word' id='word_1_93' title='bbox 112 880 177 918; x_wconf 82' lang='lat' dir='ltr'>nia</span> <span class='ocrx_word' id='word_1_94' title='bbox 195 888 308 929; x_wconf 88' lang='lat' dir='ltr'>atque</span> <span class='ocrx_word' id='word_1_95' title='bbox 329 880 442 916; x_wconf 87' lang='lat' dir='ltr'>Istria</span> <span class='ocrx_word' id='word_1_96' title='bbox 462 880 634 916; x_wconf 83' lang='lat' dir='ltr'>decretae.</span> <span class='ocrx_word' id='word_1_97' title='bbox 692 879 739 916; x_wconf 93' lang='lat' dir='ltr'>In</span> <span class='ocrx_word' id='word_1_98' title='bbox 770 879 980 915; x_wconf 86' lang='lat' dir='ltr'>Sardiniam</span> <span class='ocrx_word' id='word_1_99' title='bbox 1006 878 1086 915; x_wconf 85' lang='lat' dir='ltr'>duae</span> <span class='ocrx_word' id='word_1_100' title='bbox 1105 878 1226 928; x_wconf 88' lang='lat' dir='ltr'>legio-</span> 
     </span>
     <span class='ocr_line' id='line_1_15' title="bbox 111 941 1227 994; baseline -0.001 -14"><span class='ocrx_word' id='word_1_101' title='bbox 111 955 178 980; x_wconf 89' lang='lat' dir='ltr'>nes</span> <span class='ocrx_word' id='word_1_102' title='bbox 198 943 312 980; x_wconf 85' lang='lat' dir='ltr'>scribi</span> <span class='ocrx_word' id='word_1_103' title='bbox 332 942 474 994; x_wconf 79' lang='lat' dir='ltr'>jussae3</span> <span class='ocrx_word' id='word_1_104' title='bbox 507 943 623 993; x_wconf 87' lang='lat' dir='ltr'>quina</span> <span class='ocrx_word' id='word_1_105' title='bbox 642 943 760 980; x_wconf 85' lang='lat' dir='ltr'>millia</span> <span class='ocrx_word' id='word_1_106' title='bbox 779 943 817 978; x_wconf 93' lang='lat' dir='ltr'>in</span> <span class='ocrx_word' id='word_1_107' title='bbox 847 941 1014 991; x_wconf 87' lang='lat' dir='ltr'>singulas</span> <span class='ocrx_word' id='word_1_108' title='bbox 1035 948 1074 978; x_wconf 90' lang='lat' dir='ltr'>et</span> <span class='ocrx_word' id='word_1_109' title='bbox 1091 942 1227 979; x_wconf 90' lang='lat' dir='ltr'>duceni</span> 
     </span>
     <span class='ocr_line' id='line_1_16' title="bbox 108 1006 1226 1058; baseline -0.002 -14"><span class='ocrx_word' id='word_1_110' title='bbox 108 1008 270 1058; x_wconf 87' lang='lat' dir='ltr'>pedites,</span> <span class='ocrx_word' id='word_1_111' title='bbox 299 1010 446 1045; x_wconf 88' lang='lat' dir='ltr'>treceni</span> <span class='ocrx_word' id='word_1_112' title='bbox 475 1008 645 1057; x_wconf 80' lang='lat' dir='ltr'>equites3</span> <span class='ocrx_word' id='word_1_113' title='bbox 679 1013 718 1044; x_wconf 86' lang='lat' dir='ltr'>et</span> <span class='ocrx_word' id='word_1_114' title='bbox 746 1006 945 1044; x_wconf 89' lang='lat' dir='ltr'>duodecim</span> <span class='ocrx_word' id='word_1_115' title='bbox 973 1006 1092 1042; x_wconf 84' lang='lat' dir='ltr'>millia</span> <span class='ocrx_word' id='word_1_116' title='bbox 1120 1007 1226 1056; x_wconf 86' lang='lat' dir='ltr'>pedi-</span> 
     </span>
     <span class='ocr_line' id='line_1_17' title="bbox 112 1071 1226 1120; baseline -0.002 -11"><span class='ocrx_word' id='word_1_117' title='bbox 112 1080 192 1109; x_wconf 91' lang='lat' dir='ltr'>tum</span> <span class='ocrx_word' id='word_1_118' title='bbox 223 1073 413 1109; x_wconf 84' lang='lat' dir='ltr'>sociorum</span> <span class='ocrx_word' id='word_1_119' title='bbox 439 1085 483 1109; x_wconf 91' lang='lat' dir='ltr'>ac</span> <span class='ocrx_word' id='word_1_120' title='bbox 502 1072 633 1109; x_wconf 83' lang='lat' dir='ltr'>Latini</span> <span class='ocrx_word' id='word_1_121' title='bbox 664 1072 845 1115; x_wconf 84' lang='lat' dir='ltr'>nominis,</span> <span class='ocrx_word' id='word_1_122' title='bbox 866 1077 903 1108; x_wconf 91' lang='lat' dir='ltr'>et</span> <span class='ocrx_word' id='word_1_123' title='bbox 932 1071 1101 1108; x_wconf 86' lang='lat' dir='ltr'>sexcenti</span> <span class='ocrx_word' id='word_1_124' title='bbox 1120 1072 1226 1120; x_wconf 89' lang='lat' dir='ltr'>equi-</span> 
     </span>
     <span class='ocr_line' id='line_1_18' title="bbox 112 1136 1228 1186; baseline 0 -14"><span class='ocrx_word' id='word_1_125' title='bbox 112 1144 183 1180; x_wconf 88' lang='lat' dir='ltr'>tes,</span> <span class='ocrx_word' id='word_1_126' title='bbox 205 1143 243 1173; x_wconf 91' lang='lat' dir='ltr'>et</span> <span class='ocrx_word' id='word_1_127' title='bbox 272 1137 401 1174; x_wconf 88' lang='lat' dir='ltr'>decem</span> <span class='ocrx_word' id='word_1_128' title='bbox 431 1138 719 1186; x_wconf 87' lang='lat' dir='ltr'>quinqueremes</span> <span class='ocrx_word' id='word_1_129' title='bbox 749 1149 878 1180; x_wconf 71' lang='lat' dir='ltr'>naveS,</span> <span class='ocrx_word' id='word_1_130' title='bbox 908 1137 939 1172; x_wconf 90' lang='lat' dir='ltr'>si</span> <span class='ocrx_word' id='word_1_131' title='bbox 968 1136 1151 1173; x_wconf 87' lang='lat' dir='ltr'>deducere</span> <span class='ocrx_word' id='word_1_132' title='bbox 1180 1149 1228 1173; x_wconf 81' lang='lat' dir='ltr'>ex</span> 
     </span>
     <span class='ocr_line' id='line_1_19' title="bbox 112 1201 1227 1252; baseline 0.001 -16"><span class='ocrx_word' id='word_1_133' title='bbox 112 1201 309 1237; x_wconf 86' lang='lat' dir='ltr'>navalibus</span> <span class='ocrx_word' id='word_1_134' title='bbox 330 1201 454 1237; x_wconf 89' lang='lat' dir='ltr'>vellet.</span> <span class='ocrx_word' id='word_1_135' title='bbox 510 1201 766 1238; x_wconf 89' lang='lat' dir='ltr'>Tantumdem</span> <span class='ocrx_word' id='word_1_136' title='bbox 794 1202 962 1252; x_wconf 88' lang='lat' dir='ltr'>peditum</span> <span class='ocrx_word' id='word_1_137' title='bbox 983 1202 1227 1250; x_wconf 85' lang='lat' dir='ltr'>equitumque</span> 
     </span>
     <span class='ocr_line' id='line_1_20' title="bbox 109 1265 1228 1315; baseline 0.001 -14"><span class='ocrx_word' id='word_1_138' title='bbox 109 1266 148 1301; x_wconf 88' lang='lat' dir='ltr'>in</span> <span class='ocrx_word' id='word_1_139' title='bbox 179 1265 346 1310; x_wconf 85' lang='lat' dir='ltr'>Istriam,</span> <span class='ocrx_word' id='word_1_140' title='bbox 367 1272 553 1315; x_wconf 89' lang='lat' dir='ltr'>quantum</span> <span class='ocrx_word' id='word_1_141' title='bbox 579 1267 620 1303; x_wconf 89' lang='lat' dir='ltr'>in</span> <span class='ocrx_word' id='word_1_142' title='bbox 653 1267 880 1310; x_wconf 87' lang='lat' dir='ltr'>Sardiniam,</span> <span class='ocrx_word' id='word_1_143' title='bbox 915 1266 1117 1302; x_wconf 88' lang='lat' dir='ltr'>decretum.</span> <span class='ocrx_word' id='word_1_144' title='bbox 1173 1265 1228 1303; x_wconf 90' lang='lat' dir='ltr'>Et</span> 
     </span>
     <span class='ocr_line' id='line_1_21' title="bbox 108 1329 1226 1380; baseline 0 -14"><span class='ocrx_word' id='word_1_145' title='bbox 108 1329 298 1378; x_wconf 86' lang='lat' dir='ltr'>legionem</span> <span class='ocrx_word' id='word_1_146' title='bbox 320 1343 433 1367; x_wconf 87' lang='lat' dir='ltr'>unam</span> <span class='ocrx_word' id='word_1_147' title='bbox 453 1343 538 1367; x_wconf 90' lang='lat' dir='ltr'>cum</span> <span class='ocrx_word' id='word_1_148' title='bbox 564 1330 755 1379; x_wconf 87' lang='lat' dir='ltr'>equitibus</span> <span class='ocrx_word' id='word_1_149' title='bbox 776 1331 970 1374; x_wconf 85' lang='lat' dir='ltr'>trecentis,</span> <span class='ocrx_word' id='word_1_150' title='bbox 1002 1336 1041 1366; x_wconf 91' lang='lat' dir='ltr'>et</span> <span class='ocrx_word' id='word_1_151' title='bbox 1060 1331 1226 1380; x_wconf 86' lang='lat' dir='ltr'>quinque</span> 
     </span>
     <span class='ocr_line' id='line_1_22' title="bbox 108 1393 1226 1445; baseline -0.002 -13"><span class='ocrx_word' id='word_1_152' title='bbox 108 1393 229 1432; x_wconf 86' lang='lat' dir='ltr'>millia</span> <span class='ocrx_word' id='word_1_153' title='bbox 254 1395 423 1445; x_wconf 90' lang='lat' dir='ltr'>peditum</span> <span class='ocrx_word' id='word_1_154' title='bbox 446 1395 650 1438; x_wconf 82' lang='lat' dir='ltr'>sociorum,</span> <span class='ocrx_word' id='word_1_155' title='bbox 673 1401 711 1430; x_wconf 94' lang='lat' dir='ltr'>et</span> <span class='ocrx_word' id='word_1_156' title='bbox 740 1394 922 1431; x_wconf 89' lang='lat' dir='ltr'>ducentos</span> <span class='ocrx_word' id='word_1_157' title='bbox 949 1396 1226 1444; x_wconf 83' lang='lat' dir='ltr'>quinquaginta</span> 
     </span>
     <span class='ocr_line' id='line_1_23' title="bbox 109 1459 1225 1511; baseline 0.001 -16"><span class='ocrx_word' id='word_1_158' title='bbox 109 1459 262 1495; x_wconf 89' lang='lat' dir='ltr'>mittere</span> <span class='ocrx_word' id='word_1_159' title='bbox 291 1461 435 1510; x_wconf 88' lang='lat' dir='ltr'>equites</span> <span class='ocrx_word' id='word_1_160' title='bbox 465 1461 505 1496; x_wconf 89' lang='lat' dir='ltr'>in</span> <span class='ocrx_word' id='word_1_161' title='bbox 528 1460 759 1511; x_wconf 87' lang='lat' dir='ltr'>Hispaniam</span> <span class='ocrx_word' id='word_1_162' title='bbox 788 1459 962 1496; x_wconf 87' lang='lat' dir='ltr'>consules</span> <span class='ocrx_word' id='word_1_163' title='bbox 983 1460 1030 1496; x_wconf 89' lang='lat' dir='ltr'>ad</span> <span class='ocrx_word' id='word_1_164' title='bbox 1047 1459 1104 1497; x_wconf 90' lang='lat' dir='ltr'>M.</span> <span class='ocrx_word' id='word_1_165' title='bbox 1124 1459 1225 1496; x_wconf 88' lang='lat' dir='ltr'>Titi-</span> 
     </span>
     <span class='ocr_line' id='line_1_24' title="bbox 109 1522 1225 1575; baseline 0.002 -17"><span class='ocrx_word' id='word_1_166' title='bbox 109 1522 216 1560; x_wconf 89' lang='lat' dir='ltr'>nium</span> <span class='ocrx_word' id='word_1_167' title='bbox 241 1522 353 1573; x_wconf 83' lang='lat' dir='ltr'>jussi.</span> <span class='ocrx_word' id='word_1_168' title='bbox 408 1524 635 1574; x_wconf 87' lang='lat' dir='ltr'>Priusquam</span> <span class='ocrx_word' id='word_1_169' title='bbox 665 1523 838 1561; x_wconf 89' lang='lat' dir='ltr'>consules</span> <span class='ocrx_word' id='word_1_170' title='bbox 867 1524 1080 1575; x_wconf 85' lang='lat' dir='ltr'>provincias</span> <span class='ocrx_word' id='word_1_171' title='bbox 1112 1525 1225 1560; x_wconf 87' lang='lat' dir='ltr'>sorti-</span> 
     </span>
     <span class='ocr_line' id='line_1_25' title="bbox 110 1588 1226 1640; baseline 0.004 -18"><span class='ocrx_word' id='word_1_172' title='bbox 110 1593 254 1630; x_wconf 86' lang='lat' dir='ltr'>rentur,</span> <span class='ocrx_word' id='word_1_173' title='bbox 284 1589 457 1638; x_wconf 77' lang='lat' dir='ltr'>prodigia</span> <span class='ocrx_word' id='word_1_174' title='bbox 484 1590 665 1626; x_wconf 87' lang='lat' dir='ltr'>nunciata</span> <span class='ocrx_word' id='word_1_175' title='bbox 693 1595 794 1627; x_wconf 87' lang='lat' dir='ltr'>sunt.</span> <span class='ocrx_word' id='word_1_176' title='bbox 848 1588 1034 1640; x_wconf 86' lang='lat' dir='ltr'>Lapidem</span> <span class='ocrx_word' id='word_1_177' title='bbox 1064 1589 1104 1625; x_wconf 88' lang='lat' dir='ltr'>in</span> <span class='ocrx_word' id='word_1_178' title='bbox 1133 1602 1226 1638; x_wconf 87' lang='lat' dir='ltr'>agro</span> 
     </span>
     <span class='ocr_line' id='line_1_26' title="bbox 112 1651 1225 1692; baseline 0.003 -5"><span class='ocrx_word' id='word_1_179' title='bbox 112 1651 358 1689; x_wconf 89' lang='lat' dir='ltr'>Crustumino</span> <span class='ocrx_word' id='word_1_180' title='bbox 401 1654 441 1690; x_wconf 90' lang='lat' dir='ltr'>in</span> <span class='ocrx_word' id='word_1_181' title='bbox 479 1653 603 1690; x_wconf 83' lang='lat' dir='ltr'>lacum</span> <span class='ocrx_word' id='word_1_182' title='bbox 639 1653 778 1689; x_wconf 69' lang='lat' dir='ltr'>Martis</span> <span class='ocrx_word' id='word_1_183' title='bbox 816 1654 862 1690; x_wconf 89' lang='lat' dir='ltr'>de</span> <span class='ocrx_word' id='word_1_184' title='bbox 899 1653 997 1690; x_wconf 91' lang='lat' dir='ltr'>coelo</span> <span class='ocrx_word' id='word_1_185' title='bbox 1035 1654 1225 1692; x_wconf 83' lang='lat' dir='ltr'>cecidisse.</span> 
     </span>
     <span class='ocr_line' id='line_1_27' title="bbox 108 1714 1245 1767; baseline 0.003 -16"><span class='ocrx_word' id='word_1_186' title='bbox 108 1714 274 1752; x_wconf 86' lang='lat' dir='ltr'>Puerum</span> <span class='ocrx_word' id='word_1_187' title='bbox 294 1717 420 1753; x_wconf 87' lang='lat' dir='ltr'>trunci</span> <span class='ocrx_word' id='word_1_188' title='bbox 445 1718 614 1767; x_wconf 87' lang='lat' dir='ltr'>corporis</span> <span class='ocrx_word' id='word_1_189' title='bbox 641 1718 680 1753; x_wconf 91' lang='lat' dir='ltr'>in</span> <span class='ocrx_word' id='word_1_190' title='bbox 701 1730 793 1767; x_wconf 87' lang='lat' dir='ltr'>agro</span> <span class='ocrx_word' id='word_1_191' title='bbox 822 1717 1002 1754; x_wconf 87' lang='lat' dir='ltr'>Romano</span> <span class='ocrx_word' id='word_1_192' title='bbox 1021 1724 1166 1761; x_wconf 84' lang='lat' dir='ltr'>natum,</span> <span class='ocrx_word' id='word_1_193' title='bbox 1187 1715 1245 1754; x_wconf 29' lang='lat' dir='ltr'>ets</span> 
     </span>
     <span class='ocr_line' id='line_1_28' title="bbox 107 1780 1223 1832; baseline 0.004 -17"><span class='ocrx_word' id='word_1_194' title='bbox 107 1780 386 1830; x_wconf 87' lang='lat' dir='ltr'>quadrupedem</span> <span class='ocrx_word' id='word_1_195' title='bbox 417 1795 580 1831; x_wconf 88' lang='lat' dir='ltr'>anguem</span> <span class='ocrx_word' id='word_1_196' title='bbox 608 1783 758 1819; x_wconf 87' lang='lat' dir='ltr'>visum:</span> <span class='ocrx_word' id='word_1_197' title='bbox 792 1788 830 1819; x_wconf 89' lang='lat' dir='ltr'>et</span> <span class='ocrx_word' id='word_1_198' title='bbox 860 1782 1001 1832; x_wconf 83' lang='lat' dir='ltr'>Capuae</span> <span class='ocrx_word' id='word_1_199' title='bbox 1032 1781 1152 1819; x_wconf 87' lang='lat' dir='ltr'>multa</span> <span class='ocrx_word' id='word_1_200' title='bbox 1184 1783 1223 1819; x_wconf 87' lang='lat' dir='ltr'>in</span> 
     </span>
     <span class='ocr_line' id='line_1_29' title="bbox 109 1843 1222 1884; baseline 0.004 -5"><span class='ocrx_word' id='word_1_201' title='bbox 109 1843 195 1880; x_wconf 87' lang='lat' dir='ltr'>foro</span> <span class='ocrx_word' id='word_1_202' title='bbox 215 1845 371 1882; x_wconf 85' lang='lat' dir='ltr'>aedificia</span> <span class='ocrx_word' id='word_1_203' title='bbox 391 1846 436 1883; x_wconf 92' lang='lat' dir='ltr'>de</span> <span class='ocrx_word' id='word_1_204' title='bbox 456 1846 554 1883; x_wconf 86' lang='lat' dir='ltr'>eoelo</span> <span class='ocrx_word' id='word_1_205' title='bbox 574 1853 678 1884; x_wconf 89' lang='lat' dir='ltr'>tacta</span> <span class='ocrx_word' id='word_1_206' title='bbox 695 1862 702 1884; x_wconf 77' lang='grc' dir='ltr'>ε</span> <span class='ocrx_word' id='word_1_207' title='bbox 736 1853 774 1883; x_wconf 90' lang='lat' dir='ltr'>et</span> <span class='ocrx_word' id='word_1_208' title='bbox 798 1846 968 1884; x_wconf 89' lang='lat' dir='ltr'>Puteolis</span> <span class='ocrx_word' id='word_1_209' title='bbox 998 1847 1090 1884; x_wconf 89' lang='lat' dir='ltr'>duas</span> <span class='ocrx_word' id='word_1_210' title='bbox 1109 1860 1222 1884; x_wconf 83' lang='lat' dir='ltr'>naves</span> 
     </span>
     <span class='ocr_line' id='line_1_30' title="bbox 107 1907 1223 1961; baseline 0.005 -18"><span class='ocrx_word' id='word_1_211' title='bbox 107 1907 276 1945; x_wconf 87' lang='lat' dir='ltr'>fulminis</span> <span class='ocrx_word' id='word_1_212' title='bbox 314 1911 392 1947; x_wconf 91' lang='lat' dir='ltr'>ictu</span> <span class='ocrx_word' id='word_1_213' title='bbox 430 1919 689 1949; x_wconf 83' lang='lat' dir='ltr'>concrematas</span> <span class='ocrx_word' id='word_1_214' title='bbox 728 1925 822 1950; x_wconf 84' lang='lat' dir='ltr'>esse.</span> <span class='ocrx_word' id='word_1_215' title='bbox 879 1912 987 1948; x_wconf 88' lang='lat' dir='ltr'>Inter</span> <span class='ocrx_word' id='word_1_216' title='bbox 1021 1913 1103 1949; x_wconf 89' lang='lat' dir='ltr'>haec</span> <span class='ocrx_word' id='word_1_217' title='bbox 1141 1925 1223 1961; x_wconf 80' lang='lat' dir='ltr'>quae</span> 
     </span>
     <span class='ocr_line' id='line_1_31' title="bbox 108 1973 1222 2025; baseline 0.004 -18"><span class='ocrx_word' id='word_1_218' title='bbox 108 1973 402 2018; x_wconf 82' lang='lat' dir='ltr'>nunciabantur,</span> <span class='ocrx_word' id='word_1_219' title='bbox 424 1975 533 2025; x_wconf 89' lang='lat' dir='ltr'>lupus</span> <span class='ocrx_word' id='word_1_220' title='bbox 555 1977 670 2013; x_wconf 82' lang='lat' dir='ltr'>etiam</span> <span class='ocrx_word' id='word_1_221' title='bbox 698 1976 835 2012; x_wconf 86' lang='lat' dir='ltr'>Romae</span> <span class='ocrx_word' id='word_1_222' title='bbox 855 1976 1021 2012; x_wconf 88' lang='lat' dir='ltr'>interdiu</span> <span class='ocrx_word' id='word_1_223' title='bbox 1041 1976 1222 2024; x_wconf 86' lang='lat' dir='ltr'>agitatus,</span> 
     </span>
     <span class='ocr_line' id='line_1_32' title="bbox 109 2037 1222 2091; baseline 0.005 -20"><span class='ocrx_word' id='word_1_224' title='bbox 109 2048 223 2084; x_wconf 88' lang='lat' dir='ltr'>quum</span> <span class='ocrx_word' id='word_1_225' title='bbox 244 2037 395 2075; x_wconf 87' lang='lat' dir='ltr'>Collina</span> <span class='ocrx_word' id='word_1_226' title='bbox 423 2046 535 2088; x_wconf 88' lang='lat' dir='ltr'>porta</span> <span class='ocrx_word' id='word_1_227' title='bbox 563 2040 755 2084; x_wconf 85' lang='lat' dir='ltr'>intrasset,</span> <span class='ocrx_word' id='word_1_228' title='bbox 776 2054 842 2091; x_wconf 89' lang='lat' dir='ltr'>per</span> <span class='ocrx_word' id='word_1_229' title='bbox 860 2040 1098 2090; x_wconf 89' lang='lat' dir='ltr'>Esquilinam</span> <span class='ocrx_word' id='word_1_230' title='bbox 1116 2053 1222 2090; x_wconf 81' lang='lat' dir='ltr'>mag-</span> 
     </span>
     <span class='ocr_line' id='line_1_33' title="bbox 110 2104 1221 2155; baseline 0.006 -20"><span class='ocrx_word' id='word_1_231' title='bbox 110 2111 161 2135; x_wconf 88' lang='lat' dir='ltr'>no</span> <span class='ocrx_word' id='word_1_232' title='bbox 181 2104 483 2140; x_wconf 87' lang='lat' dir='ltr'>consectantium</span> <span class='ocrx_word' id='word_1_233' title='bbox 503 2104 669 2140; x_wconf 87' lang='lat' dir='ltr'>tumultu</span> <span class='ocrx_word' id='word_1_234' title='bbox 690 2105 819 2142; x_wconf 86' lang='lat' dir='ltr'>evasit.</span> <span class='ocrx_word' id='word_1_235' title='bbox 859 2104 1004 2141; x_wconf 88' lang='lat' dir='ltr'>Eorum</span> <span class='ocrx_word' id='word_1_236' title='bbox 1019 2105 1221 2155; x_wconf 82' lang='lat' dir='ltr'>prodigio-</span> 
     </span>
     <span class='ocr_line' id='line_1_34' title="bbox 108 2168 1222 2219; baseline 0.006 -21"><span class='ocrx_word' id='word_1_237' title='bbox 108 2175 192 2199; x_wconf 92' lang='lat' dir='ltr'>rum</span> <span class='ocrx_word' id='word_1_238' title='bbox 212 2178 343 2203; x_wconf 85' lang='lat' dir='ltr'>caussa</span> <span class='ocrx_word' id='word_1_239' title='bbox 371 2168 544 2204; x_wconf 85' lang='lat' dir='ltr'>consules</span> <span class='ocrx_word' id='word_1_240' title='bbox 566 2169 729 2219; x_wconf 89' lang='lat' dir='ltr'>majores</span> <span class='ocrx_word' id='word_1_241' title='bbox 748 2169 893 2205; x_wconf 84' lang='lat' dir='ltr'>hostias</span> <span class='ocrx_word' id='word_1_242' title='bbox 915 2169 1162 2212; x_wconf 87' lang='lat' dir='ltr'>inmolarunt,</span> <span class='ocrx_word' id='word_1_243' title='bbox 1184 2176 1222 2206; x_wconf 92' lang='lat' dir='ltr'>et</span> 
     </span>
     <span class='ocr_line' id='line_1_35' title="bbox 111 2227 1221 2284; baseline 0.008 -23"><span class='ocrx_word' id='word_1_244' title='bbox 111 2227 207 2263; x_wconf 89' lang='lat' dir='ltr'>diem</span> <span class='ocrx_word' id='word_1_245' title='bbox 238 2242 353 2267; x_wconf 89' lang='lat' dir='ltr'>unum</span> <span class='ocrx_word' id='word_1_246' title='bbox 382 2233 482 2270; x_wconf 86' lang='lat' dir='ltr'>circa</span> <span class='ocrx_word' id='word_1_247' title='bbox 510 2235 638 2270; x_wconf 91' lang='lat' dir='ltr'>omnia</span> <span class='ocrx_word' id='word_1_248' title='bbox 659 2233 869 2284; x_wconf 88' lang='lat' dir='ltr'>pulvinaria</span> <span class='ocrx_word' id='word_1_249' title='bbox 888 2233 1115 2284; x_wconf 88' lang='lat' dir='ltr'>supplicatio</span> <span class='ocrx_word' id='word_1_250' title='bbox 1136 2233 1221 2271; x_wconf 85' lang='lat' dir='ltr'>fuit.</span> 
     </span>
     <span class='ocr_line' id='line_1_36' title="bbox 109 2290 1217 2348; baseline 0.006 -22"><span class='ocrx_word' id='word_1_251' title='bbox 109 2290 309 2330; x_wconf 79' lang='lat' dir='ltr'>sacrificiis</span> <span class='ocrx_word' id='word_1_252' title='bbox 347 2295 418 2332; x_wconf 86' lang='lat' dir='ltr'>rite</span> <span class='ocrx_word' id='word_1_253' title='bbox 453 2297 646 2347; x_wconf 81' lang='lat' dir='ltr'>perfectiS,</span> <span class='ocrx_word' id='word_1_254' title='bbox 688 2300 901 2348; x_wconf 80' lang='lat' dir='ltr'>provincias</span> <span class='ocrx_word' id='word_1_255' title='bbox 942 2300 1068 2336; x_wconf 89' lang='lat' dir='ltr'>sortiti</span> <span class='ocrx_word' id='word_1_256' title='bbox 1105 2307 1217 2336; x_wconf 85' lang='lat' dir='ltr'>sunt:</span> 
     </span>
     <span class='ocr_line' id='line_1_37' title="bbox 624 2361 702 2396; baseline 0 0"><span class='ocrx_word' id='word_1_257' title='bbox 624 2361 660 2396; x_wconf 89' lang='grc' dir='ltr'>Ο</span> <span class='ocrx_word' id='word_1_258' title='bbox 679 2362 702 2396; x_wconf 81' lang='grc'><strong><em>4</em></strong></span> 
     </span>
    </p>
   </div>
  </div>
 </body>
</html>
