1546 2648
317 173 470 203 LIBER
494 170 634 201 XLIV.
666 170 776 200 CAP.
798 171 942 200 xxlx.
1096 168 1178 215 457

73 261 262 306 Attalum,
282 268 348 299 aut
375 261 550 298 remissos
576 258 722 308 aliquos
743 258 790 294 ab
811 259 944 295 Attalo
977 271 1024 296 ex
1048 260 1180 296 castris
1195 264 1236 295 U.
1249 262 1285 294 C.
1301 269 1373 294 584.

74 327 261 364 Romanis
280 327 507 375 Pergamum
525 330 668 375 petere.
723 323 797 360 Sed
815 336 929 372 quum
941 322 1025 373 jam
1045 324 1181 375 adpro·
1193 308 1233 338 Α·
1248 307 1285 338 C·
1303 311 1375 337 ¹⁶⁸¹

74 392 339 442 pinquantium
368 390 493 426 forma
520 387 732 425 lemborum
758 387 860 424 haud
878 386 993 424 dubia
1011 396 1123 431 esset,
1145 395 1184 426 et

74 455 281 492 concitatio
300 466 505 496 remorum,
529 453 754 501 directaeque
779 452 819 487 in
839 464 878 487 se
897 464 1033 501 prorae,
1053 453 1181 489 hostes

73 518 373 569 adpropinquare
400 516 637 567 aperuissent
652 531 663 561 5
695 521 786 551 tunc
817 514 957 565 injecta
979 516 1182 566 trepidatio

71 588 143 624 est,
173 594 289 631 quum
316 579 515 617 resistendi
547 591 631 629 spes
660 578 766 615 nulla
802 585 913 621 esset,
948 579 1183 628 inhabilique

70 646 225 682 navium
250 658 401 694 genere,
425 651 463 680 et
485 643 605 680 Gallis
631 644 695 680 vix
723 644 889 692 quietem
914 642 1122 680 ferentibus
1142 644 1183 680 in

71 710 180 746 mari.
235 709 327 745 Pars
358 721 501 750 eorum,
529 707 593 756 qui
618 707 814 757 propiores
844 706 1057 742 continenti
1078 706 1183 745 litori

70 779 192 817 erant,
213 773 252 810 in
271 773 510 822 Erythraeam
536 778 718 807 enarunt:
751 783 852 821 parS,
885 770 974 806 velis
1002 770 1114 814 datis,
1135 771 1183 808 ad

72 837 211 873 Chium
229 850 342 874 naves
366 836 524 887 ejecere,
554 835 770 884 relictisque
797 835 916 884 equiS,
943 835 1060 872 effusa
1091 836 1183 885 fuga

71 901 202 937 urbem
222 901 415 952 petebant.
472 900 559 943 Sed,
580 900 734 950 propius
755 899 887 936 urbem
914 899 1030 936 lembi
1055 912 1182 937 acces-

70 977 188 1014 suque
207 966 464 1001 commodiore
480 977 596 1013 quum
613 964 877 1013 exposuissent
896 970 1075 1007 armatos,
1095 977 1183 1014 par-

69 1030 139 1065 tim
161 1029 200 1066 in
221 1030 282 1066 via
300 1029 488 1078 fugientes
509 1027 640 1065 Gallos
671 1028 797 1078 adepti
825 1027 1057 1064 Macedones
1084 1029 1183 1067 ceci-

70 1095 218 1136 derunt,
254 1094 389 1143 partim
427 1100 516 1129 ante
552 1099 703 1143 portam
738 1091 935 1129 exclusos:
968 1091 1183 1132 clauserant

68 1159 168 1194 enim
190 1158 276 1194 Chii
295 1164 458 1208 portam,
478 1158 615 1207 ignari,
646 1157 710 1206 qui
738 1157 928 1206 fugerent,
950 1164 1016 1194 aut
1047 1170 1182 1208 seque·

68 1227 211 1259 rentur.
268 1222 493 1270 Octingeuti
521 1221 640 1259 ferme
659 1221 856 1258 Gallorum
876 1222 1006 1265 occisi,
1025 1222 1181 1259 ducenti

67 1285 143 1321 vivi
173 1286 298 1336 capti:
332 1286 432 1334 equi,
464 1297 549 1335 pars
576 1286 617 1321 in
639 1285 747 1328 mari,
767 1284 896 1321 fractis
917 1285 1091 1329 navibus,
1111 1286 1180 1323 ab·

67 1349 207 1394 sumti3
239 1349 377 1400 partim
410 1361 544 1385 nervos
572 1348 816 1385 subciderunt
843 1349 883 1385 in
908 1348 1021 1385 litore
1045 1349 1179 1387 Mace-

67 1412 209 1450 dones:
241 1413 377 1461 viginti
406 1413 553 1449 eximiae
585 1425 701 1462 equos
738 1412 872 1449 formae
904 1426 990 1449 cum
1019 1415 1178 1464 captivis

67 1475 217 1513 eosdem
237 1475 366 1513 decem
387 1475 547 1520 lembos,
575 1489 669 1526 quos
697 1483 785 1513 ante
814 1477 982 1521 miserat,
1002 1478 1180 1515 Antenor

66 1539 249 1577 devehere
283 1539 599 1578 Thessalonicam
628 1539 760 1592 jussit,
793 1547 832 1577 et
867 1542 990 1593 primo
1027 1554 1178 1592 quoque

65 1608 236 1653 tempore
255 1603 302 1639 ad
321 1602 478 1641 classem
497 1604 634 1640 reverti
650 1619 657 1641 :
680 1604 822 1641 Phanis
840 1618 880 1641 se
898 1618 963 1642 eos
979 1612 1178 1656 exspecta·
1232 1618 1238 1623 ²

64 1672 203 1704 turum.
269 1665 454 1704 Triduum
489 1667 608 1705 ferme
640 1667 769 1713 classis
805 1669 850 1705 ad
888 1668 1020 1706 urbem
1051 1659 1176 1709 stetit.

62 1729 213 1766 Phanas
240 1731 327 1767 inde
345 1732 535 1781 progressi
555 1737 656 1776 sunt,
677 1738 729 1776 et,
750 1744 815 1782 spe
843 1732 1000 1769 celerius
1018 1734 1174 1771 reversis

60 1793 190 1830 decem
208 1794 356 1838 lembis,
376 1797 496 1832 evecti
511 1795 638 1845 AEgeo
658 1797 750 1833 mari
770 1796 911 1833 Delum
930 1797 1174 1848 trajecerunt.

114 1857 274 1897 XXIX.
330 1858 436 1896 Dum
461 1859 544 1896 haec
573 1867 769 1909 geruntur,
789 1860 905 1910 legati
924 1860 1106 1907 Romani,
1129 1864 1173 1902 C.

59 1920 260 1972 Popillius,
276 1928 315 1959 et
333 1923 376 1961 C.
389 1923 601 1968 Decimius,
618 1932 657 1962 et
673 1925 716 1962 C.
730 1924 936 1969 Hostilius,
953 1939 976 1962 a
991 1927 1173 1965 Chalcide

60 1985 234 2035 profecti,
254 1986 375 2024 tribus
401 1989 734 2038 quinqueremibus
753 1989 894 2026 Delum
913 2003 1028 2039 quum
1047 1992 1172 2028 venis-

59 2054 157 2092 sent,
176 2048 321 2087 lembos
347 2051 402 2087 ibi
429 2051 688 2089 Macedonum
717 2053 981 2102 quadraginta,
1003 2061 1040 2090 et
1059 2055 1170 2104 quin-

60 2122 132 2158 que
153 2113 249 2161 regis
267 2113 449 2153 Eumenis
469 2117 756 2165 quinqueremes
776 2117 1013 2154 invenerunt.
1052 2119 1169 2156 Sanc-

59 2174 149 2210 titas
179 2177 310 2225 templi
339 2178 546 2229 insulaeque
569 2179 772 2218 inviolatos
798 2181 1003 2231 praestabat
1025 2195 1170 2221 omnes,

59 2236 195 2285 Itaque
224 2240 401 2288 permixti
424 2241 667 2293 Romanique
696 2250 734 2280 et
760 2234 994 2281 Macedones
1024 2252 1062 2281 et
1089 2246 1170 2282 Eu-

56 2300 174 2338 menis
195 2301 345 2339 navales
365 2304 459 2342 socii
473 2306 514 2343 in
528 2306 686 2356 tempIO,
704 2307 871 2346 inducias
891 2308 1074 2359 religione
1094 2309 1167 2347 loci

110 2362 212 2401 Vo1..
227 2364 297 2402 IV.
592 2369 632 2407 X
