1546 2648
315 171 470 199 LIBER
495 168 651 198 XLIII·
683 166 790 196 CAP.
814 167 909 195 xl1.
1079 168 1162 212 409

58 265 147 302 tam,
167 260 303 296 elevare
319 271 376 295 eos
394 259 524 295 Patres
541 260 765 305 acceperunt,
786 258 847 303 qui
870 268 1066 304 perpaucos
1085 259 1163 295 Ita·
1178 270 1219 299 U,
1236 270 1273 300 c.
1293 277 1364 302 532,

59 323 118 359 lici
148 326 296 372 generis,
327 328 362 360 et
391 334 524 370 magna
554 334 597 358 ex
622 325 730 369 parte
759 321 996 357 tumultuario
1025 323 1163 361 delectu
1176 313 1267 345 A·C·
1287 319 1358 349 ¹⁷⁰·

59 389 273 435 conscriptos
302 387 351 423 ibi
377 388 511 423 milites
538 387 683 422 amissos
709 383 923 433 referebant.
980 386 1163 425 Consules

58 449 258 499 designati,
276 449 340 486 ubi
359 451 521 500 primum
540 449 805 498 magistratum
824 448 995 492 inissent,
1013 450 1059 487 de
1076 452 1164 488 Ma-

58 513 217 549 cedonia
235 512 373 550 referre
392 514 439 550 ad
458 519 632 550 senatum
645 511 763 562 jussi:
787 512 1059 563 destinataeque
1078 529 1166 565 pro-

58 577 190 613 vinciae
210 577 254 613 iis
274 583 364 614 sunt
382 577 496 614 Italia
515 583 552 614 et
569 576 811 614 Macedonia.
868 577 958 614 Hoc
987 592 1088 616 anno
1109 581 1168 616 in-

58 641 282 679 tercalatum
301 648 357 679 est
373 657 380 678 :
413 642 528 679 tertio
547 642 607 679 die
626 647 713 692 post
731 641 962 679 Terminalia
982 643 1168 682 Kalendae

58 705 300 743 intercalares
338 706 454 744 fuere.
511 707 735 743 Sacerdotes
772 707 873 743 intra
908 720 994 744 eum
1027 721 1166 746 annum
1183 720 1224 749 U.
1240 719 1278 749 C.
1296 727 1368 751 sss).

58 770 212 812 mortui,
240 770 284 807 L.
304 770 538 807 Flamininus
569 771 593 795 ’ἢ
614 771 639 795 ÷÷
669 770 866 821 pontifices
896 771 970 808 duo
999 773 1167 811 decesse-
1180 763 1220 794 A·
1238 763 1276 795 C·
1294 767 1365 798 ¹⁵⁹⁰

58 839 161 876 runt,
192 833 236 870 L.
257 834 392 870 Furius
421 834 552 870 Philus
582 840 621 871 et
650 835 693 871 C.
712 834 843 870 Livius
875 835 1089 873 Salinator:
1129 839 1169 876 in

58 897 185 935 locum
213 898 318 935 Furii
346 899 393 935 Τ.
413 898 602 935 ΒΙειηΙίυῐῐι
631 898 885 948 Torquatum,
913 900 953 936 in
981 900 1083 937 Livii
1110 902 1170 940 ΞΜ.

59 962 258 999 Servilium
278 962 476 1013 pontifices
495 962 682 1011 legerunt.

113 1025 210 1064 XII.
246 1026 441 1077 Principio
470 1027 702 1077 insequentis
732 1028 822 1064 anni
847 1023 967 1078 ¹quum
996 1029 1169 1067 consules

59 1092 149 1128 novi
167 1093 216 1131 Q.
235 1091 404 1128 Marcius
427 1098 466 1128 et
492 1092 562 1130 Cn.
584 1092 761 1129 Servilius
781 1093 825 1129 de
844 1094 1048 1144 provinciis
1067 1101 1172 1131 retu-

61 1154 208 1198 lissent,
233 1156 355 1205 primo
384 1168 535 1204 quoque
564 1163 734 1206 tempore
763 1163 829 1193 aut
857 1170 1077 1207 comparare
1106 1171 1171 1194 eos

62 1220 162 1255 iuter
180 1232 219 1255 se
239 1218 390 1255 Italiam
410 1224 448 1255 et
466 1219 749 1263 Macedoniam,
770 1227 836 1256 aut
855 1222 983 1257 sortiri
1002 1220 1169 1271 placuit:

60 1284 278 1335 priusquam
311 1284 349 1320 id
378 1296 458 1320 sors
489 1291 671 1327 cerneret,
703 1284 741 1320 in
776 1284 976 1327 incertum,
1006 1297 1054 1320 ne
1083 1285 1173 1334 quid

62 1348 186 1396 gratia
217 1348 402 1384 momenti
434 1347 591 1390 faceret,
622 1348 661 1384 in
690 1354 889 1396 utramque
921 1349 1171 1397 provinciam,

62 1411 163 1461 quod
182 1424 240 1448 res
260 1412 489 1448 desideraret
509 1410 774 1461 supplementi,
795 1412 958 1447 decerni.
1016 1410 1062 1447 In
1084 1411 1173 1447 Ma-

63 1475 259 1512 cedoniam
280 1476 449 1526 peditum
470 1474 733 1511 Romanorum
750 1487 816 1511 sex
830 1474 962 1518 millia,
979 1475 1174 1511 sociorum

61 1541 226 1576 nominis
247 1540 378 1576 Latini
397 1553 463 1576 sex
481 1539 619 1576 millia:
649 1540 793 1588 equites
813 1539 1011 1575 Romanos
1032 1539 1173 1575 ducen-

62 1610 123 1639 tos
143 1604 432 1652 quinquaginta,
453 1605 577 1640 socios
597 1609 801 1640 trecentos.
858 1603 1014 1639 Veteres
1035 1602 1173 1638 milites

64 1666 218 1710 dimitti,
240 1668 293 1704 ita
312 1675 354 1703 ut
372 1669 411 1704 in
432 1667 598 1716 singulas
619 1666 814 1703 Romanas
834 1665 1002 1715 legiones
1022 1678 1070 1702 ne
1089 1665 1172 1715 plus

63 1743 155 1767 sena
172 1730 291 1767 millia
315 1731 499 1781 peditum,
519 1731 662 1766 treceni
688 1730 832 1779 equites
859 1737 995 1766 essent.
1051 1729 1175 1765 Alteri

64 1795 211 1833 consuli
237 1794 361 1832 nullus
382 1801 505 1831 certus
526 1795 654 1832 finitus
674 1807 851 1831 numerus
871 1795 1009 1831 civium
1028 1794 1174 1830 Roma-

62 1872 212 1902 norum,
243 1872 355 1909 quem
383 1860 424 1895 in
452 1858 756 1909 supplementum
787 1858 952 1907 legeret:
992 1858 1031 1894 id
1059 1857 1174 1894 modo

64 1923 226 1968 finitum,
249 1930 289 1959 ut
309 1924 399 1960 duas
419 1923 589 1972 legiones
606 1919 803 1965 scriberet,
822 1935 904 1971 quae
924 1923 1040 1972 quina
1058 1921 1176 1957 millia

64 1988 233 2037 peditum
252 1994 290 2024 et
309 1988 474 2024 ducenos
493 1987 693 2030 haberent,
714 1987 858 2036 equites
879 1993 1052 2022 trecenos
1069 2001 1076 2021 :
1100 1985 1176 2021 La-

65 2051 232 2088 tinorum
261 2052 397 2102 major,
428 2064 541 2101 quam
570 2050 740 2099 collegae,
770 2049 941 2086 decretus
971 2060 1172 2094 numerus5
1198 2097 1202 2102 ¹

65 2114 234 2164 peditum
253 2116 381 2152 decem
407 2116 526 2153 millia
551 2123 588 2151 et
617 2114 786 2151 sexcenti
812 2113 980 2165 equites:
1013 2119 1176 2161 quatuor

67 2183 249 2227 praeterea
267 2178 433 2228 legiones
454 2180 567 2216 scribi
587 2178 719 2229 jussae,
740 2191 838 2228 quae,
859 2178 889 2214 si
909 2191 984 2226 quo
1004 2189 1098 2227 opus
1118 2188 1177 2213 es·

68 2246 138 2284 set,
160 2240 418 2279 educerentur.
473 2243 666 2279 Tribunos
686 2243 760 2286 his,
780 2254 858 2278 non
879 2241 1115 2291 permissum,
1138 2246 1179 2275 ut

67 2304 239 2341 consules
262 2304 453 2343 facerent:
484 2307 646 2359 populus
667 2308 822 2345 creavit.
873 2306 994 2343 Sociis
1014 2304 1179 2342 nominis

120 2367 220 2406 V01..
244 2367 312 2407 IV.
619 2370 654 2407 T
