1546 2648
209 425 566 474 EPITOME
612 424 836 472 LIBRI
879 424 1019 471 XLI.

494 591 755 616 *-

127 719 250 758 GNIS
267 721 304 756 in
323 720 398 755 aede
423 719 534 755 Vestoe
552 719 742 754 exstinctus
760 722 822 753 est.
871 717 925 753 Ti.
946 717 1179 766 Sempronius

149 784 328 821 Gracchus
353 784 545 832 proconsul
565 782 756 818 Celtiberos
779 784 890 817 victos
908 783 945 817 in
964 783 1177 818 deditionem

65 849 214 895 accepit,
237 851 571 894 monumentumque
590 857 737 893 operum
755 857 914 887 suorum,
941 845 1177 881 Gracchurim

65 911 237 960 oppidum
265 912 301 946 in
321 910 501 957 Hispania
529 910 724 944 constituit.
783 909 833 943 Et
862 921 884 943 a
904 909 1090 944 Postumio
1107 911 1176 945 Al-

65 975 146 1011 bino
162 975 374 1023 proconsule
398 974 534 1009 Vaccaei
553 985 595 1008 ac
614 973 783 1008 Lusitani
796 972 931 1007 subacti
948 978 1059 1008 sunt:
1078 978 1175 1008 uter-

64 1051 131 1088 que
151 1039 398 1086 triumphavit.
444 1037 654 1079 Antiochus,
672 1036 841 1072 Antiochi
847 1037 966 1085 filius,
987 1037 1081 1072 obses
1101 1037 1176 1072 Ro-

67 1104 183 1138 manis
201 1115 224 1138 a
241 1107 349 1151 patre
368 1103 487 1144 datus,
507 1105 647 1136 mortuo
665 1100 792 1148 fratre
821 1100 981 1142 Seleuco,
999 1102 1060 1148 qui
1076 1103 1178 1148 patri

66 1165 239 1215 defuncto
252 1169 477 1206 successerat,
494 1166 531 1200 in
544 1176 691 1211 regnum
711 1164 825 1210 Syriae
840 1164 883 1198 ab
899 1164 981 1198 urbe
1000 1165 1175 1200 dimissus.

66 1230 237 1266 Lustrum
257 1242 280 1265 a
299 1229 495 1265 censoribus
513 1229 695 1264 conditum
712 1232 763 1263 est
775 1244 787 1263 .-
816 1239 917 1263 censa
942 1232 1024 1263 sunt
1048 1229 1177 1264 civium

68 1294 191 1341 capita
207 1293 359 1328 ducenta
376 1292 564 1338 sexaginta
584 1292 655 1326 tria
673 1292 791 1326 millia
812 1292 964 1326 ducenta
983 1292 1178 1337 nonaginta

67 1361 230 1404 quatuor.
288 1356 332 1396 Q.
354 1355 527 1390 Voconius
555 1354 654 1390 Saxa
681 1355 839 1390 tribunus
854 1355 967 1402 plebis
987 1355 1098 1401 legem
1118 1359 1175 1389 tu-

70 1421 124 1462 lit,
144 1431 189 1455 ne
217 1420 294 1467 quis
322 1418 497 1454 haeredem
524 1419 711 1453 mulierem
740 1419 969 1453 institueret:
998 1419 1108 1452 suasit
1129 1419 1177 1452 Ie-

62 1495 144 1531 gem
169 1484 224 1519 M.
248 1483 336 1519 Cato
353 1498 365 1519 .·
393 1487 508 1518 exstat
527 1483 642 1518 oratio
661 1480 744 1528 ejus.
804 1483 984 1517 Praeterea
1011 1493 1066 1516 res
1094 1494 1176 1517 con—

68 1551 126 1582 tra
143 1546 308 1593 Ligures,
331 1547 453 1588 Istros,
476 1546 623 1587 Sardos,
644 1550 680 1581 et
710 1545 914 1587 Celtiberos,
936 1557 959 1579 a
983 1545 1176 1592 compluri-

69 1610 130 1646 bus
157 1611 302 1646 ducibus
316 1621 487 1658 prospere
503 1614 634 1657 gestas,
655 1614 689 1645 et
718 1611 821 1644 initia
842 1609 924 1644 belli
953 1609 1179 1644 Macedonici

67 1675 235 1716 continet,
270 1674 364 1721 quod
400 1673 564 1715 Perseus,
598 1672 765 1720 Philippi
784 1672 903 1720 filius,
941 1671 1179 1707 moliebatur:
1242 1714 1248 1719 s

65 1739 210 1773 miserat
227 1738 320 1772 enim
348 1739 398 1773 ad
417 1737 733 1784 Karthaginienses
763 1737 989 1782 legationem,
1010 1740 1044 1770 et
1072 1735 1114 1770 ab
1135 1736 1179 1770 iis

66 1805 170 1837 nocte
188 1802 314 1836 audita
333 1805 412 1836 erat
424 1817 436 1836 .·
453 1801 514 1836 sed
529 1805 563 1835 et
582 1801 675 1836 alias
701 1800 846 1835 Graeciae
865 1799 1026 1833 civitates
1043 1799 1177 1833 sollici-

70 1864 193 1900 tabat:
224 1865 286 1912 qui
311 1869 442 1912 praeter
463 1864 683 1911 religionem,
705 1863 798 1910 quod
827 1873 933 1909 quam
952 1861 1068 1895 multa
1090 1865 1179 1896 tem-

68 1929 134 1976 pla
161 1929 353 1977 magnifica
370 1929 492 1964 multis
520 1929 604 1964 locis
622 1928 747 1969 erexit,
767 1925 919 1961 Athenis
932 1924 1034 1960 Jovis
1055 1925 1179 1972 Olym-

66 1993 137 2040 pii,
158 1996 192 2028 et
211 1993 409 2029 Antiochiae
430 1992 642 2041 Capitolini,
657 1991 865 2027 vilissimum
883 2000 1000 2035 regem
1020 1989 1105 2035 egit,
