1546 2648
51 271 95 302 U.
108 272 147 303 C.
166 278 237 304 ⁵62.

47 315 90 347 A.
106 316 144 347 C.
164 323 234 349 190.

51 799 205 832 AEmilius

50 846 215 876 contendit

51 888 91 918 ad
107 889 246 921 hostem.

265 174 323 228 36
456 216 461 223 ,
722 185 770 215 τ.
793 185 928 216 mvn

268 273 545 324 promisissent,
565 273 613 310 ad
643 274 882 324 accipiendos
915 280 1147 312 commeatus
1181 276 1304 326 aptius
1325 277 1381 313 vi-

267 351 352 376 sum
381 345 479 376 esset
506 339 707 382 Romanis,
737 340 776 375 in
805 352 891 375 eum
919 346 1086 390 portum,
1106 341 1170 390 qui
1199 350 1288 377 ante
1318 353 1380 377 ur-

266 403 354 439 bem
391 409 463 447 est,
501 402 657 439 classem
695 403 868 440 transire.
923 402 1075 439 Dicitur
1112 411 1150 440 ct
1185 404 1381 440 Eudamus

266 466 440 504 Rhodius
475 467 607 503 vitium
644 465 797 503 alterius
835 474 967 517 portus
1004 468 1228 511 ostendisse,
1267 480 1384 517 quum

265 531 366 568 forte
386 532 468 568 duae
489 543 602 568 naves
631 532 670 567 in
701 538 784 567 arto
809 532 910 567 ostio
933 532 1124 582 inplicitos
1154 545 1277 568 remos
1307 531 1383 568 fre-

266 596 411 644 gissent
429 610 438 631 2
471 601 508 631 et
528 596 627 631 inter
646 594 721 631 alia
740 594 778 630 id
797 608 950 643 quoque
970 597 1089 631 movit
1106 603 1320 645 praetorem,
1342 601 1385 630 ut

266 660 481 696 traduceret
512 659 684 702 classem,
713 659 816 708 quod
845 659 892 695 ab
921 665 1023 695 terra
1051 659 1260 709 periculum
1287 665 1381 704 erat,

265 723 367 759 haud
387 723 520 774 procul
537 723 625 760 inde
644 723 840 759 Antiocho
859 723 998 759 stativa
1015 722 1193 760 habente.

321 787 480 825 XXIX.
509 787 702 824 Traducta
730 787 848 824 classe
879 788 924 824 ad
953 787 1097 831 urbem,
1128 787 1269 836 ignaris
1299 799 1383 824 om-

267 852 394 896 nibus,
415 853 555 902 egressi
578 851 716 888 milites
737 858 937 901 nautaeque
962 858 1051 888 sunt
1077 852 1124 888 ad
1149 858 1383 909 commeatus

267 923 306 953 et
326 917 451 953 vinum
474 917 636 952 maxime
656 916 897 953 dividendum
923 917 962 952 in
985 929 1098 952 naves
1117 932 1126 962 3
1160 929 1274 965 quum
1303 927 1382 952 me-

268 981 332 1018 dio
354 981 454 1017 forte
475 981 550 1016 diei
573 981 731 1028 agrestis
752 981 918 1029 quidam,
939 981 987 1017 ad
1015 987 1215 1031 praetorem
1245 979 1385 1016 adduc-

267 1052 343 1089 tus,
366 1045 536 1088 nunciat,
557 1046 714 1081 alterum
727 1043 810 1091 jam
837 1047 930 1081 diem
953 1047 1100 1081 classem
1124 1050 1220 1080 stare
1248 1045 1298 1081 ad
1327 1046 1382 1080 in-

263 1110 382 1146 sulam
401 1111 562 1152 Macrin,
587 1113 620 1145 et
647 1110 775 1157 paullo
803 1115 887 1145 ante
914 1111 1007 1145 visas
1035 1110 1207 1158 quasdam
1236 1110 1382 1152 moveri,

266 1179 451 1223 tamquam
483 1175 533 1210 ad
567 1172 840 1222 profectionem,
871 1186 990 1209 naves.
1046 1172 1106 1208 Re
1139 1172 1265 1208 subita
1297 1185 1383 1223 per-

265 1237 390 1275 culsus
413 1245 553 1288 praetor
577 1238 765 1273 tubicines
789 1250 924 1274 canere
939 1237 1066 1288 jubet,
1090 1244 1144 1279 ut,
1165 1238 1195 1272 si
1223 1237 1285 1286 qui
1316 1249 1384 1286 per

265 1315 377 1352 agros
414 1301 532 1353 palati
570 1309 709 1345 essent,
743 1302 935 1337 redirent:
967 1301 1140 1337 tribunos
1178 1302 1216 1336 in
1251 1300 1382 1336 urbem

267 1367 386 1403 mittit
422 1367 470 1403 ad
513 1366 705 1415 cogendos
749 1366 885 1402 milites
929 1373 1139 1415 nautasque
1172 1365 1212 1401 in
1255 1377 1383 1401 naves·

265 1431 384 1468 Haud
412 1443 533 1474 secus,
555 1443 668 1479 quam
696 1431 734 1466 in
761 1431 961 1479 repentino
985 1430 1159 1466 incendio
1181 1436 1246 1483 aut
1272 1418 1384 1479 capta

264 1495 373 1538 urbe,
395 1495 617 1545 trepidatur,
640 1494 721 1530 aliis
742 1495 782 1530 in
804 1494 932 1530 urbem
956 1493 1192 1529 currentibus
1219 1493 1266 1529 ad
1295 1505 1382 1529 suos

265 1560 513 1603 revocandos,
536 1559 617 1596 aliis
639 1574 684 1595 ex
711 1559 803 1595 urbe
823 1572 935 1595 naves
965 1572 1074 1595 cursu
1098 1558 1379 1608 repetentibus:

265 1625 496 1673 incertisque
525 1623 753 1660 clamoribus
787 1623 940 1671 (quibus
976 1624 1065 1673 ipsis
1105 1622 1205 1674 tubae
1234 1621 1383 1658 obstre-

266 1690 416 1739 perent)
439 1688 601 1724 turbatis
622 1689 803 1737 imperiiS,
824 1688 976 1724 taudem
997 1699 1221 1723 concursum
1242 1686 1288 1722 ad
1313 1699 1382 1723 na-

267 1765 329 1789 ves
348 1760 418 1790 est.
475 1753 549 1788 Vix
581 1765 685 1788 suam
711 1754 868 1801 quisque
897 1764 1053 1788 noscere
1083 1758 1147 1787 aut
1175 1751 1277 1787 adire
1305 1763 1382 1801 prae

265 1816 432 1852 tumultu
471 1823 648 1866 poterat:
681 1818 983 1867 trepidatumque
1021 1829 1106 1853 cum
1143 1815 1310 1865 periculo
1345 1822 1384 1851 et

268 1882 307 1917 in
334 1881 442 1924 mari,
460 1887 501 1916 et
520 1882 558 1916 iu
578 1888 679 1917 terra
697 1881 810 1925 foret,
831 1882 884 1924 ni,
906 1881 1074 1932 partibus
1095 1881 1236 1923 divisiS,
1257 1879 1383 1916 [Ὲωί-

267 1944 355 1988 lius,
386 1957 472 1980 cum
501 1946 681 1994 praetoria
708 1957 803 1981 nave
833 1946 973 1995 primus·
1004 1957 1023 1980 e
1054 1951 1164 1994 portu
1194 1944 1233 1979 iu
1263 1943 1382 1979 altum

269 2014 434 2050 evectus,
454 2009 647 2057 excipiens
671 2010 926 2057 insequentes,
947 2020 1015 2044 sno
1038 2020 1224 2056 quamque
1250 2007 1384 2042 ordine

269 2072 307 2108 in
328 2071 492 2107 frontem
517 2073 783 2117 instruxisset,
815 2073 1008 2108 Eudamus
1037 2071 1262 2119 Rhodiaque
1289 2069 1384 2106 clas-

270 2137 319 2172 sis
350 2136 607 2172 substitissent
636 2137 683 2186 ad
712 2146 863 2180 terram,
887 2145 926 2172 ut
956 2143 993 2172 et
1022 2138 1101 2172 sine
1130 2135 1383 2185 trepidatione

270 2200 582 2243 conscenderent,
605 2207 656 2243 et,
693 2207 731 2236 nt
764 2213 922 2249 quaeque
951 2207 1083 2250 parata
1115 2207 1226 2241 esset,
1262 2199 1383 2235 exiret

267 2263 386 2299 navis.
446 2262 506 2299 Ita
542 2271 580 2299 et
617 2263 827 2313 explicuere
859 2264 1029 2300 ordinem
1063 2263 1191 2312 primae
1220 2263 1259 2298 in
1289 2274 1382 2298 cou-

264 2335 401 2377 apectu
419 2327 606 2378 praetoriS,
628 2334 665 2364 et
686 2335 860 2366 coactum
882 2340 1019 2377 agmen
1041 2325 1087 2364 ab
1107 2324 1274 2363 Rhodiis
1297 2330 1377 2361 est:
