1546 2648
406 157 563 188 LIBER
591 154 798 187 xxxvu.
831 153 938 184 cAP.
961 153 1011 182 X·
1217 150 1266 195 13

151 247 270 286 classe
284 247 324 283 in
342 247 538 298 Europam
559 246 606 282 ad
626 246 776 282 Sestum
794 241 1091 294 obpugnandam
1105 239 1268 290 trajecit.
1282 248 1325 280 U.
1340 248 1377 280 C.
1393 256 1468 283 ⁵62.

148 312 174 348 J
176 325 235 349 am
253 311 503 348 subeuntibus
517 311 670 347 armatis
684 321 812 345 muros
823 307 978 345 fanatici
990 305 1089 342 Galli
1106 305 1269 355 primum

149 389 235 412 cum
256 376 430 412 sollemni
450 375 585 412 habitu
606 381 695 411 ante
714 379 863 423 portam
885 372 1106 408 obcurrunt.
1153 369 1177 405 J
1183 382 1270 405 ussu

147 453 187 478 se
207 442 337 478 matris
361 441 490 478 Defim
516 439 678 477 famulos
705 439 799 475 Deae
819 437 947 474 venire
973 441 1200 477 memorant,
1221 434 1269 470 ad

145 505 376 555 precandum
403 504 640 546 Romanum,
669 510 709 538 ut
741 506 914 552 parceret
942 498 1132 536 moenibus
1165 497 1268 534 urbi-

145 582 229 619 que.
285 569 413 606 Nemo
434 582 564 605 eorum
584 567 747 603 violatus
767 572 823 601 est
843 580 849 601 :
882 577 973 601 mox
992 564 1187 599 universus
1208 574 1266 598 se-

145 641 256 670 natus
278 646 363 670 cum
393 631 680 682 magistratibus
712 631 757 666 ad
782 629 992 665 dedendam
1021 627 1153 664 urbem
1176 639 1266 677 pro-

145 698 270 734 cessit.
328 697 422 733 Inde
454 696 633 745 Abydum
662 693 824 744 trajecta
854 693 1009 729 classis:
1042 691 1107 728 ubi
1133 704 1264 740 quum,

145 762 302 798 tentatis
332 774 399 811 per
428 760 632 809 conloquia
655 760 805 801 animis,
827 757 923 794 nihil
951 757 1077 807 pacati
1106 768 1264 806 respon·-

144 825 307 868 deretur,
329 826 374 861 ad
395 825 723 874 obpugnationem
745 835 824 858 sese
845 821 1110 872 expediebant.

1285 295 1321 324 A.
1336 294 1373 324 C.
1393 302 1465 328 190.

198 890 251 926 X.
280 890 384 926 Dum
404 890 485 925 haec
506 890 543 924 iu
565 887 821 937 Hellesponto
838 892 1035 935 geruntur,
1056 883 1262 934 Polyxeni·
1275 890 1445 931 Polyxeni..

143 954 208 991 das
239 954 363 1002 regius
391 953 607 1003 praefectus,
642 956 741 999 (erat
770 958 898 987 autem
931 949 1038 986 exsul
1063 948 1258 995 Rhodius)

1274 934 1328 964 das
1346 936 1431 965 frau-

1274 977 1348 1007 dem
1366 979 1447 1009 Pau-

143 1031 258 1067 quum
279 1018 458 1060 audisset,
480 1017 691 1067 profectam
711 1016 758 1052 ab
779 1016 894 1051 domo
911 1014 1152 1065 popularium
1172 1026 1260 1050 suo·
1273 1021 1396 1051 sistrato

142 1095 224 1118 rum
259 1082 430 1125 classem,
465 1090 503 1118 et
534 1082 812 1118 Pausistratum
845 1079 1066 1130 praefectum
1101 1077 1262 1129 superbe

144 1147 314 1195 quaedam
335 1155 373 1182 et
392 1148 616 1182 contemtim
648 1147 686 1181 in
716 1158 755 1181 se
786 1146 1080 1180 concionantem
1105 1143 1259 1186 dixisse,

141 1211 333 1259 praecipuo
354 1210 560 1246 certamine
580 1210 695 1246 animi
723 1209 899 1245 adversus
927 1220 1013 1243 eum
1039 1214 1180 1250 sumto,
1201 1208 1260 1242 ni-

141 1273 195 1308 hil
220 1274 322 1309 aliud
349 1275 428 1310 dies
455 1280 663 1322 noctesque
694 1272 866 1321 agitabat
898 1272 1041 1314 animo,
1073 1283 1185 1319 quam
1219 1276 1261 1306 ut

141 1337 255 1373 verba
285 1337 489 1386 magnifica
523 1336 603 1387 ejus
631 1336 742 1371 rebus
773 1335 1002 1372 confutaret.
1057 1334 1184 1370 Mittit
1212 1334 1258 1370 ad

141 1414 224 1437 eum
249 1402 442 1438 homiuem
463 1408 501 1438 et
523 1402 578 1437 illi
604 1408 753 1445 notum,
774 1401 837 1450 qui
855 1401 1009 1443 diceret,
1032 1401 1083 1436 Et
1100 1412 1136 1436 se
1156 1401 1258 1436 Pau-

138 1467 282 1502 sistrato
299 1468 500 1514 patriaeque
517 1478 588 1502 suae
606 1477 738 1513 ‘magno
757 1466 848 1507 usui,
865 1466 896 1500 si
916 1465 1036 1506 liceat,
1046 1463 1138 1512 fore
1149 1479 1160 1509 3
1185 1469 1258 1500 eta

139 1531 368 1566 Pausistrato
386 1543 423 1566 se
441 1532 583 1567 restitui
599 1532 635 1566 in
650 1533 813 1579 patriam
828 1541 942 1578 posse.
999 1529 1142 1572 Quum,
1159 1540 1255 1577 quo-

139 1607 226 1631 nam
248 1595 362 1631 modo
383 1608 426 1631 ea
447 1595 524 1631 fieri
546 1601 716 1645 possent,
735 1594 979 1631 mirabundus
996 1593 1254 1630 Pausistratus

137 1666 461 1708 percunctaretur,
482 1659 593 1695 fidem
617 1659 763 1709 petenti
784 1657 888 1695 dedit
907 1658 1063 1706 agendae
1083 1669 1254 1692 commu-

136 1723 236 1758 niter
254 1723 322 1765 rei,
344 1729 409 1758 aut
434 1722 587 1759 silentio
607 1722 792 1771 tegendae.
848 1721 948 1758 Tum
975 1722 1255 1768 internuncius,

133 1790 267 1835 regiam
288 1789 434 1824 classem
460 1793 525 1824 aut
554 1793 681 1830 totam,
708 1791 772 1824 aut
800 1785 974 1833 majorem
997 1785 1071 1833 ejus
1093 1792 1251 1836 partem,

136 1852 395 1900 Polyxenidam
415 1852 635 1888 traditurum
655 1852 712 1889 ei:
736 1853 897 1899 pretium
917 1853 1011 1888 tanti
1031 1853 1151 1888 meriti
1169 1853 1253 1889 nul·

135 1918 208 1953 lum
228 1917 331 1953 aliud
345 1918 494 1965 pacisci,
516 1929 622 1965 quam
637 1918 791 1953 reditum
813 1918 849 1952 in
866 1917 1038 1964 patriam.
1093 1914 1253 1965 Magni·

132 1979 226 2016 tudo
246 1981 314 2023 rei,
335 1992 406 2016 nec
426 1986 467 2016 ut
487 1980 668 2023 crederet,
682 1992 753 2016 uec
772 1986 813 2016 ut
828 1979 1118 2029 adspernaretur
1132 1979 1249 2024 (licta,

134 2044 270 2081 effecit.
325 2044 559 2081 Panormum
590 2045 726 2080 Samiae
750 2050 858 2080 terrae
893 2044 1013 2094 petit5
1046 2043 1175 2093 ibique
1202 2044 1251 2081 ad

135 2108 404 2158 explorandam
424 2121 517 2152 rem,
538 2121 621 2157 quae
642 2108 772 2145 oblata
791 2116 886 2151 erat,
908 2108 1090 2145 substitit.
1133 2107 1249 2145 Ultro

134 2171 305 2221 citroque
330 2172 460 2209 nuncii
481 2185 654 2209 cursare:
686 2185 756 2209 nec
784 2172 873 2209 fides
898 2178 986 2208 ante
1009 2171 1249 2210 Pausistrato

133 2234 236 2272 facta
254 2241 324 2280 est,
344 2249 457 2286 quam
486 2249 615 2273 coram
640 2237 782 2273 nuncio
803 2236 882 2287 ejus
904 2235 1158 2285 Polyxenidas
1179 2249 1248 2273 sua

131 2310 246 2338 manu
272 2301 435 2353 scripsit,
456 2314 493 2339 se
521 2314 576 2347 ea,
607 2314 685 2352 quae
703 2302 892 2352 pollicitus
915 2305 1016 2346 esset,
1033 2299 1244 2350 facturum,

1273 1065 1376 1094 struit.
