1546 2648
296 135 380 180 472
755 135 804 165 T.
828 135 961 167 mvn

108 228 152 259 U·
165 228 202 259 C·
218 233 289 260 584·
303 228 422 264 altera
441 231 492 263 est
510 226 680 264 militaris
701 225 772 262 hoec
799 228 907 270 sedes,
927 228 1131 276 vallumque
1145 240 1214 277 pro
1231 229 1410 272 moenibus,

108 272 151 301 A.
165 271 202 303 C.
219 277 291 303 168.

302 295 337 328 et
353 291 543 327 tentorium
559 302 662 327 suum
678 291 802 338 cuique
819 291 931 326 militi
949 291 1074 327 domus
1091 304 1133 327 ac
1155 297 1302 340 penates
1318 297 1411 330 sunt.

302 355 391 391 Sine
408 354 487 390 ulla
503 355 582 390 sede
607 355 692 402 vagi
720 355 992 397 dimicassemus,
1013 359 1054 390 ut
1081 367 1149 403 quo
1177 357 1325 392 victores
1350 367 1414 392 nos

299 420 534 467 reciperemus
549 420 572 454 ε’
601 415 671 453 His
689 416 958 465 difficultatibus
985 422 1020 454 et
1046 419 1293 466 inpedimentis
1316 431 1412 468 pug-

298 495 354 519 nae
372 483 465 519 illud
479 482 667 530 obponitur
683 497 695 517 .·
718 482 814 522 Quid
830 483 861 517 si
879 481 986 518 hostis
1002 482 1069 518 hac
1082 484 1294 531 interposita
1311 487 1412 519 nocte

300 546 440 588 abisset,
462 550 634 594 quantum
652 556 774 580 rursus
790 546 964 592 sequendo
982 556 1022 580 eo
1035 547 1180 592 penitus
1194 548 1230 582 in
1244 547 1411 582 ultimam

299 611 552 647 Macedoniam
570 609 848 645 exhauriendum
868 609 998 644 laboris
1024 614 1103 644 erat
1118 611 1139 645 .9
1166 610 1246 657 Ego
1274 614 1408 652 autem,

297 686 411 722 neque
428 684 634 709 mansurum
648 683 741 714 eum,
761 683 874 719 neque
889 672 926 706 in
940 672 1051 707 aciem
1068 673 1187 720 copias
1201 673 1409 708 educturum

286 737 420 787 fuisse,
441 742 574 774 cerium
594 736 715 779 habeo,
734 736 765 771 si
789 736 910 771 cedere
938 735 1020 771 hinc
1045 736 1248 772 statuisset:
1277 740 1410 784 quanto

296 803 391 838 enim
399 801 556 850 facilius
574 800 670 836 abire
686 798 782 847 fuit,
803 811 911 847 quum
932 800 1060 847 procul
1078 799 1281 843 abessemus,
1301 812 1408 848 quam

295 877 404 908 nunc,
425 877 532 912 quum
551 866 590 901 in
608 864 796 900 cervicibus
811 876 931 900 sumus
946 865 967 900 9
993 865 1071 900 Nec
1079 864 1234 913 falleret
1251 878 1326 909 nos,
1345 878 1410 902 nec

296 930 453 965 interdiu
477 939 540 965 nec
557 933 658 964 nocte
676 927 849 964 abeundo.
907 928 1003 969 Quid
1019 933 1140 964 autem
1158 934 1209 965 est
1230 929 1326 966 nobis
1343 942 1408 978 op·

297 994 422 1035 tatius,
443 1004 550 1041 quam
577 997 632 1034 ut,
654 1003 805 1039 quorum
824 995 956 1034 castra,
981 992 1307 1041 praealtafluminis
1324 996 1407 1041 ripa

295 1061 389 1098 tuta,
409 1056 504 1092 vallo
524 1056 666 1102 insuper
682 1059 784 1102 septa
802 1065 845 1090 ac
864 1055 990 1090 crebris
1015 1055 1182 1098 turribus,
1203 1056 1407 1103 obpugnare

295 1121 417 1157 adorti
444 1131 577 1161 sumus,
606 1130 677 1161 eos,
705 1119 838 1154 relictis
868 1120 1107 1161 munimentis,
1130 1121 1272 1167 agmine
1298 1121 1407 1169 effuso

294 1184 472 1225 abeuntes,
505 1183 543 1218 in
571 1181 774 1230 patentibus
802 1184 936 1229 campis
964 1182 1008 1218 ab
1037 1187 1137 1230 tergo
1163 1184 1407 1220 adoriamur?

293 1247 364 1283 Hae
382 1247 505 1283 dilatae
521 1257 651 1294 pugnae
669 1257 711 1281 ex
730 1244 890 1281 hesterno
908 1246 964 1281 die
993 1247 1028 1280 in
1049 1245 1258 1283 hodiernum
1277 1259 1407 1283 caussae

283 1310 453 1360 fuer-unt.
506 1310 678 1357 Pugnare
692 1311 783 1345 enim
805 1314 840 1345 et
862 1311 931 1357 ipsi
959 1310 1047 1346 mihi
1073 1311 1218 1358 placet;
1245 1314 1282 1347 'et
1308 1313 1401 1354 ideo,

293 1377 377 1423 quia
402 1386 466 1423 per
485 1375 663 1423 Enipeum
692 1385 833 1410 amnem
859 1379 961 1421 septa
989 1376 1037 1410 ad
1065 1375 1197 1411 hostem
1224 1377 1284 1412 via
1311 1382 1402 1419 erat,

292 1440 366 1476 alio
379 1441 489 1481 saltu,
506 1436 647 1485 dejectis
660 1438 815 1474 hostium
828 1440 1017 1486 prcesidiis,
1030 1451 1160 1476 novum
1175 1442 1242 1476 iter
1255 1443 1380 1488 aperui
1390 1457 1404 1485 ,·

291 1515 403 1552 neque
419 1505 532 1552 priuS,
553 1515 660 1551 quam
679 1503 911 1545 debellavere,
932 1503 1109 1540 absistam.

344 1568 432 1605 XL.
463 1567 558 1604 Post
576 1568 674 1603 hanc
698 1569 911 1604 orationem
938 1568 1131 1605 silentium
1149 1568 1235 1613 fuit,
1261 1571 1400 1620 partim

289 1632 473 1669 traductis
503 1633 541 1668 in
571 1633 799 1668 sententiam
818 1631 912 1682 ejus,
933 1633 1071 1682 partim
1100 1634 1313 1671 verentibus
1333 1648 1400 1672 ne-

289 1696 494 1745 quidquam
514 1695 718 1732 obfendere
738 1696 777 1731 in
799 1708 858 1738 eo,
880 1695 996 1744 quod,
1016 1702 1219 1746 utcumque
1244 1705 1399 1748 praeter-

287 1760 458 1802 missum,
478 1759 646 1795 revocari
665 1771 744 1795 non
763 1766 902 1808 posset.
958 1760 1017 1795 Ac
1042 1772 1089 1795 ne
1115 1760 1181 1796 illo
1205 1761 1287 1810 ipso
1315 1762 1398 1810 qui-

287 1823 372 1858 dem
402 1823 476 1865 die,
506 1828 571 1858 aut
601 1821 769 1864 consule,
803 1829 869 1857 aut
905 1835 1006 1870 rege,
1044 1825 1161 1872 (rege,
1196 1825 1297 1873 quod
1327 1837 1397 1862 nec

285 1887 420 1930 fessos,
444 1893 484 1922 ut
515 1886 649 1936 pridie,
669 1899 716 1922 ex
745 1886 817 1928 via,
846 1898 967 1934 neque
994 1887 1221 1935 trepidantes
1252 1888 1290 1924 in
1316 1890 1395 1926 acie

285 1950 508 1986 instruenda
532 1955 571 1985 et
590 1949 742 1985 vixdum
769 1950 1001 1998 compositos
1028 1949 1268 1999 adgressurus
1288 1959 1367 1988 erat
1379 1968 1392 1998 3

285 2013 454 2057 consule,
476 2013 577 2062 quod
597 2013 635 2048 in
654 2013 762 2049 novis
783 2013 913 2048 castris
934 2026 1010 2049 non
1030 2013 1147 2062 ligna,
1167 2026 1246 2050 non
1272 2015 1393 2064 pabu-

283 2077 362 2113 lum
383 2083 606 2113 convectum
626 2083 720 2119 erat,
741 2076 787 2113 ad
807 2090 888 2126 quae
909 2078 1070 2127 petenda
1099 2090 1144 2114 ex
1173 2079 1392 2128 propinquis
1414 2116 1416 2119 ,

285 2141 384 2190 agris
411 2153 549 2189 magna
573 2153 658 2190 pars
684 2140 847 2177 militum
867 2154 887 2177 e
907 2143 1037 2177 castris
1068 2142 1228 2187 exierat)
1257 2150 1392 2180 neutro

71 2197 243 2228 Certamen
286 2206 555 2255 imperatorum
586 2203 750 2248 volente,
784 2205 968 2249 Fortuna,
998 2219 1079 2254 quae
1110 2205 1192 2256 plus
1227 2207 1392 2244 consiliis

69 2249 145 2270 casu
161 2250 239 2271 con-

69 2284 216 2315 trahitur.

285 2270 460 2309 humanis
489 2268 621 2320 pollet,
649 2270 840 2306 contraxit
868 2277 1070 2308 certamen.
1125 2269 1283 2308 Flumen
1313 2277 1393 2308 erat
