1546 2648
436 158 646 189 LIBROR·
680 157 900 186 DEPERD.
1144 159 1227 202 555

113 249 158 287 ab
176 249 354 288 Antiocho
380 263 462 298 rege
480 251 606 298 Syriae‚
627 261 734 297 quum
759 250 878 285 celare
903 248 984 285 aliis
1003 250 1230 298 imperatori-

113 314 174 351 bus
192 327 315 363 regum
334 327 482 350 munera
502 326 576 349 mos
594 317 694 355 esset,
721 324 790 360 pro
811 313 983 348 tribunali
1001 317 1230 361 accepturum

110 391 148 415 se
165 391 235 415 esse
253 381 356 422 divit,
377 379 566 426 omniaque
599 389 641 414 ea
671 376 805 426 referre
830 382 1038 425 quaestorem
1070 379 1107 414 in
1137 378 1229 426 pub-

112 444 199 480 licas
218 444 356 480 tabulas
377 442 512 490 jussit:
543 455 584 479 er
602 443 645 478 iis
662 454 698 478 se
716 443 802 478 viris
821 441 983 491 fortibus
1007 444 1102 478 (lona
1120 444 1228 480 datu-

109 520 201 544 rum.
261 509 378 550 Quum
406 510 560 556 undique
579 508 816 543 Numantiam
837 507 1015 543 obsidione
1033 509 1227 551 clausisset,

109 577 146 608 et
163 572 311 609 obsessos
318 573 428 622 fame
445 574 581 614 videret
600 574 720 620 urgeri
731 588 744 616 3
773 572 898 615 hostes,
930 574 991 620 qui
1017 573 1230 620 pabulatum

111 640 282 681 exierant,
303 642 418 675 vetuit
446 639 581 682 occidi;
611 639 707 687 qaod
731 639 877 681 diceret,
907 639 1062 675 velocius
1089 651 1145 675 eos
1164 639 1228 675 ab-

109 708 299 748 sumturcs,
309 703 494 753 frumenti
513 705 607 752 quod
626 703 805 748 haberent,
824 705 855 739 si
869 704 992 752 plnres
998 703 1174 753 fuissent.

587 797 738 837 LVIII.

111 867 192 921 TI.
212 884 561 921 SEMPRONIUS
584 884 766 921 Gracchus
784 884 944 921 tribunus
967 885 1095 933 plebis,
1119 897 1227 934 quum

110 950 224 997 legem
243 950 427 996 agrariam
445 947 568 996 ferret
586 949 756 984 adversus
776 949 998 984 voluntatem
1020 953 1164 985 senatus
1191 954 1228 985 et

107 1015 277 1062 equestris
295 1015 443 1056 ordinis,
469 1025 517 1048 ne
536 1012 619 1061 quis
640 1024 686 1048 ex
704 1010 860 1062 publico
879 1024 973 1060 agro
992 1011 1091 1062 plus,
1112 1025 1227 1061 quam

106 1078 315 1127 quingenta
326 1076 479 1127 jugera,
500 1075 724 1126 possideret,
746 1076 780 1111 in
800 1087 880 1111 eum
888 1074 1060 1124 furorem
1078 1077 1226 1120 exarsit,

105 1147 146 1178 ut
162 1143 215 1179 M.
232 1143 379 1177 Octavio
395 1141 549 1188 collegae,
567 1151 728 1176 caussam
740 1140 885 1175 diversa:
898 1141 1014 1187 partis
1029 1139 1225 1188 defenden-

109 1207 148 1248 ti,
165 1210 379 1254 potestatem
400 1206 476 1252 lege
493 1205 570 1240 lata
589 1204 805 1251 abrogaret:
831 1215 950 1251 seque,
972 1208 1007 1239 et
1024 1204 1226 1240 Gracchum

92 1270 272 1320 fratrem,
293 1276 329 1307 et
348 1274 419 1319 Ap.
439 1270 633 1306 Claudium
661 1279 833 1311 socerum,
855 1269 1060 1304 triumviros
1085 1269 1135 1304 ad
1165 1269 1222 1305 di-

102 1337 292 1372 videndum
312 1347 437 1383 agrum
458 1339 606 1371 crearet.
663 1334 918 1381 Promulgavit
932 1338 968 1370 et
986 1334 1098 1369 aliam
1114 1334 1226 1381 legem

103 1402 302 1449 agrariam,
324 1413 394 1449 qua
419 1400 484 1436 sibi
503 1401 614 1436 latius
632 1410 762 1446 agrum
786 1397 1026 1446 patefaceret,
1047 1403 1090 1433 ut
1109 1397 1224 1435 iidem

101 1465 288 1501 triumviri
301 1464 532 1515 judicarent,
553 1476 628 1513 qua
646 1461 818 1513 publicus
840 1474 943 1511 ager,
960 1474 1035 1511 qua
1052 1461 1221 1512 privatus

100 1536 223 1566 esset:
256 1531 396 1572 deinde,
425 1541 534 1577 quum
553 1529 669 1564 minus
687 1528 768 1575 agri
788 1531 888 1570 esset,
915 1539 1022 1574 quam
1050 1527 1145 1574 qaod
1164 1527 1223 1562 di-
1249 1541 1255 1547 s

100 1596 177 1632 vidi
201 1599 319 1643 posset
342 1596 416 1630 sine
434 1593 578 1642 obfensa
604 1594 714 1628 etiam
739 1591 864 1640 plebis,
888 1591 1074 1639 (quoniam
1096 1602 1153 1627 eos
1170 1592 1222 1627 ad

99 1660 337 1709 cupiditatem
364 1659 526 1707 amplum
550 1658 697 1694 modum
722 1657 890 1704 sperandi
913 1655 1144 1702 incitaverat)
1167 1657 1220 1692 le-

96 1737 179 1773 gem
196 1736 233 1761 se
247 1725 564 1774 promulgaturum
581 1722 749 1764 ostendit,
770 1726 812 1756 ut
832 1720 891 1763 iis,
912 1720 974 1768 qui
993 1720 1220 1769 Sempronia.

99 1790 184 1839 lege
214 1802 345 1839 agrum
379 1789 550 1838 accipere
578 1785 774 1828 deberent,
801 1784 976 1834 pecunia,
1004 1797 1086 1833 quae
1115 1784 1215 1832 regis

98 1853 221 1892 Attali
240 1853 388 1896 fuisset,
412 1851 652 1888 divideretur.
697 1849 888 1885 Haeredem
907 1853 1026 1884 autem
1039 1849 1217 1896 populu-m

99 1919 304 1956 Romanum
333 1918 529 1965 reliquerat
559 1914 721 1957 Attalus,
750 1925 814 1949 rex
833 1914 1018 1960 Pergami,
1045 1913 1218 1948 Eumenis

85 1984 204 2034 filius.
265 1982 334 2018 Tot
353 1979 628 2028 indignitatibus
654 1981 847 2013 commotus
872 1977 1034 2023 graviter
1056 1980 1214 2019 senatus,

96 2054 180 2085 ante
195 2059 314 2084 omnes
331 2047 371 2083 T.
385 2046 527 2082 Annius
546 2042 754 2084 consularis,
768 2042 842 2089 qui,
858 2052 966 2088 quum
986 2041 1021 2076 in.
1039 2045 1164 2076 senatu
1178 2042 1215 2076 in

102 2112 303 2149 Gracchum
327 2113 541 2160 perorasset,
561 2112 686 2156 raptus
704 2106 748 2142 ab
769 2118 809 2141 eo
828 2106 877 2141 ad
900 2105 1091 2153 populum,
1112 2105 1215 2141 dela-

97 2182 220 2225 tusque
236 2175 344 2224 plebi,
363 2186 484 2211 rursus
502 2175 540 2209 in
559 2184 638 2208 eum
662 2183 730 2220 pro
755 2171 881 2206 rostris
909 2170 1134 2205 concionatus
1152 2173 1214 2207 est.

98 2243 218 2285 Quum
245 2242 377 2276 iterum
410 2239 568 2275 tribunus
592 2236 706 2285 plebis
736 2236 851 2272 creari
881 2235 988 2270 vellet
1018 2233 1212 2276 Gracchus,

95 2310 240 2344 auctore
258 2304 303 2342 P.
322 2303 486 2340 Cornelio
502 2303 649 2343 Nasica,
670 2302 708 2336 in
726 2300 906 2349 Capitolio
924 2299 969 2335 ab
987 2297 1216 2347 optimatibus

595 2363 717 2403 Bb2

508 2414 520 2433 5
