1546 2648
285 105 366 159 278
729 115 775 144 τ.
801 115 935 146 mvn

82 199 129 278 H·
141 199 179 274 g
197 205 270 278 ῗζὲ
283 206 400 255 signis
431 204 590 242 conlatis
619 217 703 242 cum
728 205 839 242 hoste
857 205 1066 256 pugnavit:
1098 217 1220 256 neque
1238 211 1387 243 tantum

118 264 126 274 ”
170 263 177 271 ’
261 264 362 306 'acie
380 270 470 306 vicit
487 286 497 315 3
530 268 595 305 sed
614 275 736 305 castra
754 282 904 318 quoque
923 269 1055 306 eodem
1074 269 1134 306 die
1159 270 1259 320 cepit
1275 283 1283 304 :
1314 270 1389 305 tria

278 333 397 370 millia
417 333 567 369 ducenti
596 333 778 375 hostium,
799 332 997 381 omnisque
1016 345 1061 370 ea
1078 333 1183 382 regio
1203 333 1389 381 Ligurum

277 397 319 432 in
338 396 567 432 deditionem
587 396 702 431 venit.
761 395 905 431 Consul
927 395 1072 432 deditos
1101 397 1139 431 in
1161 401 1386 446 campestres

277 472 388 509 agros
409 460 577 504 deduxit,
594 459 842 510 praesidiaque
860 459 1052 496 montibus
1073 459 1253 509 inposuit.
1311 459 1384 495 Ce-

274 522 405 560 leriter
434 530 472 560 et
508 537 554 560 ex
582 523 779 575 provincia
814 523 932 559 literae
970 522 1135 559 Romam
1170 529 1354 558 venerunt
1372 537 1381 560 ε

275 586 570 638 supplicationes
600 586 650 622 ob
679 598 740 621 eas
761 598 818 621 res
839 591 962 634 gestas
983 586 1022 621 in
1040 585 1206 621 triduum
1225 586 1384 622 decretae

275 658 374 688 sunt.
428 650 616 686 Proetores
646 649 897 698 quadraginta
924 649 1060 684 hostiis
1089 648 1296 699 majoribus
1316 662 1383 699 per

274 713 568 764 supplicationes
606 725 685 748 rem
721 712 887 748 divinam
922 712 1106 749 fecerunt.
1162 712 1223 749 Ab
1261 712 1381 749 altero

274 777 429 813 consule
446 776 493 813 L.
512 776 662 812 Manlio
682 775 777 811 nihil
793 776 975 812 memoria
994 775 1150 824 dignum
1169 777 1209 813 in
1226 776 1380 826 Liguri·

270 841 341 878 bus
361 847 418 877 est
434 846 593 889 gestum.
635 839 735 875 Galli
754 839 1010 889 Transalpini,
1028 840 1101 876 tria
1119 840 1237 877 millia
1254 841 1378 877 homi-

270 916 376 947 num,
407 904 446 939 in
475 903 626 939 Italiam
654 902 892 951 transgressi,
923 901 1114 938 nerninem
1139 902 1240 939 bello
1260 902 1378 940 laces-

270 974 410 1010 sentes,
440 979 570 1015 agrum
602 979 623 1002 a
643 966 860 1002 consulibus
887 971 925 1001 et
954 973 1087 1002 senatu
1115 967 1311 1016 petebant,
1336 975 1377 1004 ut

268 1029 393 1080 pacati
414 1029 482 1065 sub
503 1029 660 1079 imperio
680 1028 809 1078 populi
831 1027 996 1064 Romani
1017 1035 1153 1066 essent.
1208 1030 1287 1066 Eos
1317 1043 1375 1067 se-

267 1100 379 1129 natus
400 1092 580 1129 excedere
599 1091 852 1141 Italiajussit,
870 1098 906 1128 et
925 1091 1118 1127 consulem
1138 1093 1186 1131 Q.
1201 1092 1375 1131 Fulvium

268 1169 448 1205 quaerere,
469 1162 506 1191 et
535 1155 831 1191 animadvertere
860 1156 898 1190 in
928 1167 1007 1198 εοε,
1028 1156 1092 1204 qui
1119 1157 1306 1208 principes
1337 1165 1375 1195 et

267 1226 440 1256 auctores
459 1218 749 1255 transcendendi
768 1218 884 1268 Alpes
907 1219 1079 1256 fuissent.

70 1279 238 1330 Philippus
318 1283 423 1319 LIV.
452 1282 600 1319 Eodem
636 1295 737 1318 anno
774 1282 971 1333 Philippus
1001 1296 1068 1320 rex
1098 1283 1368 1330 Macedonum,

72 1332 209 1397 Ξέῗοξὲ
264 1348 370 1384 senio
400 1355 438 1384 et
466 1359 629 1383 moerore
658 1352 878 1382 consumtus
908 1353 996 1398 post
1023 1355 1186 1384 mortem
1205 1348 1286 1392 filii,
1307 1349 1371 1385 de-

70 1410 246 1441 confectus.
264 1412 387 1448 cessit.
438 1410 682 1447 Demetriade
701 1410 942 1455 hibernabat,
963 1424 1078 1461 quum
1097 1412 1282 1449 desiderio
1302 1425 1368 1449 an-

225 1490 227 1492 ·
262 1475 346 1511 xius
367 1473 448 1518 filii,
465 1481 545 1509 tum
565 1474 791 1523 poenitentia
811 1474 1042 1510 crudelitatis
1063 1487 1137 1511 suae
1156 1490 1163 1511 :
1197 1475 1367 1513 stimula-

261 1538 329 1575 bat
349 1538 515 1573 animum
533 1542 571 1572 et
587 1536 681 1572 alter
696 1536 806 1580 filius,
824 1537 923 1573 haud
943 1538 1055 1574 dubie
1073 1544 1112 1574 et
1131 1550 1197 1574 sua
1217 1545 1253 1574 et
1273 1539 1367 1575 alio-

261 1616 344 1639 rum
381 1602 562 1653 opinione
600 1614 680 1645 rex,
719 1602 963 1651 conversique
999 1602 1038 1638 in
1075 1615 1160 1639 eum
1197 1604 1368 1646 omnium

261 1666 376 1710 oculi,
414 1672 452 1702 et
484 1666 666 1702 destituta.
702 1672 873 1702 senectus
890 1682 900 1711 3
941 1665 1022 1702 aliis
1060 1667 1365 1716 exspectantibus

260 1743 366 1766 suam
386 1736 560 1773 mortem,
581 1729 663 1766 aliis
680 1742 728 1766 ne
747 1730 1051 1780 exspectantibus
1071 1730 1232 1779 quidem.
1277 1731 1366 1770 Quo

259 1794 380 1842 magis
410 1793 634 1842 angebatur,
655 1800 693 1830 et
721 1807 806 1830 cum
832 1807 876 1830 co
895 1795 1112 1843 Antigonus
1144 1795 1365 1832 Echecratis

259 1856 372 1900 filius,
393 1870 532 1893 nomen
549 1858 673 1907 patrui
693 1858 879 1906 Antigoni
898 1858 1036 1901 ferens,
1057 1859 1121 1907 qui
1150 1865 1254 1895 tutor
1272 1859 1362 1895 Phi-

257 1920 352 1971 lippi
379 1919 517 1963 fuerat,
536 1921 648 1969 regiae
678 1921 733 1956 vir
752 1921 974 1971 majestatis,
995 1921 1116 1958 nobili
1135 1923 1250 1964 etiam
1267 1935 1364 1973 pug-

258 1997 308 2020 na
324 1984 498 2020 adversus
516 1983 759 2020 Cleomenem
774 1984 1107 2022 Lacedaemonium
1122 1985 1254 2022 clarus.
1284 1985 1364 2022 Tu·

257 2052 380 2082 torem
409 2059 495 2082 eum
524 2046 662 2090 Graeci,
683 2053 725 2083 ut
754 2049 979 2097 cognomine
1009 2062 1032 2085 a
1049 2049 1182 2084 ceteris
1210 2048 1362 2097 regibus

257 2108 546 2157 distinguerent,
568 2109 816 2159 adpellarunt.
873 2111 998 2162 Hujus
1019 2112 1144 2148 fratris
1165 2111 1261 2148 filius
1280 2112 1363 2148 An-

255 2172 409 2220 tigonus
430 2184 476 2208 ex
495 2173 692 2210 honoratis
712 2174 877 2225 Philippi
898 2176 1027 2212 amicis
1049 2187 1143 2212 unus
1164 2176 1361 2226 incorrup-

255 2240 316 2272 tus
343 2242 624 2287 permanserat:
657 2238 764 2289 eique
793 2250 837 2276 ea
865 2238 970 2284 fides,
1003 2251 1239 2290 nequaquam
1268 2239 1362 2282 ami·
