1546 2648
0 2049 3 2132 Q

0 2142 5 2303 ἰ

298 188 452 217 LIBER
477 186 707 217 XXXVIII·
740 185 846 214 CAP.
871 186 951 214 XL.
1112 187 1189 230 125

21 287 24 289 ·
77 275 294 320 Thraciam,
315 291 381 327 per
409 290 520 327 quani
547 277 619 313 iter
638 275 752 324 vulgo
772 275 994 318 horrebant,
1016 275 1189 324 ingrede-
1203 283 1245 316 U.
1256 283 1293 314 C.
1311 288 1386 315 56⁴.

77 348 192 378 retur.
247 342 336 381 Quo
369 342 560 392 profectus
594 347 651 377 est
682 340 730 376 ab
761 339 1005 389 Lysimachia
1039 340 1111 383 die,
1143 340 1190 377 ad
1204 327 1292 359 A'C·
1311 333 1383 358 ¹⁹⁸¹

77 416 240 448 amnem,
276 405 433 442 Melana
470 418 581 454 quem
618 411 770 447 vocant,
808 404 895 440 iude
938 410 1092 453 postero
1130 404 1190 440 die

76 470 238 521 Cypsela
274 473 470 522 pervenit:
511 485 539 513 a¹
563 471 733 522 Cypselis
767 471 827 507 via
863 470 991 506 decem
1029 469 1191 507 millium

72 533 151 571 fere
170 535 364 579 silvestris,
382 542 556 584 angusta,
571 535 799 583 confragosa
818 533 1050 584 excipiebat:
1073 547 1189 585 prop-

73 605 129 634 ter
148 598 253 649 cujus
275 600 532 637 difficultatem
555 600 698 635 itineris
725 600 764 635 in
784 599 876 635 duas
903 604 1028 649 partes
1049 599 1187 636 divisus

73 664 287 701 exercitus:
321 671 358 700 et
395 664 604 715 praecedere
639 676 714 700 una
739 663 862 713 jussa,
897 663 1016 699 altera
1048 675 1188 712 magno

72 727 271 764 intervallo
298 741 434 777 cogere
461 741 611 777 agmen,
633 728 757 764 media
780 728 1039 778 inpedimenta
1069 728 1188 764 inter-

72 792 225 840 posuit:
259 792 427 841 plaustra
456 804 541 828 cum
572 793 733 841 pecunia
762 792 915 842 publica
947 797 1070 834 erant,
1102 803 1187 842 pre·
1235 813 1247 823 »-

71 856 245 904 tiosaque
265 856 339 891 alia
357 856 494 906 praeda.
552 855 700 905 Itaque,
722 869 836 905 quum
857 869 923 906 per
942 855 1081 892 saltum
1099 857 1186 899 iret,

69 919 260 956 Thracum
280 921 408 957 decem
427 921 528 956 haud
552 921 711 970 amplius
731 919 848 957 mima
868 934 915 957 ex
934 928 1098 970 quatuor
1116 934 1186 972 po-

70 983 181 1034 pulis,
212 985 326 1028 Astii,
354 992 391 1021 et
419 986 538 1028 Caeni,
564 991 600 1021 et
629 985 867 1028 Maduateni,
900 991 937 1021 et
968 985 1109 1028 Coreli,
1140 985 1187 1022 ad

68 1048 168 1098 ipsas
192 1051 384 1098 angustias
406 1051 504 1086 viam
531 1050 863 1087 circumsederunt.
922 1049 1065 1101 Opinio
1089 1057 1184 1093 erat,

69 1125 147 1149 non
176 1114 256 1149 sine
282 1114 448 1165 Philippi
470 1116 568 1164 regis
594 1114 852 1151 Macedonum
875 1114 1007 1151 fraude
1040 1115 1078 1150 id
1106 1114 1186 1150 fac-

68 1184 171 1214 tum:
205 1191 290 1214 eum
310 1180 437 1223 scisse,
457 1192 536 1216 non
556 1179 644 1223 alia,
665 1192 777 1228 quam
806 1192 872 1230 per
889 1179 1107 1222 Thraciam,
1126 1191 1186 1215 re-

68 1241 213 1278 dituros
233 1242 446 1286 Romanos,
468 1249 505 1279 et
525 1250 706 1292 quantam
726 1244 923 1293 pecuniam
946 1255 1072 1279 secum
1093 1255 1184 1292 por-

67 1311 204 1343 tarent.
261 1307 307 1342 ln
335 1308 457 1356 primo
477 1308 630 1356 agmine
649 1308 856 1358 imperator
882 1314 976 1350 erat,
998 1307 1181 1346 sollicitus

67 1376 221 1421 propter
242 1371 480 1420 iniquitatem
499 1371 683 1409 locorum.
737 1370 914 1408 Thraces·
924 1372 1020 1408 n³hil
1039 1384 1078 1407 se
1097 1385 1179 1408 mo·
1189 1373 1332 1423 Thraces

67 1441 214 1478 verunt,
236 1435 355 1472 donec
382 1436 516 1472 armati
545 1437 777 1473 transirent:
810 1442 1010 1486 postquam
1038 1437 1179 1487 primos
1192 1427 1334 1493 33:332*

66 1513 260 1551 superasse
303 1503 497 1551 angustias
535 1503 722 1545 viderunt,
759 1509 971 1553 postremos
1010 1504 1180 1540 nondum

67 1564 428 1616 adpropinquantes,
449 1567 705 1616 inpedimenta
725 1573 762 1603 et
783 1568 947 1603 sarcinas
969 1568 1175 1605 invadunt:

66 1630 245 1678 caesisque
279 1629 512 1673 custodibus,
548 1631 686 1680 partim
719 1643 776 1673 ea,
810 1644 893 1679 quae
927 1630 966 1667 in
1002 1631 1179 1681 plaustris

67 1698 187 1735 erant,
218 1692 392 1742 diripere,
420 1694 557 1742 partim
586 1693 655 1729 sub
683 1693 861 1730 oneribus
884 1694 1062 1744 jumenta
1090 1695 1177 1732 abs-

66 1756 226 1793 trahere.
285 1757 396 1793 Unde
425 1764 625 1808 postquam
657 1758 799 1795 clamor
832 1760 995 1809 primum
1022 1760 1066 1796 ad
1097 1773 1176 1803 eOS‚

65 1822 143 1870 qui,
157 1820 239 1871 jam
264 1822 421 1870 ingressi
443 1822 596 1865 saltum,
617 1823 886 1871 sequebantur,
908 1823 1042 1860 deinde
1062 1826 1177 1862 etiam

65 1885 111 1920 ad
142 1885 303 1935 primum
334 1898 470 1933 agmen
502 1892 559 1922 est
588 1886 768 1936 perlatus,
804 1887 992 1936 utrimque
1024 1889 1064 1924 in
1097 1901 1175 1925 me-

64 1949 165 1985 dium
186 1951 437 1993 concurritur,
459 1957 495 1986 et
516 1951 771 1987 inordinatum
795 1952 906 1987 simul
927 1952 1096 2002 pluribus
1118 1952 1176 1989 lo-

64 2013 116 2048 cis
140 2013 314 2064 proelium
335 2016 557 2052 conseritur.
613 2015 781 2052 Thracas
812 2016 937 2066 przeda
960 2018 1042 2066 ipsa
1067 2018 1174 2067 inpe-

64 2076 162 2113 ditos
186 2079 378 2121 oneribus,
399 2087 436 2115 et
465 2080 665 2129 plerosque
688 2082 747 2128 (ut
776 2081 822 2116 ad
848 2082 1068 2131 rapiendum
1094 2095 1173 2119 ma-

64 2153 132 2176 nus
161 2154 295 2178 vacuas
326 2143 526 2192 haberent)
549 2146 724 2188 inermes,
756 2146 803 2181 ad
832 2145 970 2182 caedem
1000 2146 1168 2196 praebet3

65 2206 260 2243 Romanos
290 2208 466 2258 iniquitas
491 2210 674 2254 locorum,
695 2210 864 2247 barbaris
888 2224 954 2262 per
973 2211 1084 2249 calles
1102 2225 1171 2249 no-

64 2277 122 2306 tos
142 2271 446 2318 obcursantibus,
468 2280 505 2311 et
533 2274 738 2311 latentibus
764 2276 951 2312 interdum
974 2290 1040 2326 per
1060 2290 1169 2315 cavas

61 2333 187 2378 valles,
213 2335 423 2386 prodebat:
455 2340 537 2389 ipsa
565 2340 680 2376 etiam
709 2353 825 2377 onera
853 2340 1107 2392 plaustraque,
1128 2349 1170 2380 ut

561 2392 639 2431 G3
