1546 2648
281 143 369 197 5'82'
709 155 955 184 Em’romzz

281 248 347 285 tos,
388 247 529 290 gentem
575 254 708 278 occano
744 241 927 289 junctam,
975 245 1099 280 navali
1137 244 1263 292 proelio
1295 244 1394 280 vicit.

281 307 463 342 Praeterea
500 317 555 342 res
589 319 611 342 a
644 307 771 353 legatis
811 305 886 353 ejus
927 309 1051 345 eadem
1078 307 1239 357 fortuna
1276 312 1396 355 gestas

280 371 448 406 continet.

790 467 870 505 CV.

281 535 460 599 QUUM
485 551 523 588 C.
546 552 692 588 Catonis
721 552 852 589 tribuni
878 552 990 601 plebis
1012 553 1315 589 intercessionibus
1333 565 1392 590 co-

274 616 379 651 mitia
399 616 625 658 tollerentur,
644 621 788 652 senatus
806 620 935 651 vestem
951 617 1116 652 mutavit.
1172 616 1227 652 M.
1246 616 1336 652 Cato
1355 617 1394 652 in

268 681 446 728 petitione
472 684 655 728 proeturae,
692 680 846 727 prcelato
880 679 1038 722 Vatinio,
1067 680 1246 728 repulsam
1278 681 1364 715 tulit
1378 695 1392 716 .-

271 743 367 779 idem
386 756 492 792 quum
516 745 630 791 legem
656 745 847 792 inpediret,
878 755 947 791 qua
973 745 1167 791 provinciae
1195 744 1405 785 consulibus,

271 811 310 845 in
335 811 628 858 quinquennium,
659 811 831 858 Pompeio
860 810 1059 858 Hispaniae,
1082 810 1206 846 Crasso
1230 810 1337 858 Syria
1355 813 1390 846 et

273 873 488 909 Parthicum
513 874 657 917 bellum,
678 874 810 910 Caesari
833 874 956 909 Gallia
974 878 1009 909 et
1032 873 1226 909 Germania
1253 873 1389 909 daban-

272 942 345 981 tur,
366 951 389 974 a
411 938 448 974 C.
471 939 643 974 Trebonio
660 938 800 974 tribuno
826 939 949 986 plebis,
973 939 1060 985 legis
1077 942 1234 979 auctore,
1256 939 1290 973 in
1309 938 1388 973 vin-

271 1003 354 1037 cula
387 1003 515 1038 ductus
546 1007 610 1039 est,
665 1004 711 1039 A.
738 1002 910 1038 Gabinius
939 1003 1130 1049 proconsul
1154 1002 1390 1037 Ptolemaeum

267 1065 410 1100 reduxit
430 1066 466 1100 in
485 1077 633 1112 regnum
653 1066 824 1113 AEgypti,
845 1063 954 1110 ejecto
975 1064 1166 1105 Archelao,
1198 1076 1298 1112 quem
1323 1064 1391 1100 sibi

266 1140 383 1176 regem
415 1130 650 1165 adsciverant.
710 1129 841 1171 Caesar,
861 1130 966 1164 victis
989 1129 1178 1164 Germanis
1203 1130 1236 1164 in
1262 1129 1401 1164 Gallia·

267 1193 443 1241 coesisque,
478 1194 643 1230 Rhenum
675 1195 906 1235 transcendit,
947 1197 986 1229 et*
1007 1194 1209 1240 proximam
1243 1197 1387 1240 partem

273 1256 474 1293 Germanice
502 1259 666 1294 domuit:
694 1270 739 1293 ac
767 1259 894 1294 deinde
923 1268 1053 1292 oceano
1083 1258 1119 1291 in
1138 1256 1384 1299 Britanniam,

262 1321 380 1369 primo
405 1333 537 1369 parum
556 1334 722 1369 prospere
741 1321 1008 1369 tempestatibus
1025 1322 1194 1362 adversis,
1217 1319 1358 1367 trajecit
1368 1336 1382 1364 ,-

265 1384 397 1420 iterum
412 1397 545 1432 parum
554 1385 707 1433 felicius
722 1401 734 1421 .·
761 1397 965 1433 magnaque
982 1385 1213 1420 multitudine
1231 1383 1388 1418 hostium

266 1458 369 1493 caesa,
391 1448 552 1496 aliquam
567 1453 713 1497 partem
733 1449 858 1484 insulae
876 1450 911 1484 in
929 1452 1141 1497 potestatem
1162 1448 1312 1494 redegit.

776 1544 878 1588 CVI.

263 1616 307 1667 J
310 1630 436 1666 ULIA
465 1630 613 1666 Caesaris
628 1631 729 1680 filia,
749 1631 915 1679 Pompeii
934 1643 1036 1673 uxor,
1058 1631 1230 1667 decessit:
1257 1628 1383 1665 honos-

262 1705 329 1742 que
347 1696 379 1729 ei
397 1706 421 1730 α
446 1695 582 1742 populo
608 1694 747 1730 habitus
765 1699 830 1736 est,
860 1700 902 1730 ut
922 1696 957 1730 in
977 1707 1104 1743 campo
1123 1694 1263 1730 Martio
1281 1705 1380 1741 sepe-

263 1758 400 1794 liretur.
473 1758 662 1793 Gallorum
701 1759 839 1805 aliquot
876 1759 1018 1806 populi,
1057 1758 1262 1804 Ambiorige
1293 1757 1384 1792 duce

262 1820 487 1863 Eburonum,
526 1820 733 1869 defecerunt
750 1838 762 1857 .·
791 1834 813 1857 a
842 1823 965 1869 quibus
999 1822 1106 1858 Cotta
1133 1826 1169 1857 et
1206 1821 1380 1862 Titurius,

263 1885 373 1932 legati
399 1884 560 1926 Caemris,
591 1885 823 1920 circumventi
842 1886 992 1926 insidiis,
1014 1897 1094 1921 cum
1122 1886 1291 1926 exercitu,
1323 1885 1383 1920 cui

256 1954 453 1997 praeerant,
490 1950 568 1985 caesi
599 1954 706 1986 sunt:
735 1953 771 1985 et
791 1961 898 1998 quum
919 1950 1074 1985 aliarum
1109 1960 1245 1995 quoquc
1268 1948 1378 1994 legio-

257 2025 343 2048 num
373 2013 492 2048 castra
526 2013 728 2060 obpugnata
765 2026 897 2061 magno
928 2013 1046 2050 labore
1077 2011 1223 2059 defensa
1254 2015 1379 2052 essent,

260 2079 421 2124 interque
442 2089 510 2118 eos,
533 2079 594 2125 qui
615 2079 649 2112 in
667 2077 810 2113 Nerviis
835 2083 1004 2126 praeerat,
1028 2077 1071 2118 Q.
1091 2076 1224 2117 Cicero,
1242 2074 1285 2110 ab
1304 2075 1379 2122 ipso

259 2139 398 2176 Coesare
431 2140 544 2176 hostes
568 2142 695 2188 proelio
713 2140 797 2189 fusi
827 2146 918 2177 sunt.
976 2140 1030 2176 M.
1061 2139 1219 2180 Crassum
1250 2138 1380 2173 bellam

255 2205 404 2242 Parthis
424 2204 616 2247 inlaturus,
638 2205 864 2253 Euphratem
879 2205 1037 2254 fluvium
1067 2204 1224 2245 transiit,
1242 2205 1377 2238 victus-

252 2282 318 2318 quc
337 2270 462 2318 proelio
481 2270 517 2307 in
537 2282 604 2319 quo
624 2275 660 2306 et
674 2271 782 2319 filius
800 2268 875 2316 ejus
893 2270 1033 2313 cecidit,
1065 2279 1173 2318 quum
1201 2267 1377 2316 reliquias
