1546 2648
113 238 155 270 U.
168 237 207 269 C.
222 243 296 270 565.

109 281 203 312 A.C.
222 288 294 318 137.

112 683 273 714 Cenoma-

110 727 161 755 nis
176 735 265 757 arma

110 770 238 800 ademta
253 776 284 801 et

110 812 239 844 reddita.

106 1907 240 1956 Fulvius

106 1957 184 1989 peut
200 1958 252 1981 tn-

110 1994 288 2034 umphum.

307 144 388 200 156
486 186 490 192 ,
756 157 802 186 r.
827 156 960 187 mvn

308 255 486 294 armaque
504 243 657 289 ademit,
678 250 717 281 et
731 245 777 282 de
796 245 990 283 montibus
1011 245 1050 283 in
1070 257 1222 296 campos
1243 244 1415 283 multitu-

307 311 434 347 dinem
453 310 619 347 deduxit.
674 310 826 347 Pacatis
842 311 1063 360 Liguribus,
1083 312 1122 348 in
1141 324 1275 361 agrum
1294 311 1415 348 Galli-

307 387 391 411 cum
412 375 618 411 exercitum
637 374 766 420 duxit;
788 375 962 425 viamque
981 376 1028 413 ab
1044 376 1254 420 Placentia,
1271 382 1314 412 ut
1327 375 1416 412 Fla-

305 439 432 475 miniae
470 439 738 482 committeret,
772 440 988 476 Ariminum
1018 440 1206 490 perduxit.
1271 439 1416 476 Proelio

305 502 456 546 ultimo,
476 516 553 552 quo
572 516 657 539 vcurn
682 503 887 552 Liguribus
908 504 1025 553 signis
1046 504 1206 541 conlatis
1227 503 1415 555 conflixi-t,

308 566 425 602 aedem
444 565 468 602 J
473 567 590 602 unoni
614 566 775 615 Reginae
800 567 915 604 vovit.
972 567 1067 604 Haec
1087 569 1126 604 in
1144 567 1350 616 Liguribus
1370 579 1417 603 eo

308 642 410 667 anno
430 636 550 679 gesta.

362 693 438 731 III.
467 694 514 730 In
534 693 659 730 Gallia
675 693 733 731 M.
748 694 884 731 Furius
902 702 1043 745 praetor
1062 694 1276 731 insontibus
1291 694 1416 730 Ceno·

307 758 443 801 manis,
464 757 504 793 in
527 770 621 807 pace
647 758 810 808 speciem
832 758 920 794 belli
942 770 1127 808 quaerens,
1147 758 1338 794 ademerat
1357 769 1417 793 ar-

304 834 379 859 ma.
436 820 482 857 Id
502 820 712 857 Cenomani
732 822 930 870 conquesti
949 821 1084 858 Romae
1107 821 1208 871 apud
1225 827 1414 865 senatum,

303 884 511 936 rejectique
527 885 573 922 ad
593 885 787 921 consulem
805 885 1006 922 AEmilium
1019 901 1029 931 3
1053 886 1130 929 cui,
1145 893 1188 921 ut
1206 896 1415 934 cognosce-

302 957 362 988 ret
381 956 652 999 statueretque,
679 956 830 986 senatus
854 951 1098 1001 permiserat:
1132 962 1272 999 magno
1292 956 1414 986 certa-

302 1015 405 1053 mine
420 1027 505 1051 cum
524 1020 686 1065 praetore
703 1014 851 1059 habito,
868 1021 1073 1051 tenuerunt
1088 1026 1258 1051 caussam
1273 1028 1281 1049 :
1311 1026 1415 1050 arma

302 1078 458 1115 reddere
477 1078 723 1119 Cenomanis,
753 1077 932 1114 decedere
958 1079 1154 1128 provincia
1178 1084 1318 1127 praetor
1329 1075 1415 1125 jus-
1451 1061 1460 1072 ⁹

302 1154 379 1179 sus,
434 1141 590 1190 Legatis
616 1141 750 1177 deinde
774 1142 963 1177 sociorum
993 1141 1123 1177 Latini
1148 1141 1328 1183 nominis,
1350 1140 1415 1189 qui

301 1212 388 1243 toto
403 1206 570 1255 undique
589 1217 635 1241 ex
653 1205 770 1241 Latio
784 1206 1000 1254 frequentes
1017 1210 1286 1247 convenerant,
1304 1216 1413 1240 sena-
1430 1197 1437 1201 ¹

300 1276 363 1306 tus
383 1269 491 1306 datus
518 1274 594 1305 est:
626 1268 684 1304 his
711 1268 971 1317 querentibus,
997 1281 1173 1317 magnam
1201 1266 1413 1303 multitudi-

300 1345 390 1370 nem
409 1333 547 1370 civium
565 1345 718 1368 suorum
734 1332 899 1369 Romam
914 1334 1183 1381 coninigrasse,
1202 1339 1241 1368 et
1255 1331 1307 1367 ibi
1323 1344 1411 1367 cen-

301 1410 364 1435 sos
384 1409 478 1441 esse,
499 1397 548 1436 Q.
567 1397 750 1433 Terentio
768 1396 942 1433 Culleoni
962 1398 1115 1448 praetori
1134 1396 1331 1444 negotium
1345 1395 1412 1432 da·

299 1468 383 1499 tum
416 1467 487 1505 est,
521 1468 562 1497 ut
592 1473 656 1497 eos
687 1462 939 1510 conquireret,
967 1468 1018 1504 et,
1045 1473 1155 1510 quem
1177 1460 1220 1495 C.
1235 1458 1410 1503 Claudio,

299 1525 358 1562 M.
371 1524 483 1561 Livio
503 1524 738 1567 censoribus,
759 1531 892 1574 postve
911 1537 974 1560 eos
991 1535 1180 1566 censores,
1201 1523 1323 1573 ipsum
1342 1535 1410 1573 pa-

299 1596 494 1626 rentemve
509 1587 588 1638 ejus
608 1588 707 1637 apud
727 1600 765 1624 se
781 1600 934 1624 censum
953 1600 1048 1631 esse,
1064 1587 1289 1637 probassent
1301 1587 1410 1630 socii,

300 1658 345 1690 ut
362 1653 483 1689 redire
502 1665 549 1689 eo
568 1658 734 1701 cogeret,
756 1652 820 1688 ubi
840 1653 942 1688 censi
961 1659 1099 1688 essent.
1146 1651 1232 1687 Hac
1252 1651 1410 1700 conqui-

303 1718 442 1753 sitione
476 1716 673 1753 duodecim
711 1716 829 1752 millia
864 1716 1091 1752 Latinorum
1127 1716 1258 1751 domos
1291 1715 1410 1750 redie-

300 1788 404 1824 runt,
435 1779 518 1830 jam
555 1786 637 1816 tum
672 1779 913 1816 multitudine
945 1779 1239 1828 alienigenarum
1280 1778 1408 1816 urbem

299 1852 496 1882 onerante.

355 1909 424 1946 IV.
452 1909 675 1958 Priusquam
692 1909 863 1946 consules
876 1910 1041 1946 redirent
1055 1908 1234 1951 Romam,
1251 1906 1409 1944 M.Ful-

300 1975 382 2011 vius
402 1973 607 2024 proconsul
626 1986 673 2009 ex
691 1974 839 2010 AEtolia
858 1975 968 2010 rediit
984 1989 990 2008 :
1014 1974 1133 2022 isque,
1155 1973 1202 2008 ad
1221 1972 1338 2009 aedem
1352 1973 1408 2009 A-

299 2038 453 2089 pollinis
472 2039 510 2073 in
532 2044 665 2073 senatu
686 2051 800 2086 quum
827 2039 871 2074 de
890 2038 1000 2073 rebus
1020 2038 1059 2073 in
1078 2036 1227 2073 AEtolia
1243 2036 1409 2086 Cephal-

299 2103 473 2150 leniaque
494 2101 541 2137 ab
565 2113 606 2136 se
630 2102 746 2150 gestis
773 2102 1024 2144 disseruisset,
1045 2102 1154 2151 petiit
1173 2114 1195 2137 a
1214 2101 1406 2146 Patribus,

299 2172 343 2202 ut
363 2178 508 2215 aequum
529 2173 737 2208 censerent,
754 2166 802 2201 ob
823 2164 1093 2215 rempublicam
1112 2165 1208 2202 bene
1224 2178 1267 2202 ac
1285 2165 1408 2202 felici-

299 2237 358 2267 ter
378 2236 536 2280 gestam,
557 2238 594 2266 et
613 2229 696 2265 Diis
717 2230 981 2266 inmortalibus
1001 2230 1185 2266 honorem
1200 2228 1407 2279 haberiju-

300 2294 403 2338 bere,
424 2301 462 2330 et
481 2293 555 2331 sibi
572 2293 805 2345 triumphum
826 2294 1036 2332 decernere.
1074 2293 1131 2333 M.
1150 2294 1316 2333 Aburius
1337 2294 1404 2332 tri-
