1546 2648
325 155 479 184 min-:R
506 154 586 183 xx„
619 153 727 181 οΑΡ.
750 153 907 183 xxxv.
1097 153 1178 198 259

66 243 157 280 buni
178 243 354 285 militum,
378 242 423 278 T.
445 241 608 278 Maenius
629 247 668 276 et
694 240 741 276 L.
761 240 964 276 Terentius
983 241 1177 278 Massilio-
1189 248 1233 278 U.
1247 247 1283 277 C.
1298 252 1373 280 572.

64 313 116 344 ta.
163 307 233 351 Hi,
253 319 368 356 quum
389 306 464 341 duo
484 305 648 341 secunda
667 303 817 355 proelia,
838 304 1069 341 deditionem
1090 306 1178 342 Cel·
1189 291 1229 322 Α·
1242 289 1280 320 C·
1301 295 1372 320 ¹⁸⁰⁸

65 371 225 415 tiberiae,
245 371 458 408 confectam
480 369 713 419 provinciam
742 368 1000 411 nunciassent,
1020 381 1091 406 nec
1110 370 1179 406 sti-

64 435 217 484 pendio,
237 433 338 483 quod
358 434 459 470 mitti
480 432 633 475 soleret,
653 444 724 468 nec
742 431 936 467 frumento
958 438 1113 481 portato
1133 434 1182 468 ad

66 498 273 534 exercitum
293 499 332 534 in
352 510 437 534 eum
457 509 598 533 annum
618 508 713 547 opus
733 507 828 538 esse,
849 495 1043 544 petierunt
1059 495 1106 532 ab
1123 509 1182 532 se-

64 568 158 597 natu
176 563 353 611 primum,
374 567 416 598 ut
434 562 475 598 ob
494 574 550 597 res
565 572 734 609 prospere
752 565 872 607 gestos
888 560 978 595 Diis
1004 561 1182 596 inmorta-

65 626 155 662 libus
173 626 281 663 honos
307 626 496 662 haberetur
514 642 526 662 .·
554 624 704 667 deinde,
726 629 766 660 ut
795 625 840 665 Q.
859 623 985 660 Fulvio
1003 625 1184 660 decedenti

65 689 109 724 de
143 691 330 737 provincia
366 691 556 738 deportare
592 689 676 724 inde
710 689 918 730 exercitum,
959 685 1058 733 cujus
1082 686 1184 736 forti

64 765 176 801 opera
194 759 228 790 et
247 755 322 802 ipse
343 758 378 790 et
396 755 503 789 multi
521 758 606 789 ante
623 765 703 789 eum
726 757 898 801 praetores
918 753 971 788 usi
989 757 1115 795 essent,
1138 753 1183 788 li-

63 821 183 853 ceret:
211 818 306 864 quod
311 818 414 867 fieri,
431 821 674 865 praeterquam
693 817 789 864 quod
815 818 870 852 ita
895 816 1049 858 deberet,
1074 817 1189 851 etiam

61 891 178 927 prope
205 882 439 916 necessarium
465 884 564 916 esset.
621 879 682 915 lta
704 881 798 915 enim
816 879 1009 915 obstinatos
1027 890 1097 915 esse
1114 881 1184 915 mi-

66 943 158 985 lites,
178 948 219 979 ut
234 955 304 979 non
319 943 417 979 ultra
432 944 579 979 retineri
592 954 695 990 posse
710 944 747 978 in
759 943 949 990 provincia
962 937 1184 986 viderentur,

66 1004 269 1055 injussuque
281 1007 417 1043 abituri
436 1008 518 1043 inde
533 1011 660 1049 essent,
675 1008 707 1042 si
720 1018 791 1042 non
810 1007 1102 1043 dimitterentur:
1121 1010 1187 1042 aut

66 1070 103 1105 in
118 1072 371 1118 perniciosam,
390 1071 421 1106 si
439 1072 516 1118 quis
535 1072 678 1117 inpense
694 1071 876 1113 retineret,
898 1071 1107 1106 seditionem
1125 1081 1186 1105 ex-

69 1136 199 1170 arsuri.
257 1133 489 1170 Consulibus
527 1132 712 1170 ambobus
743 1133 978 1183 provinciam
1024 1132 1187 1182 Ligures

69 1208 150 1232 esse
169 1203 323 1233 senatus
336 1195 467 1246 jussit.
523 1196 712 1232 Praetores
732 1196 821 1232 inde
840 1197 967 1232 sortiti
987 1203 1088 1232 sunt.
1138 1197 1188 1233 A.

69 1259 243 1296 Hostilio
273 1260 433 1303 urbana,
453 1259 515 1297 Ti.
535 1259 713 1296 Minucio
732 1261 934 1310 peregrina
952 1260 1123 1303 obvenit,
1143 1260 1189 1297 P.

70 1323 252 1360 Cornelio
289 1323 432 1367 Sicilia,
473 1323 517 1360 C.
547 1323 697 1360 Maenio
735 1324 922 1361 Sardinia.
979 1323 1188 1374 Hispanias

69 1389 210 1432 sortiti,
247 1387 294 1426 L.
323 1388 543 1425 Postumius
582 1387 816 1431 ulteriorem,
848 1387 909 1425 Ti.
940 1388 1187 1438 Sempronius

69 1454 297 1492 citeriorem.
355 1453 393 1490 Is
423 1454 514 1503 qnia
541 1465 782 1489 successurus
813 1453 863 1492 Q.
883 1452 1019 1488 Fulvio
1047 1451 1188 1490 Flacco

68 1524 165 1560 erat,
185 1530 234 1554 ne
253 1525 379 1554 vetere
405 1517 574 1554 exercitu
602 1518 800 1567 provincia
818 1515 1059 1567 spoliaretur,
1083 1517 1190 1559 Quae-

70 1594 126 1625 ro,
146 1582 284 1630 inquit,
303 1583 346 1618 de
375 1587 422 1625 te,
443 1582 489 1618 L.
509 1582 666 1624 Minuci,
688 1594 794 1629 quum
815 1580 1016 1630 confectam
1042 1583 1192 1630 provin-

70 1647 165 1682 ciam
192 1648 350 1689 nuncies,
381 1648 612 1689 existimesne,
646 1645 838 1682 Celtiberos
862 1650 1039 1694 perpetuo
1059 1647 1093 1681 in
1109 1646 1192 1694 fide

70 1721 270 1752 mansuros,
298 1711 352 1745 ita
387 1714 429 1745 ut
456 1711 532 1745 sine
565 1710 722 1745 exercitu
755 1720 798 1744 ea
827 1710 1016 1757 provincia
1043 1708 1193 1744 obtineri
1242 1747 1248 1751 β

67 1773 216 1820 possit?
244 1772 287 1808 Si
313 1785 428 1821 neque
456 1774 500 1808 de
515 1773 596 1822 fide
623 1772 855 1809 barbarorum
884 1774 1080 1821 quidquam
1098 1775 1190 1809 reci-

70 1849 158 1886 pere
186 1842 252 1873 aut
279 1838 473 1887 adfirmare
491 1838 590 1873 nobis
613 1843 730 1886 potes,
750 1842 785 1873 et
804 1837 1002 1874 habendum
1023 1837 1100 1873 illic
1116 1839 1191 1872 uti-

73 1913 140 1949 que
170 1903 364 1937 exercitum
394 1913 534 1945 censes,·
563 1905 684 1937 utrum
715 1902 861 1938 tandem
894 1906 1021 1937 auctor
1051 1902 1193 1936 senatui

71 1966 120 2001 sis
145 1966 433 2013 supplementum
462 1967 499 2001 in
527 1965 745 2013 Hispaniam
769 1966 947 2007 mittendi,
967 1969 1009 2000 ut
1029 1966 1054 1999 ii
1072 1965 1191 2005 modo,

76 2029 200 2077 quibus
214 2031 364 2064 emerita
381 2029 561 2076 stipendia
578 2030 663 2070 sint,
680 2029 814 2064 milites
833 2029 1078 2068 dimittantur,
1097 2031 1193 2062 vete-

76 2093 173 2128 ribus
200 2092 373 2129 militibus
403 2094 534 2128 tirones
562 2093 854 2128 inmisceamur?
882 2104 943 2133 an,
963 2091 1124 2127 deductis
1151 2091 1194 2125 de

76 2157 262 2204 provincia
297 2157 469 2193 veteribus
502 2157 710 2205 legionibus,
742 2169 852 2193 novas
883 2155 1124 2192 conscribendi
1158 2158 1195 2190 et

76 2220 269 2263 mittendi3
298 2231 405 2268 quum
431 2225 646 2257 contemtum
675 2222 880 2257 tirocinium
899 2222 1008 2256 etiam
1035 2218 1198 2254 mitiores

81 2283 248 2320 barbaros
266 2285 420 2320 excitare
435 2286 483 2321 ad
500 2285 748 2322 rebellandum
764 2286 910 2334 possit?
938 2284 1070 2325 Dictu,
1087 2292 1196 2330 quam

6 2347 18 2364 o
