<?xml version="1.0" encoding="UTF-8"?>
<!DOCTYPE html PUBLIC "-//W3C//DTD XHTML 1.0 Transitional//EN"
    "http://www.w3.org/TR/xhtml1/DTD/xhtml1-transitional.dtd">
<html xmlns="http://www.w3.org/1999/xhtml" xml:lang="en" lang="en">
 <head>
  <title>
</title>
<meta http-equiv="Content-Type" content="text/html;charset=utf-8" />
  <meta name='ocr-system' content='tesseract 3.04.00' />
  <meta name='ocr-capabilities' content='ocr_page ocr_carea ocr_par ocr_line ocrx_word'/>
</head>
<body>
  <div class='ocr_page' id='page_1' title='image "./historiarumquaes04livyuoft/historiarumquaes04livyuoft_0064.png"; bbox 0 0 1546 2648; ppageno 0'>
   <div class='ocr_carea' id='block_1_1' title="bbox 337 202 1001 246">
    <p class='ocr_par' dir='ltr' id='par_1_1' title="bbox 337 202 1001 246">
     <span class='ocr_line' id='line_1_1' title="bbox 337 202 1001 246; baseline 0.011 -17"><span class='ocrx_word' id='word_1_1' title='bbox 337 202 394 246; x_wconf 86' lang='lat'>54</span> <span class='ocrx_word' id='word_1_2' title='bbox 487 218 492 225; x_wconf 30' lang='grc' dir='ltr'><strong>Δ</strong></span> <span class='ocrx_word' id='word_1_3' title='bbox 799 206 844 234; x_wconf 77' lang='grc' dir='ltr'>Τ.</span> <span class='ocrx_word' id='word_1_4' title='bbox 871 206 1001 236; x_wconf 75' lang='lat' dir='ltr'>mvn</span> 
     </span>
    </p>
   </div>
   <div class='ocr_carea' id='block_1_2' title="bbox 144 283 1444 347">
    <p class='ocr_par' dir='ltr' id='par_1_2' title="bbox 144 283 1444 347">
     <span class='ocr_line' id='line_1_2' title="bbox 144 283 1444 347; baseline 0.005 -19"><span class='ocrx_word' id='word_1_5' title='bbox 144 283 233 315; x_wconf 63' lang='lat' dir='ltr'>uc·</span> <span class='ocrx_word' id='word_1_6' title='bbox 253 290 414 336; x_wconf 80' lang='lat' dir='ltr'>⁵⁶2·sus,</span> <span class='ocrx_word' id='word_1_7' title='bbox 436 306 519 330; x_wconf 87' lang='lat' dir='ltr'>cum</span> <span class='ocrx_word' id='word_1_8' title='bbox 539 295 667 344; x_wconf 84' lang='lat' dir='ltr'>paucis</span> <span class='ocrx_word' id='word_1_9' title='bbox 688 294 821 331; x_wconf 83' lang='lat' dir='ltr'>itincre</span> <span class='ocrx_word' id='word_1_10' title='bbox 839 296 1002 345; x_wconf 75' lang='lat' dir='ltr'>pedestri</span> <span class='ocrx_word' id='word_1_11' title='bbox 1022 296 1168 346; x_wconf 80' lang='lat' dir='ltr'>Syriam</span> <span class='ocrx_word' id='word_1_12' title='bbox 1188 299 1309 347; x_wconf 84' lang='lat' dir='ltr'>petiit.</span> <span class='ocrx_word' id='word_1_13' title='bbox 1342 298 1444 335; x_wconf 76' lang='lat' dir='ltr'>Asiae</span> 
     </span>
    </p>
   </div>
   <div class='ocr_carea' id='block_1_3' title="bbox 142 327 325 362">
    <p class='ocr_par' dir='ltr' id='par_1_3' title="bbox 142 327 325 362">
     <span class='ocr_line' id='line_1_3' title="bbox 142 327 325 362; baseline 0.016 -5"><span class='ocrx_word' id='word_1_14' title='bbox 142 327 184 358; x_wconf 81' lang='grc' dir='ltr'>Δ.</span> <span class='ocrx_word' id='word_1_15' title='bbox 197 328 234 358; x_wconf 88' lang='lat' dir='ltr'>C.</span> <span class='ocrx_word' id='word_1_16' title='bbox 255 335 325 362; x_wconf 86' lang='lat'><strong>190.</strong></span> 
     </span>
    </p>
   </div>
   <div class='ocr_carea' id='block_1_4' title="bbox 111 739 307 864">
    <p class='ocr_par' dir='ltr' id='par_1_4' title="bbox 111 739 307 864">
     <span class='ocr_line' id='line_1_4' title="bbox 111 739 266 769; baseline 0.006 -1"><span class='ocrx_word' id='word_1_17' title='bbox 111 739 266 769; x_wconf 75' lang='lat' dir='ltr'>Antiochi</span> 
     </span>
     <span class='ocr_line' id='line_1_5' title="bbox 113 781 307 831; baseline 0.005 -20"><span class='ocrx_word' id='word_1_18' title='bbox 113 781 236 820; x_wconf 78' lang='lat' dir='ltr'>legatus</span> <span class='ocrx_word' id='word_1_19' title='bbox 253 792 307 831; x_wconf 83' lang='lat' dir='ltr'>pa-</span> 
     </span>
     <span class='ocr_line' id='line_1_6' title="bbox 112 833 288 864; baseline 0.017 -10"><span class='ocrx_word' id='word_1_20' title='bbox 112 833 185 856; x_wconf 67' lang='lat' dir='ltr'>cem</span> <span class='ocrx_word' id='word_1_21' title='bbox 199 833 288 864; x_wconf 75' lang='lat' dir='ltr'>petit·</span> 
     </span>
    </p>
   </div>
   <div class='ocr_carea' id='block_1_5' title="bbox 304 357 1444 2343">
    <p class='ocr_par' dir='ltr' id='par_1_5' title="bbox 304 357 1444 2343">
     <span class='ocr_line' id='line_1_7' title="bbox 337 357 1444 412; baseline 0.006 -20"><span class='ocrx_word' id='word_1_22' title='bbox 337 357 507 395; x_wconf 82' lang='lat' dir='ltr'>civitates</span> <span class='ocrx_word' id='word_1_23' title='bbox 527 359 567 394; x_wconf 86' lang='lat' dir='ltr'>in</span> <span class='ocrx_word' id='word_1_24' title='bbox 589 359 699 396; x_wconf 89' lang='lat' dir='ltr'>fidem</span> <span class='ocrx_word' id='word_1_25' title='bbox 726 359 890 395; x_wconf 83' lang='lat' dir='ltr'>consulis</span> <span class='ocrx_word' id='word_1_26' title='bbox 921 360 1176 410; x_wconf 82' lang='lat' dir='ltr'><strong>ditionemque</strong></span> <span class='ocrx_word' id='word_1_27' title='bbox 1205 362 1332 412; x_wconf 76' lang='lat' dir='ltr'>popuii</span> <span class='ocrx_word' id='word_1_28' title='bbox 1359 363 1444 399; x_wconf 83' lang='lat' dir='ltr'>Ro-</span> 
     </span>
     <span class='ocr_line' id='line_1_8' title="bbox 335 422 1437 474; baseline 0.005 -17"><span class='ocrx_word' id='word_1_29' title='bbox 335 422 436 457; x_wconf 86' lang='lat' dir='ltr'>mani</span> <span class='ocrx_word' id='word_1_30' title='bbox 471 435 551 458; x_wconf 84' lang='lat' dir='ltr'>sese</span> <span class='ocrx_word' id='word_1_31' title='bbox 585 422 796 458; x_wconf 77' lang='lat' dir='ltr'>tradebant.</span> <span class='ocrx_word' id='word_1_32' title='bbox 853 423 1030 460; x_wconf 82' lang='lat' dir='ltr'>Sardibus</span> <span class='ocrx_word' id='word_1_33' title='bbox 1058 423 1140 474; x_wconf 84' lang='lat' dir='ltr'>jam</span> <span class='ocrx_word' id='word_1_34' title='bbox 1167 426 1300 462; x_wconf 86' lang='lat' dir='ltr'>consul</span> <span class='ocrx_word' id='word_1_35' title='bbox 1333 433 1437 463; x_wconf 87' lang='lat' dir='ltr'>erat:</span> 
     </span>
     <span class='ocr_line' id='line_1_9' title="bbox 335 486 1440 540; baseline 0.005 -18"><span class='ocrx_word' id='word_1_36' title='bbox 335 498 381 523; x_wconf 85' lang='lat' dir='ltr'>eo</span> <span class='ocrx_word' id='word_1_37' title='bbox 411 493 447 522; x_wconf 88' lang='lat' dir='ltr'>et</span> <span class='ocrx_word' id='word_1_38' title='bbox 474 487 515 523; x_wconf 91' lang='lat' dir='ltr'>P.</span> <span class='ocrx_word' id='word_1_39' title='bbox 534 487 661 536; x_wconf 83' lang='lat' dir='ltr'><strong>Scipio</strong></span> <span class='ocrx_word' id='word_1_40' title='bbox 691 486 738 523; x_wconf 86' lang='lat' dir='ltr'>ab</span> <span class='ocrx_word' id='word_1_41' title='bbox 763 486 882 529; x_wconf 79' lang='lat' dir='ltr'>Elaea,</span> <span class='ocrx_word' id='word_1_42' title='bbox 903 500 1016 536; x_wconf 82' lang='lat' dir='ltr'>quum</span> <span class='ocrx_word' id='word_1_43' title='bbox 1048 490 1208 538; x_wconf 80' lang='lat' dir='ltr'>primum</span> <span class='ocrx_word' id='word_1_44' title='bbox 1234 491 1312 540; x_wconf 80' lang='lat' dir='ltr'>pati</span> <span class='ocrx_word' id='word_1_45' title='bbox 1333 490 1440 528; x_wconf 81' lang='lat' dir='ltr'>labo-</span> 
     </span>
     <span class='ocr_line' id='line_1_10' title="bbox 334 551 1442 605; baseline 0.005 -19"><span class='ocrx_word' id='word_1_46' title='bbox 334 563 412 586; x_wconf 86' lang='lat' dir='ltr'>rem</span> <span class='ocrx_word' id='word_1_47' title='bbox 440 551 507 587; x_wconf 84' lang='lat' dir='ltr'>viae</span> <span class='ocrx_word' id='word_1_48' title='bbox 533 551 673 602; x_wconf 82' lang='lat' dir='ltr'>potuit,</span> <span class='ocrx_word' id='word_1_49' title='bbox 696 551 812 587; x_wconf 70' lang='lat' dir='ltr'>venit.</span> <span class='ocrx_word' id='word_1_50' title='bbox 869 551 946 588; x_wconf 78' lang='lat' dir='ltr'>Sub</span> <span class='ocrx_word' id='word_1_51' title='bbox 967 553 1062 589; x_wconf 80' lang='lat' dir='ltr'>idem</span> <span class='ocrx_word' id='word_1_52' title='bbox 1091 553 1169 590; x_wconf 87' lang='lat' dir='ltr'>fere</span> <span class='ocrx_word' id='word_1_53' title='bbox 1203 561 1349 605; x_wconf 86' lang='lat' dir='ltr'>tempus</span> <span class='ocrx_word' id='word_1_54' title='bbox 1379 569 1442 592; x_wconf 90' lang='lat' dir='ltr'>ca-</span> 
     </span>
     <span class='ocr_line' id='line_1_11' title="bbox 333 614 1439 666; baseline 0.005 -16"><span class='ocrx_word' id='word_1_55' title='bbox 333 614 514 651; x_wconf 86' lang='lat' dir='ltr'>duceator</span> <span class='ocrx_word' id='word_1_56' title='bbox 543 614 589 651; x_wconf 90' lang='lat' dir='ltr'>ab</span> <span class='ocrx_word' id='word_1_57' title='bbox 609 615 804 651; x_wconf 80' lang='lat' dir='ltr'>Antiocho</span> <span class='ocrx_word' id='word_1_58' title='bbox 833 628 898 665; x_wconf 85' lang='lat' dir='ltr'>per</span> <span class='ocrx_word' id='word_1_59' title='bbox 926 615 968 652; x_wconf 91' lang='lat' dir='ltr'>P.</span> <span class='ocrx_word' id='word_1_60' title='bbox 990 617 1204 666; x_wconf 75' lang='lat' dir='ltr'>Scipionem</span> <span class='ocrx_word' id='word_1_61' title='bbox 1234 631 1257 655; x_wconf 81' lang='lat' dir='ltr'><strong>a</strong></span> <span class='ocrx_word' id='word_1_62' title='bbox 1285 620 1439 656; x_wconf 88' lang='lat' dir='ltr'>consule</span> 
     </span>
     <span class='ocr_line' id='line_1_12' title="bbox 331 678 1440 729; baseline 0.006 -15"><span class='ocrx_word' id='word_1_63' title='bbox 331 679 456 728; x_wconf 84' lang='lat' dir='ltr'>petiit,</span> <span class='ocrx_word' id='word_1_64' title='bbox 493 678 783 729; x_wconf 84' lang='lat' dir='ltr'>inpetravitque,</span> <span class='ocrx_word' id='word_1_65' title='bbox 824 685 862 714; x_wconf 86' lang='lat' dir='ltr'>ut</span> <span class='ocrx_word' id='word_1_66' title='bbox 900 685 1068 715; x_wconf 83' lang='lat' dir='ltr'>oratores</span> <span class='ocrx_word' id='word_1_67' title='bbox 1118 682 1267 718; x_wconf 84' lang='lat' dir='ltr'>mittere</span> <span class='ocrx_word' id='word_1_68' title='bbox 1310 683 1440 721; x_wconf 88' lang='lat' dir='ltr'>liceret</span> 
     </span>
     <span class='ocr_line' id='line_1_13' title="bbox 330 743 1438 797; baseline 0.005 -19"><span class='ocrx_word' id='word_1_69' title='bbox 330 743 424 792; x_wconf 85' lang='lat' dir='ltr'>regi.</span> <span class='ocrx_word' id='word_1_70' title='bbox 477 743 624 779; x_wconf 79' lang='lat' dir='ltr'>Paucos</span> <span class='ocrx_word' id='word_1_71' title='bbox 653 749 741 793; x_wconf 82' lang='lat' dir='ltr'>post</span> <span class='ocrx_word' id='word_1_72' title='bbox 766 743 843 779; x_wconf 78' lang='lat' dir='ltr'>dies</span> <span class='ocrx_word' id='word_1_73' title='bbox 871 743 1026 786; x_wconf 82' lang='lat' dir='ltr'>Zeuxis,</span> <span class='ocrx_word' id='word_1_74' title='bbox 1054 745 1115 792; x_wconf 92' lang='lat' dir='ltr'>qui</span> <span class='ocrx_word' id='word_1_75' title='bbox 1143 744 1341 794; x_wconf 79' lang='lat' dir='ltr'>praefectus</span> <span class='ocrx_word' id='word_1_76' title='bbox 1359 748 1438 797; x_wconf 87' lang='lat' dir='ltr'>Ly-</span> 
     </span>
     <span class='ocr_line' id='line_1_14' title="bbox 329 807 1438 858; baseline 0.004 -14"><span class='ocrx_word' id='word_1_77' title='bbox 329 807 399 844; x_wconf 84' lang='lat' dir='ltr'>diae</span> <span class='ocrx_word' id='word_1_78' title='bbox 422 807 559 851; x_wconf 87' lang='lat' dir='ltr'>fuerat,</span> <span class='ocrx_word' id='word_1_79' title='bbox 581 815 618 844; x_wconf 87' lang='lat' dir='ltr'>et</span> <span class='ocrx_word' id='word_1_80' title='bbox 641 809 845 858; x_wconf 80' lang='lat' dir='ltr'>Antipater</span> <span class='ocrx_word' id='word_1_81' title='bbox 873 807 998 844; x_wconf 76' lang='lat' dir='ltr'>fratris</span> <span class='ocrx_word' id='word_1_82' title='bbox 1027 808 1122 844; x_wconf 72' lang='lat' dir='ltr'>{iiius</span> <span class='ocrx_word' id='word_1_83' title='bbox 1150 817 1351 848; x_wconf 84' lang='lat' dir='ltr'>venerunt:</span> <span class='ocrx_word' id='word_1_84' title='bbox 1384 812 1438 856; x_wconf 89' lang='lat' dir='ltr'>hi,</span> 
     </span>
     <span class='ocr_line' id='line_1_15' title="bbox 325 873 1436 923; baseline 0.005 -15"><span class='ocrx_word' id='word_1_85' title='bbox 325 873 430 923; x_wconf 87' lang='lat' dir='ltr'>prius</span> <span class='ocrx_word' id='word_1_86' title='bbox 450 873 621 909; x_wconf 85' lang='lat' dir='ltr'><strong>Eumene</strong></span> <span class='ocrx_word' id='word_1_87' title='bbox 640 881 844 915; x_wconf 85' lang='lat' dir='ltr'>convento,</span> <span class='ocrx_word' id='word_1_88' title='bbox 865 886 976 923; x_wconf 85' lang='lat' dir='ltr'>quem</span> <span class='ocrx_word' id='word_1_89' title='bbox 996 878 1150 923; x_wconf 79' lang='lat' dir='ltr'>propter</span> <span class='ocrx_word' id='word_1_90' title='bbox 1171 882 1295 911; x_wconf 82' lang='lat' dir='ltr'>vetera</span> <span class='ocrx_word' id='word_1_91' title='bbox 1314 883 1436 913; x_wconf 86' lang='lat' dir='ltr'>certa-</span> 
     </span>
     <span class='ocr_line' id='line_1_16' title="bbox 325 937 1435 990; baseline 0.002 -16"><span class='ocrx_word' id='word_1_92' title='bbox 325 937 429 974; x_wconf 82' lang='lat' dir='ltr'>mina</span> <span class='ocrx_word' id='word_1_93' title='bbox 447 950 617 974; x_wconf 88' lang='lat' dir='ltr'>aversum</span> <span class='ocrx_word' id='word_1_94' title='bbox 639 938 801 974; x_wconf 84' lang='lat' dir='ltr'>maxime</span> <span class='ocrx_word' id='word_1_95' title='bbox 817 951 838 974; x_wconf 85' lang='lat' dir='ltr'><strong>a</strong></span> <span class='ocrx_word' id='word_1_96' title='bbox 856 950 948 988; x_wconf 80' lang='lat' dir='ltr'>pace</span> <span class='ocrx_word' id='word_1_97' title='bbox 962 938 1164 975; x_wconf 77' lang='lat' dir='ltr'>credebaut</span> <span class='ocrx_word' id='word_1_98' title='bbox 1184 951 1277 982; x_wconf 83' lang='lat' dir='ltr'>esse,</span> <span class='ocrx_word' id='word_1_99' title='bbox 1297 946 1334 976; x_wconf 88' lang='lat' dir='ltr'>et</span> <span class='ocrx_word' id='word_1_100' title='bbox 1352 940 1435 990; x_wconf 81' lang='lat' dir='ltr'>pia-</span> 
     </span>
     <span class='ocr_line' id='line_1_17' title="bbox 324 1002 1434 1056; baseline 0.003 -18"><span class='ocrx_word' id='word_1_101' title='bbox 324 1003 468 1039; x_wconf 83' lang='lat' dir='ltr'>catiore</span> <span class='ocrx_word' id='word_1_102' title='bbox 487 1015 533 1039; x_wconf 91' lang='lat' dir='ltr'>eo</span> <span class='ocrx_word' id='word_1_103' title='bbox 549 1008 588 1038; x_wconf 85' lang='lat' dir='ltr'>et</span> <span class='ocrx_word' id='word_1_104' title='bbox 606 1015 674 1038; x_wconf 86' lang='lat' dir='ltr'>sua</span> <span class='ocrx_word' id='word_1_105' title='bbox 694 1008 731 1038; x_wconf 90' lang='lat' dir='ltr'>et</span> <span class='ocrx_word' id='word_1_106' title='bbox 747 1002 844 1051; x_wconf 83' lang='lat' dir='ltr'>regis</span> <span class='ocrx_word' id='word_1_107' title='bbox 860 1014 925 1052; x_wconf 80' lang='lat' dir='ltr'>spe</span> <span class='ocrx_word' id='word_1_108' title='bbox 941 1002 1110 1045; x_wconf 84' lang='lat' dir='ltr'>invento,</span> <span class='ocrx_word' id='word_1_109' title='bbox 1129 1009 1207 1039; x_wconf 82' lang='lat' dir='ltr'>tum</span> <span class='ocrx_word' id='word_1_110' title='bbox 1229 1003 1270 1039; x_wconf 94' lang='lat' dir='ltr'>P.</span> <span class='ocrx_word' id='word_1_111' title='bbox 1287 1004 1434 1056; x_wconf 83' lang='lat' dir='ltr'>Scipio-</span> 
     </span>
     <span class='ocr_line' id='line_1_18' title="bbox 322 1066 1432 1118; baseline 0.002 -15"><span class='ocrx_word' id='word_1_112' title='bbox 322 1076 424 1111; x_wconf 83' lang='lat' dir='ltr'>nem,</span> <span class='ocrx_word' id='word_1_113' title='bbox 452 1072 490 1103; x_wconf 85' lang='lat' dir='ltr'>et</span> <span class='ocrx_word' id='word_1_114' title='bbox 522 1080 589 1117; x_wconf 86' lang='lat' dir='ltr'>per</span> <span class='ocrx_word' id='word_1_115' title='bbox 621 1079 705 1103; x_wconf 86' lang='lat' dir='ltr'>eum</span> <span class='ocrx_word' id='word_1_116' title='bbox 733 1066 940 1109; x_wconf 72' lang='lat' dir='ltr'>consulein,</span> <span class='ocrx_word' id='word_1_117' title='bbox 969 1067 1160 1103; x_wconf 81' lang='lat' dir='ltr'>adierunt:</span> <span class='ocrx_word' id='word_1_118' title='bbox 1198 1068 1432 1118; x_wconf 67' lang='lat' dir='ltr'>praebitoque</span> 
     </span>
     <span class='ocr_line' id='line_1_19' title="bbox 322 1130 1430 1181; baseline 0.003 -15"><span class='ocrx_word' id='word_1_119' title='bbox 322 1131 368 1166; x_wconf 84' lang='lat' dir='ltr'>iis</span> <span class='ocrx_word' id='word_1_120' title='bbox 389 1131 604 1181; x_wconf 85' lang='lat' dir='ltr'>petentibus</span> <span class='ocrx_word' id='word_1_121' title='bbox 624 1130 813 1179; x_wconf 84' lang='lat' dir='ltr'>frequenti</span> <span class='ocrx_word' id='word_1_122' title='bbox 833 1130 993 1166; x_wconf 76' lang='lat' dir='ltr'>consilio</span> <span class='ocrx_word' id='word_1_123' title='bbox 1014 1131 1060 1166; x_wconf 90' lang='lat' dir='ltr'>ad</span> <span class='ocrx_word' id='word_1_124' title='bbox 1081 1131 1258 1168; x_wconf 78' lang='lat' dir='ltr'>mandata</span> <span class='ocrx_word' id='word_1_125' title='bbox 1273 1133 1430 1177; x_wconf 86' lang='lat' dir='ltr'>edenda,</span> 
     </span>
     <span class='ocr_line' id='line_1_20' title="bbox 322 1195 1434 1246; baseline 0.003 -14"><span class='ocrx_word' id='word_1_126' title='bbox 322 1197 407 1241; x_wconf 83' lang='lat' dir='ltr'>Non</span> <span class='ocrx_word' id='word_1_127' title='bbox 427 1201 515 1239; x_wconf 81' lang='lat' dir='ltr'>tam,</span> <span class='ocrx_word' id='word_1_128' title='bbox 536 1197 622 1246; x_wconf 84' lang='lat' dir='ltr'>quid</span> <span class='ocrx_word' id='word_1_129' title='bbox 648 1198 716 1244; x_wconf 82' lang='lat' dir='ltr'>ipsi</span> <span class='ocrx_word' id='word_1_130' title='bbox 741 1197 914 1237; x_wconf 76' lang='lat' dir='ltr'>dicamus,</span> <span class='ocrx_word' id='word_1_131' title='bbox 936 1195 1114 1238; x_wconf 76' lang='lat' dir='ltr'>habemus,</span> <span class='ocrx_word' id='word_1_132' title='bbox 1136 1196 1258 1244; x_wconf 84' lang='lat' dir='ltr'>inquit</span> <span class='ocrx_word' id='word_1_133' title='bbox 1278 1196 1434 1244; x_wconf 83' lang='lat' dir='ltr'>Zeuxis,</span> 
     </span>
     <span class='ocr_line' id='line_1_21' title="bbox 322 1260 1435 1310; baseline 0.002 -13"><span class='ocrx_word' id='word_1_134' title='bbox 322 1273 429 1310; x_wconf 82' lang='lat' dir='ltr'>quam</span> <span class='ocrx_word' id='word_1_135' title='bbox 455 1266 496 1298; x_wconf 83' lang='lat' dir='ltr'>ut</span> <span class='ocrx_word' id='word_1_136' title='bbox 520 1274 544 1298; x_wconf 87' lang='lat' dir='ltr'><em>a</em></span> <span class='ocrx_word' id='word_1_137' title='bbox 569 1261 664 1297; x_wconf 76' lang='lat' dir='ltr'>vobis</span> <span class='ocrx_word' id='word_1_138' title='bbox 682 1273 894 1310; x_wconf 81' lang='lat' dir='ltr'>quoerczmus,</span> <span class='ocrx_word' id='word_1_139' title='bbox 916 1260 1084 1304; x_wconf 80' lang='lat' dir='ltr'>Romani,</span> <span class='ocrx_word' id='word_1_140' title='bbox 1106 1273 1174 1310; x_wconf 83' lang='lat' dir='ltr'>quo</span> <span class='ocrx_word' id='word_1_141' title='bbox 1200 1263 1345 1310; x_wconf 77' lang='lat' dir='ltr'>piaculo</span> <span class='ocrx_word' id='word_1_142' title='bbox 1374 1275 1435 1299; x_wconf 77' lang='lat' dir='ltr'>ex-</span> 
     </span>
     <span class='ocr_line' id='line_1_22' title="bbox 317 1327 1435 1375; baseline 0.002 -13"><span class='ocrx_word' id='word_1_143' title='bbox 317 1327 424 1375; x_wconf 83' lang='lat' dir='ltr'>piare</span> <span class='ocrx_word' id='word_1_144' title='bbox 442 1338 598 1362; x_wconf 88' lang='lat' dir='ltr'>errorem</span> <span class='ocrx_word' id='word_1_145' title='bbox 617 1327 722 1374; x_wconf 80' lang='lat' dir='ltr'>regis,</span> <span class='ocrx_word' id='word_1_146' title='bbox 749 1337 876 1374; x_wconf 82' lang='lat' dir='ltr'>pacem</span> <span class='ocrx_word' id='word_1_147' title='bbox 894 1327 1103 1373; x_wconf 81' lang='lat' dir='ltr'>veniamque</span> <span class='ocrx_word' id='word_1_148' title='bbox 1122 1327 1302 1374; x_wconf 74' lang='lat' dir='ltr'>inpetrare</span> <span class='ocrx_word' id='word_1_149' title='bbox 1321 1340 1342 1362; x_wconf 83' lang='lat' dir='ltr'><em>a</em></span> <span class='ocrx_word' id='word_1_150' title='bbox 1361 1329 1435 1364; x_wconf 77' lang='lat' dir='ltr'>vic-</span> 
     </span>
     <span class='ocr_line' id='line_1_23' title="bbox 321 1391 1435 1440; baseline 0.002 -13"><span class='ocrx_word' id='word_1_151' title='bbox 321 1391 455 1427; x_wconf 78' lang='lat' dir='ltr'>toribus</span> <span class='ocrx_word' id='word_1_152' title='bbox 468 1393 654 1440; x_wconf 82' lang='lat' dir='ltr'>possimus.</span> <span class='ocrx_word' id='word_1_153' title='bbox 700 1391 866 1427; x_wconf 77' lang='lat' dir='ltr'>Maximo</span> <span class='ocrx_word' id='word_1_154' title='bbox 883 1402 1021 1438; x_wconf 80' lang='lat' dir='ltr'>semper</span> <span class='ocrx_word' id='word_1_155' title='bbox 1039 1391 1160 1426; x_wconf 80' lang='lat' dir='ltr'>(mimo</span> <span class='ocrx_word' id='word_1_156' title='bbox 1178 1392 1279 1426; x_wconf 88' lang='lat' dir='ltr'>victis</span> <span class='ocrx_word' id='word_1_157' title='bbox 1298 1392 1435 1438; x_wconf 77' lang='lat' dir='ltr'>regibus</span> 
     </span>
     <span class='ocr_line' id='line_1_24' title="bbox 315 1453 1434 1505; baseline 0 -13"><span class='ocrx_word' id='word_1_158' title='bbox 315 1457 527 1505; x_wconf 79' lang='lat' dir='ltr'>populisque</span> <span class='ocrx_word' id='word_1_159' title='bbox 554 1457 754 1503; x_wconf 78' lang='lat' dir='ltr'>ignovistis:</span> <span class='ocrx_word' id='word_1_160' title='bbox 783 1459 915 1503; x_wconf 75' lang='lat' dir='ltr'>quanto</span> <span class='ocrx_word' id='word_1_161' title='bbox 945 1456 983 1491; x_wconf 86' lang='lat' dir='ltr'>id.</span> <span class='ocrx_word' id='word_1_162' title='bbox 1012 1453 1144 1501; x_wconf 78' lang='lat' dir='ltr'>majore</span> <span class='ocrx_word' id='word_1_163' title='bbox 1173 1460 1207 1491; x_wconf 82' lang='lat' dir='ltr'>et</span> <span class='ocrx_word' id='word_1_164' title='bbox 1230 1456 1434 1503; x_wconf 80' lang='lat' dir='ltr'>placatiore</span> 
     </span>
     <span class='ocr_line' id='line_1_25' title="bbox 319 1520 1432 1570; baseline 0 -14"><span class='ocrx_word' id='word_1_165' title='bbox 319 1523 440 1557; x_wconf 74' lang='lat' dir='ltr'>animo</span> <span class='ocrx_word' id='word_1_166' title='bbox 460 1523 559 1557; x_wconf 79' lang='lat' dir='ltr'>decet</span> <span class='ocrx_word' id='word_1_167' title='bbox 577 1533 635 1557; x_wconf 86' lang='lat' dir='ltr'>vos</span> <span class='ocrx_word' id='word_1_168' title='bbox 653 1520 784 1570; x_wconf 77' lang='lat' dir='ltr'>facere</span> <span class='ocrx_word' id='word_1_169' title='bbox 804 1522 840 1556; x_wconf 83' lang='lat' dir='ltr'>in</span> <span class='ocrx_word' id='word_1_170' title='bbox 859 1520 926 1556; x_wconf 77' lang='grc' dir='ltr'><em>Ιιαε</em></span> <span class='ocrx_word' id='word_1_171' title='bbox 945 1521 1108 1562; x_wconf 70' lang='lat' dir='ltr'>victoria,</span> <span class='ocrx_word' id='word_1_172' title='bbox 1130 1532 1206 1568; x_wconf 82' lang='lat' dir='ltr'>quoe</span> <span class='ocrx_word' id='word_1_173' title='bbox 1230 1532 1290 1556; x_wconf 79' lang='lat' dir='ltr'>vos</span> <span class='ocrx_word' id='word_1_174' title='bbox 1318 1521 1432 1556; x_wconf 82' lang='lat' dir='ltr'>(lomi-</span> 
     </span>
     <span class='ocr_line' id='line_1_26' title="bbox 317 1583 1432 1634; baseline -0.001 -12"><span class='ocrx_word' id='word_1_175' title='bbox 317 1598 379 1622; x_wconf 79' lang='lat' dir='ltr'>nos</span> <span class='ocrx_word' id='word_1_176' title='bbox 398 1586 489 1622; x_wconf 87' lang='lat' dir='ltr'>orbis</span> <span class='ocrx_word' id='word_1_177' title='bbox 508 1591 684 1622; x_wconf 81' lang='lat' dir='ltr'>terrarum</span> <span class='ocrx_word' id='word_1_178' title='bbox 703 1585 834 1634; x_wconf 76' lang='lat' dir='ltr'>feeit.9</span> <span class='ocrx_word' id='word_1_179' title='bbox 862 1586 996 1621; x_wconf 79' lang='lat' dir='ltr'>Positis</span> <span class='ocrx_word' id='word_1_180' title='bbox 1013 1583 1096 1630; x_wconf 79' lang='lat' dir='ltr'>jam</span> <span class='ocrx_word' id='word_1_181' title='bbox 1124 1585 1290 1620; x_wconf 78' lang='lat' dir='ltr'>adversus</span> <span class='ocrx_word' id='word_1_182' title='bbox 1315 1597 1432 1621; x_wconf 70' lang='lat' dir='ltr'>omnes</span> 
     </span>
     <span class='ocr_line' id='line_1_27' title="bbox 318 1649 1431 1698; baseline -0.002 -11"><span class='ocrx_word' id='word_1_183' title='bbox 318 1652 487 1687; x_wconf 78' lang='lat' dir='ltr'>mortales</span> <span class='ocrx_word' id='word_1_184' title='bbox 514 1651 779 1693; x_wconf 74' lang='lat' dir='ltr'>certaminibus,</span> <span class='ocrx_word' id='word_1_185' title='bbox 800 1650 896 1686; x_wconf 75' lang='lat' dir='ltr'>haud</span> <span class='ocrx_word' id='word_1_186' title='bbox 922 1662 1018 1685; x_wconf 83' lang='lat' dir='ltr'>secus</span> <span class='ocrx_word' id='word_1_187' title='bbox 1044 1661 1151 1698; x_wconf 78' lang='lat' dir='ltr'>quam</span> <span class='ocrx_word' id='word_1_188' title='bbox 1169 1649 1284 1692; x_wconf 78' lang='lat' dir='ltr'>Deos,</span> <span class='ocrx_word' id='word_1_189' title='bbox 1306 1662 1431 1685; x_wconf 84' lang='lat' dir='ltr'>consu-</span> 
     </span>
     <span class='ocr_line' id='line_1_28' title="bbox 319 1712 1429 1763; baseline -0.002 -12"><span class='ocrx_word' id='word_1_190' title='bbox 319 1716 391 1752; x_wconf 83' lang='lat' dir='ltr'>lere</span> <span class='ocrx_word' id='word_1_191' title='bbox 409 1720 443 1751; x_wconf 86' lang='lat' dir='ltr'>et</span> <span class='ocrx_word' id='word_1_192' title='bbox 459 1727 610 1763; x_wconf 74' lang='lat' dir='ltr'>parcere</span> <span class='ocrx_word' id='word_1_193' title='bbox 626 1727 684 1750; x_wconf 76' lang='lat' dir='ltr'>vos</span> <span class='ocrx_word' id='word_1_194' title='bbox 699 1715 821 1762; x_wconf 81' lang='lat' dir='ltr'>generi</span> <span class='ocrx_word' id='word_1_195' title='bbox 840 1713 994 1749; x_wconf 80' lang='lat' dir='ltr'>humano</span> <span class='ocrx_word' id='word_1_196' title='bbox 1013 1717 1163 1760; x_wconf 77' lang='lat' dir='ltr'>oportet.</span> <span class='ocrx_word' id='word_1_197' title='bbox 1219 1712 1305 1748; x_wconf 82' lang='lat' dir='ltr'>Jam</span> <span class='ocrx_word' id='word_1_198' title='bbox 1327 1719 1429 1755; x_wconf 81' lang='lat' dir='ltr'>ante,</span> 
     </span>
     <span class='ocr_line' id='line_1_29' title="bbox 317 1776 1427 1828; baseline 0 -13"><span class='ocrx_word' id='word_1_199' title='bbox 317 1792 428 1828; x_wconf 82' lang='lat' dir='ltr'>quam</span> <span class='ocrx_word' id='word_1_200' title='bbox 449 1778 562 1827; x_wconf 77' lang='lat' dir='ltr'>legati</span> <span class='ocrx_word' id='word_1_201' title='bbox 584 1779 768 1820; x_wconf 83' lang='lat' dir='ltr'>venirent,</span> <span class='ocrx_word' id='word_1_202' title='bbox 790 1777 980 1813; x_wconf 82' lang='lat' dir='ltr'>decretum</span> <span class='ocrx_word' id='word_1_203' title='bbox 1002 1784 1095 1819; x_wconf 80' lang='lat' dir='ltr'>erat,</span> <span class='ocrx_word' id='word_1_204' title='bbox 1114 1776 1202 1825; x_wconf 74' lang='lat' dir='ltr'>quid</span> <span class='ocrx_word' id='word_1_205' title='bbox 1223 1778 1427 1827; x_wconf 81' lang='lat' dir='ltr'>responde-</span> 
     </span>
     <span class='ocr_line' id='line_1_30' title="bbox 314 1840 1427 1893; baseline 0.001 -14"><span class='ocrx_word' id='word_1_206' title='bbox 314 1851 437 1880; x_wconf 85' lang='lat' dir='ltr'>retur:</span> <span class='ocrx_word' id='word_1_207' title='bbox 470 1843 698 1893; x_wconf 83' lang='lat' dir='ltr'>respondere</span> <span class='ocrx_word' id='word_1_208' title='bbox 726 1842 948 1878; x_wconf 76' lang='lat' dir='ltr'>Africanum</span> <span class='ocrx_word' id='word_1_209' title='bbox 979 1840 1133 1890; x_wconf 79' lang='lat' dir='ltr'>placuit.</span> <span class='ocrx_word' id='word_1_210' title='bbox 1190 1841 1227 1877; x_wconf 82' lang='lat' dir='ltr'>Is</span> <span class='ocrx_word' id='word_1_211' title='bbox 1257 1843 1294 1878; x_wconf 85' lang='lat' dir='ltr'>in</span> <span class='ocrx_word' id='word_1_212' title='bbox 1325 1843 1427 1880; x_wconf 84' lang='lat' dir='ltr'>hunc</span> 
     </span>
     <span class='ocr_line' id='line_1_31' title="bbox 313 1906 1425 1954; baseline 0.001 -10"><span class='ocrx_word' id='word_1_213' title='bbox 313 1908 468 1945; x_wconf 83' lang='lat' dir='ltr'>modum</span> <span class='ocrx_word' id='word_1_214' title='bbox 488 1908 636 1944; x_wconf 80' lang='lat' dir='ltr'>locutus</span> <span class='ocrx_word' id='word_1_215' title='bbox 659 1906 797 1943; x_wconf 82' lang='lat' dir='ltr'>fertur:</span> <span class='ocrx_word' id='word_1_216' title='bbox 832 1907 989 1942; x_wconf 65' lang='lat' dir='ltr'>Romani</span> <span class='ocrx_word' id='word_1_217' title='bbox 1010 1918 1052 1942; x_wconf 74' lang='lat' dir='ltr'>ev</span> <span class='ocrx_word' id='word_1_218' title='bbox 1072 1907 1127 1949; x_wconf 76' lang='lat' dir='ltr'>iis,</span> <span class='ocrx_word' id='word_1_219' title='bbox 1149 1919 1227 1954; x_wconf 83' lang='lat' dir='ltr'>quae</span> <span class='ocrx_word' id='word_1_220' title='bbox 1247 1909 1283 1942; x_wconf 79' lang='lat' dir='ltr'>in</span> <span class='ocrx_word' id='word_1_221' title='bbox 1302 1908 1425 1945; x_wconf 81' lang='lat' dir='ltr'>Deu⁴m</span> 
     </span>
     <span class='ocr_line' id='line_1_32' title="bbox 312 1970 1425 2020; baseline 0 -11"><span class='ocrx_word' id='word_1_222' title='bbox 312 1974 558 2009; x_wconf 78' lang='lat' dir='ltr'>inmortalium</span> <span class='ocrx_word' id='word_1_223' title='bbox 576 1976 756 2020; x_wconf 79' lang='lat' dir='ltr'>potestate</span> <span class='ocrx_word' id='word_1_224' title='bbox 770 1976 885 2013; x_wconf 76' lang='lat' dir='ltr'>eruut,</span> <span class='ocrx_word' id='word_1_225' title='bbox 909 1983 949 2007; x_wconf 74' lang='lat' dir='ltr'>ea</span> <span class='ocrx_word' id='word_1_226' title='bbox 970 1970 1149 2013; x_wconf 76' lang='lat' dir='ltr'>habemus,</span> <span class='ocrx_word' id='word_1_227' title='bbox 1171 1983 1248 2018; x_wconf 76' lang='lat' dir='ltr'>qua?</span> <span class='ocrx_word' id='word_1_228' title='bbox 1269 1972 1341 2008; x_wconf 74' lang='lat' dir='ltr'>Dii</span> <span class='ocrx_word' id='word_1_229' title='bbox 1363 1974 1425 2009; x_wconf 88' lang='lat' dir='ltr'>de·</span> 
     </span>
     <span class='ocr_line' id='line_1_33' title="bbox 311 2036 1425 2083; baseline 0 -11"><span class='ocrx_word' id='word_1_230' title='bbox 311 2037 450 2073; x_wconf 76' lang='lat' dir='ltr'>derunt.</span> <span class='ocrx_word' id='word_1_231' title='bbox 507 2037 669 2078; x_wconf 81' lang='lat' dir='ltr'>Animos,</span> <span class='ocrx_word' id='word_1_232' title='bbox 701 2036 762 2083; x_wconf 81' lang='lat' dir='ltr'>qui</span> <span class='ocrx_word' id='word_1_233' title='bbox 791 2039 921 2071; x_wconf 79' lang='lat' dir='ltr'>nostrae</span> <span class='ocrx_word' id='word_1_234' title='bbox 951 2037 1074 2070; x_wconf 70' lang='lat' dir='ltr'>mentis</span> <span class='ocrx_word' id='word_1_235' title='bbox 1099 2039 1194 2077; x_wconf 73' lang='lat' dir='ltr'>sant,</span> <span class='ocrx_word' id='word_1_236' title='bbox 1223 2036 1358 2071; x_wconf 79' lang='lat' dir='ltr'>eosdem</span> <span class='ocrx_word' id='word_1_237' title='bbox 1387 2038 1425 2073; x_wconf 82' lang='lat' dir='ltr'>in</span> 
     </span>
     <span class='ocr_line' id='line_1_34' title="bbox 309 2100 1425 2149; baseline 0.001 -13"><span class='ocrx_word' id='word_1_238' title='bbox 309 2102 406 2137; x_wconf 82' lang='lat' dir='ltr'>omni</span> <span class='ocrx_word' id='word_1_239' title='bbox 414 2100 574 2149; x_wconf 73' lang='lat' dir='ltr'>fortuna</span> <span class='ocrx_word' id='word_1_240' title='bbox 591 2101 772 2148; x_wconf 77' lang='lat' dir='ltr'>gessimuS,</span> <span class='ocrx_word' id='word_1_241' title='bbox 791 2102 1039 2147; x_wconf 64' lang='lat' dir='ltr'>gerimus-que:</span> <span class='ocrx_word' id='word_1_242' title='bbox 1059 2111 1171 2147; x_wconf 78' lang='lat' dir='ltr'>neque</span> <span class='ocrx_word' id='word_1_243' title='bbox 1188 2111 1246 2134; x_wconf 84' lang='lat' dir='ltr'>eos</span> <span class='ocrx_word' id='word_1_244' title='bbox 1262 2101 1425 2137; x_wconf 69' lang='lat' dir='ltr'>secunda?</span> 
     </span>
     <span class='ocr_line' id='line_1_35' title="bbox 307 2162 1425 2209; baseline 0.001 -8"><span class='ocrx_word' id='word_1_245' title='bbox 307 2177 364 2202; x_wconf 80' lang='lat' dir='ltr'>res</span> <span class='ocrx_word' id='word_1_246' title='bbox 391 2167 608 2207; x_wconf 70' lang='lat' dir='ltr'>extulerant,</span> <span class='ocrx_word' id='word_1_247' title='bbox 629 2177 693 2201; x_wconf 80' lang='lat' dir='ltr'>nec</span> <span class='ocrx_word' id='word_1_248' title='bbox 721 2165 876 2200; x_wconf 58' lang='lat' dir='ltr'>adversa)</span> <span class='ocrx_word' id='word_1_249' title='bbox 906 2166 1121 2199; x_wconf 70' lang='lat' dir='ltr'>›minuet-unt.</span> <span class='ocrx_word' id='word_1_250' title='bbox 1181 2162 1269 2209; x_wconf 82' lang='lat' dir='ltr'>Ejus</span> <span class='ocrx_word' id='word_1_251' title='bbox 1298 2166 1362 2206; x_wconf 81' lang='lat' dir='ltr'>rei,</span> <span class='ocrx_word' id='word_1_252' title='bbox 1383 2170 1425 2202; x_wconf 81' lang='lat' dir='ltr'>ut</span> 
     </span>
     <span class='ocr_line' id='line_1_36' title="bbox 307 2228 1420 2272; baseline 0 -7"><span class='ocrx_word' id='word_1_253' title='bbox 307 2229 399 2265; x_wconf 80' lang='lat' dir='ltr'>alios</span> <span class='ocrx_word' id='word_1_254' title='bbox 418 2231 594 2271; x_wconf 76' lang='lat' dir='ltr'>omittam,</span> <span class='ocrx_word' id='word_1_255' title='bbox 613 2229 852 2264; x_wconf 75' lang='lat' dir='ltr'>Hannibalem</span> <span class='ocrx_word' id='word_1_256' title='bbox 872 2233 1020 2264; x_wconf 79' lang='lat' dir='ltr'>vestrum</span> <span class='ocrx_word' id='word_1_257' title='bbox 1040 2228 1266 2263; x_wconf 59' lang='lat' dir='ltr'>vobiscum-em</span> <span class='ocrx_word' id='word_1_258' title='bbox 1285 2233 1420 2272; x_wconf 84' lang='lat' dir='ltr'>testem,</span> 
     </span>
     <span class='ocr_line' id='line_1_37' title="bbox 304 2293 1420 2343; baseline -0.001 -13"><span class='ocrx_word' id='word_1_259' title='bbox 304 2294 374 2340; x_wconf 74' lang='lat' dir='ltr'>nisi</span> <span class='ocrx_word' id='word_1_260' title='bbox 402 2306 461 2330; x_wconf 81' lang='lat' dir='ltr'>vos</span> <span class='ocrx_word' id='word_1_261' title='bbox 491 2296 581 2343; x_wconf 83' lang='lat' dir='ltr'>ipsos</span> <span class='ocrx_word' id='word_1_262' title='bbox 610 2295 697 2329; x_wconf 75' lang='lat' dir='ltr'>clm-e</span> <span class='ocrx_word' id='word_1_263' title='bbox 721 2306 870 2342; x_wconf 80' lang='lat' dir='ltr'>possem.</span> <span class='ocrx_word' id='word_1_264' title='bbox 929 2293 1126 2340; x_wconf 68' lang='lat' dir='ltr'>Postquam</span> <span class='ocrx_word' id='word_1_265' title='bbox 1150 2293 1420 2340; x_wconf 78' lang='lat' dir='ltr'>Hellespontum</span> 
     </span>
    </p>
   </div>
   <div class='ocr_carea' id='block_1_6' title="bbox 302 2356 1419 2409">
    <p class='ocr_par' dir='ltr' id='par_1_6' title="bbox 302 2356 1419 2409">
     <span class='ocr_line' id='line_1_38' title="bbox 302 2356 1419 2409; baseline 0.002 -15"><span class='ocrx_word' id='word_1_266' title='bbox 302 2356 521 2405; x_wconf 64' lang='lat' dir='ltr'>trajecimus,</span> <span class='ocrx_word' id='word_1_267' title='bbox 549 2361 760 2409; x_wconf 72' lang='lat' dir='ltr'>priusquam</span> <span class='ocrx_word' id='word_1_268' title='bbox 789 2364 906 2396; x_wconf 77' lang='lat' dir='ltr'>castra</span> <span class='ocrx_word' id='word_1_269' title='bbox 935 2360 1049 2407; x_wconf 78' lang='lat' dir='ltr'>regia,</span> <span class='ocrx_word' id='word_1_270' title='bbox 1075 2360 1283 2408; x_wconf 73' lang='lat' dir='ltr'>priusquam</span> <span class='ocrx_word' id='word_1_271' title='bbox 1307 2361 1419 2396; x_wconf 80' lang='lat' dir='ltr'>aciem</span> 
     </span>
    </p>
   </div>
  </div>
 </body>
</html>
