1546 2648
273 136 361 195 566
703 146 953 177 EPITOMAE

735 271 929 311 LXXIV.

278 340 373 394 CN.
394 354 605 394 POMPEI
609 355 672 392 US
699 356 863 392 Picentes
887 357 1013 405 proelio
1030 356 1151 406 fudit,
1180 364 1214 396 et
1233 359 1366 398 obsedit
1377 376 1391 399 .-

267 428 421 472 propter
452 433 559 470 quam
585 423 774 458 victoriam
795 422 918 458 Romae
944 427 1126 470 praetextae
1151 429 1186 460 et
1211 425 1287 460 alia
1314 437 1391 461 ma-

270 488 489 534 gistratuum
510 488 665 535 insignia
683 493 801 524 sumta
818 492 912 524 sunt.
971 489 1010 524 C.
1028 489 1171 525 Marius
1190 502 1267 526 cum
1286 491 1392 527 Mar-

270 552 320 586 sis
353 551 458 587 (lubio
495 557 622 588 eventu
661 553 850 600 pugnavit.
918 552 1095 588 Libertini
1133 558 1207 589 tum
1232 556 1393 602 primum

271 616 430 651 militare
467 620 658 664 coeperunt,
732 616 778 652 A.
800 616 944 651 Plotius
977 617 1115 663 legatus
1151 618 1313 661 Umbros,
1344 619 1391 656 L.

272 680 425 716 Porcius
451 685 585 728 praetor
614 680 770 722 Marsos,
801 692 910 728 quum
937 685 1085 728 uterque
1111 682 1267 729 populus
1292 682 1392 730 elefe-

270 745 384 786 cisset,
411 746 538 792 proelio
556 747 727 781 vicerunt.
785 745 998 780 Nicomedes
1017 746 1052 780 in
1066 745 1260 793 Bithynice,
1280 746 1391 783 Ario-

270 806 438 843 barzanes
456 809 492 843 in
516 808 754 856 Cappadociae
772 819 883 855 regna
902 809 1040 844 reducti
1058 813 1151 844 sunt.
1195 808 1260 845 Cn.
1279 809 1391 846 Pom-

264 873 370 920 peius
395 874 516 908 consul
535 873 678 909 Marsos
708 874 783 909 acie
810 874 908 909 vicit.
967 873 1086 913 Quum
1104 885 1174 910 aere
1195 874 1312 910 alieno
1331 874 1393 911 ob-

264 947 390 984 pressa
422 941 509 972 esset
545 938 684 978 civitas,
719 937 766 972 A.
797 936 1032 984 Sempronius
1060 937 1200 974 Asellio
1234 943 1387 986 praetor,

271 1000 440 1046 quoniam
470 1001 662 1036 secundum
695 1001 870 1036 debitores
887 998 951 1046 jus
983 1001 1134 1043 dicebat,
1164 1001 1207 1037 ab
1240 1002 1297 1044 iis,
1328 1004 1392 1050 qui

259 1061 550 1111 joenerabantur,
583 1065 621 1099 in
645 1063 737 1112 foro
768 1064 900 1099 occisus
932 1068 994 1100 est.
1060 1064 1242 1100 Praeterea
1268 1066 1388 1102 incur-

268 1130 382 1165 siones
412 1130 589 1166 Thracum
619 1132 657 1166 in
682 1130 934 1167 Macedoniam
957 1131 1278 1180 populationesque
1306 1143 1390 1169 con·

269 1193 373 1230 tinet.

741 1299 912 1338 LXXV.

265 1368 321 1421 A
323 1409 333 1420 .
352 1384 664 1422 POSTUMIUS
690 1385 843 1421 Albinus
863 1385 1015 1432 legatus,
1036 1397 1144 1433 quum
1175 1386 1279 1423 classi
1292 1399 1389 1436 prae-

267 1455 368 1493 esset,
391 1450 537 1499 infamis
565 1451 715 1486 crimine
740 1450 969 1497 proditionis,
1000 1449 1044 1484 ab
1069 1451 1223 1487 exercitu
1247 1463 1311 1488 suo
1330 1453 1387 1488 in-

270 1513 439 1562 terfectus
468 1518 530 1550 est.
601 1513 646 1550 L.
675 1513 861 1549 Cornelius
897 1512 1004 1548 Sulla
1037 1513 1176 1560 legatus
1207 1514 1389 1552 Samnites

264 1579 392 1627 proelio
425 1580 523 1620 vicit,
554 1582 589 1613 et
618 1577 701 1613 bina
734 1582 853 1614 castra
886 1588 1008 1613 eorum
1040 1579 1266 1625 expugnavit.
1325 1579 1390 1617 Cn.

269 1643 465 1690 Pompeius
489 1642 647 1678 Vestinos
675 1644 711 1678 in
731 1642 949 1677 deditionem
967 1643 1116 1689 accepit.
1172 1642 1218 1678 L.
1236 1643 1388 1679 Porcius

268 1708 402 1750 consul,
424 1708 526 1743 rebus
552 1719 719 1756 prospere
743 1709 865 1754 gestis,
884 1705 1054 1754 fusisque
1072 1708 1261 1755 aliquoties
1279 1707 1386 1744 Mar·

266 1772 326 1814 sis,
348 1772 434 1807 clum
460 1777 579 1807 castra
607 1784 728 1808 eorum
757 1776 950 1819 expugnat,
982 1772 1109 1807 cecidit
1123 1787 1135 1807 .·
1160 1762 1206 1807 'ea
1233 1783 1289 1807 res
1306 1771 1386 1808 hos·

268 1835 359 1872 tibus
386 1837 574 1872 victoriam
606 1835 680 1882 ejus
706 1837 824 1883 proelii
852 1837 960 1871 dedit.
1019 1835 1206 1871 Cosconius
1231 1840 1267 1872 et
1285 1835 1383 1872 Luc-

264 1901 359 1936 ceius
384 1900 564 1936 Samnites
596 1902 672 1935 acie
700 1901 879 1945 vicerunt,⁷
894 1899 1056 1934 Marium
1080 1899 1291 1947 Egnatium,
1316 1912 1383 1936 no-

263 1963 472 2000 bilissimum
510 1964 662 1999 hostium
696 1964 835 2006 ducem,
873 1964 1091 2005 occiderunt,
1130 1964 1385 2012 compluraque

262 2039 385 2063 eorum
422 2029 556 2075 oppida
590 2029 628 2063 in
665 2029 881 2064 deditionem
916 2031 1139 2075 acceperunt.
1210 2027 1254 2063 L.
1278 2027 1385 2063 Sulla

261 2092 438 2140 Hirpinos
464 2093 616 2134 domuit,
648 2092 828 2128 Samnites
857 2093 979 2128 multis
1003 2093 1140 2140 praeliis
1156 2090 1278 2139 fudit,
1308 2092 1381 2127 ali-

261 2160 347 2204 quot·
371 2156 523 2204 populos
550 2158 710 2204 recepit:
740 2158 950 2204 quantisque
973 2169 1056 2192 raro
1083 2158 1266 2204 qnisquam
1285 2156 1378 2192 alius

258 2225 343 2256 ante
362 2221 582 2256 consulatum
607 2221 707 2257 rebus
732 2223 852 2270 gestis,
872 2222 921 2258 ad
943 2223 1154 2271 petitionem
1174 2220 1376 2259 consulatus

259 2282 414 2321 Romam
432 2289 484 2321 est
509 2283 706 2334 profectus.
