1546 2648
236 356 586 406 EPITOME
631 356 855 405 LIBRI
899 357 1084 406 XLIV.

205 641 446 679 MARCIUS
465 641 691 678 PHILIPP
699 640 761 677 US
775 652 843 688 per
856 640 968 675 invios
983 640 1097 675 saltus
1110 651 1220 687 peno-:0

184 704 198 719 ⁶
224 709 333 743 travit
352 709 389 742 in
409 706 675 747 Macedoniam,
697 706 963 752 compluresque
991 704 1091 740 urbes
1117 717 1221 741 occu-

106 773 219 820 pavit.
251 771 388 807 Rhodii
400 771 523 806 misere
538 771 672 817 legatos
686 768 856 810 Rom-am,
873 769 1064 812 minantes,
1079 781 1116 805 se
1131 770 1222 805 Per-

107 848 165 872 seo
185 836 319 871 auxilio
333 834 499 883 futuros,
520 836 587 870 nisi
610 835 766 882 populus
785 833 969 870 Romanus
994 846 1074 870 cum
1092 846 1132 870 eo
1155 846 1223 881 pa-

108 911 183 935 cem
195 903 301 946 atque
313 899 508 934 amicitiam
516 896 687 945 jungeret
700 913 712 933 .·
733 898 877 944 indigne
892 899 929 932 id
946 898 1071 934 latum.
1104 898 1225 938 Quum

109 964 149 999 iel
166 950 296 999 bellum
316 962 360 997 L.
374 962 530 997 AEmilio
547 962 695 1003 Paullo,
711 962 885 1008 sequentis
904 962 992 996 anni
1007 961 1141 996 consuli
1156 963 1223 996 ite·

109 1039 204 1069 rum,
235 1027 446 1062 mandatum
474 1030 574 1068 esset,
595 1025 763 1066 Paullus,
784 1026 821 1060 in
850 1026 1017 1060 concione
1041 1029 1224 1072 precatus,

110 1095 165 1133 ut,
186 1091 360 1139 quidquid
379 1091 452 1125 sliri
468 1090 603 1137 populo
623 1090 787 1124 Romano
807 1090 1005 1131 inmineret,
1024 1089 1062 1124 in
1083 1090 1226 1124 domum

109 1167 209 1191 suam
233 1158 507 1196 converteretur,
527 1158 563 1189 et
587 1154 624 1188 in
643 1153 897 1188 Macedoniam
924 1151 1121 1201 profectus,
1140 1153 1228 1187 vicit

111 1219 259 1260 Persen,
291 1222 472 1264 totamque
493 1216 745 1252 Macedoniam
772 1218 810 1252 in
836 1220 1052 1263 potestatem
1076 1216 1227 1262 redegit.

111 1283 317 1330 Antequam
336 1283 552 1331 confligeret,
577 1281 614 1317 C.
629 1281 811 1328 Sulpicius
835 1281 962 1316 Gallus
981 1280 1140 1315 tribunus
1157 1281 1226 1315 mi-

113 1347 218 1382 litum
233 1347 405 1394 praedixit
424 1346 604 1387 exercitui,
625 1357 667 1380 ne
685 1346 894 1388 miraretur,
907 1346 1001 1392 quod
1021 1345 1107 1380 lima
1124 1349 1230 1380 nocte

108 1412 274 1459 proxima
300 1409 484 1458 defectura
512 1413 610 1445 esset.
675 1409 821 1444 Gentius
840 1419 975 1456 quoque
999 1419 1060 1443 rex
1078 1408 1227 1456 Illyrio-

111 1487 206 1517 rum,
227 1486 336 1522 quum
360 1474 573 1516 rebellasset,
593 1473 638 1508 ab
656 1473 786 1509 Anicio
801 1477 956 1520 praetore
983 1473 1110 1515 victus,
1130 1472 1229 1507 venit

113 1540 152 1574 in
171 1539 401 1580 deditionem,
421 1543 456 1573 et
481 1549 561 1573 cum
585 1549 707 1577 uxore,
729 1542 763 1573 ct
792 1538 922 1580 liberis,
942 1541 978 1572 et
1003 1537 1228 1584 propinquis,

116 1602 270 1638 Romam
289 1603 414 1637 missus
438 1606 499 1637 est.
556 1603 783 1637 Alexandria
803 1602 915 1648 legati
939 1613 963 1636 a
983 1600 1176 1649 Cleopatra
1196 1604 1235 1635 et

116 1667 311 1703 Ptolemaeo
328 1665 467 1713 regibus
485 1661 667 1706 venerunt,
692 1669 874 1712 querentes
891 1665 935 1700 de
950 1662 1130 1699 Antiocho
1148 1675 1230 1710 rege

115 1730 243 1778 Syriae,
264 1730 358 1777 quod
376 1729 430 1764 his
448 1729 577 1764 bellum
595 1728 755 1777 inferret.
812 1729 952 1771 Perses,
971 1728 1173 1763 sollicitatis
1192 1728 1229 1762 in

112 1794 289 1830 auxilium
314 1794 471 1829 Eumene
495 1805 576 1841 rege
602 1794 786 1841 Pergami,
807 1799 844 1829 et
873 1793 1002 1829 Gentio
1026 1803 1108 1838 rege
1136 1791 1228 1837 Illye

115 1860 264 1900 riorum,
285 1859 369 1906 quia
388 1858 441 1893 his
455 1860 658 1906 pecuniam,
678 1870 786 1907 quam
810 1858 1041 1908 promiserat,
1061 1866 1131 1891 non
1161 1855 1230 1889 da-

118 1923 190 1967 bat,
211 1922 314 1958 abiis
331 1922 476 1958 relictus
492 1926 554 1959 est.
