1546 2648
336 202 489 232 LIBER
512 200 594 229 XL.
628 198 735 228 CAP.
759 199 924 227 XLVII.
1104 196 1182 240 273

80 304 120 334 et
147 297 207 334 Ti.
228 295 470 347 Sempronius
504 296 754 343 propraetores
789 295 1103 339 comparaverunt
1133 288 1188 324 ita
1200 291 1243 323 U.
1256 289 1293 321 C.
1310 294 1382 324 ⁵73·

83 363 182 398 inter
200 374 254 404 se,
276 366 316 396 ut
335 361 373 395 in
390 359 570 394 Vaccaeos
590 369 655 406 per
671 355 907 391 Lusitaniam
926 353 996 389 iret
1011 352 1187 395 Albinus,
1200 336 1239 366 A·
1257 333 1294 364 Ο·
1310 338 1382 366 ¹⁷⁹⁶

83 427 123 462 in
144 424 385 461 Celtiberiam
414 422 499 458 inde
519 426 789 463 reverteretur3
823 417 1032 460 Gracchus,
1053 417 1085 452 si
1110 430 1188 453 ma·
1202 386 1404 475 gssignggls‘

77 489 142 540 jus
164 489 213 525 ibi
234 487 374 524 bellum
395 492 506 527 esset,
523 486 562 534 in
582 484 714 520 ultima
730 482 944 519 Celtiberiae
963 487 1190 532 penetraret.
1203 486 1255 510 tae.

83 553 270 589 Mundam
291 551 422 587 urbem
441 551 603 601 primum
617 549 652 584 vi
673 548 786 597 cepit,
803 553 916 583 nocte
934 559 980 582 ex
999 546 1192 595 inproviso

86 617 306 665 adgressus:
340 615 503 665 acceptis
537 612 670 649 deinde
703 611 911 653 obsidibus,
944 608 1194 662 praesidioque

87 681 270 731 inposito,
292 679 446 716 castella
471 678 705 727 obpugnare,
728 688 837 725 agros
865 686 985 717 urere,
1006 673 1126 710 donec
1153 672 1199 708 ad

88 743 328 794 praevalidam
357 742 468 778 aliam
493 741 624 777 urbem
648 739 872 787 (Certimam
901 736 1093 787 adpellant
1113 736 1200 772 Cel-

90 806 222 853 tiberi)
250 806 444 856 pervenit:
476 804 541 840 ubi
570 816 684 852 quum
708 802 790 853 jam
821 814 937 852 opera
968 801 1199 843 admoveret,

90 870 248 906 veniunt
277 869 393 917 legati
422 881 469 904 ex
501 867 656 916 oppido,
690 879 850 915 quorum
880 878 1002 902 sermo
1036 865 1201 914 antiquae

93 931 345 982 simplicitatis
365 931 452 974 fuit,
481 943 560 966 non
584 929 900 965 dissimulantium
929 928 1149 971 bellaturos,
1171 928 1376 972 siSimplici-

92 996 190 1032 vires
210 1002 346 1032 essent.
403 994 600 1031 Petierunt
619 993 734 1036 enim,
756 1001 797 1028 ut
817 992 888 1028 sibi
914 993 953 1028 in
973 999 1097 1028 castra
1116 991 1202 1027 Cel·
1214 975 1388 1049 {anpssrba-

93 1060 303 1097 tiberorum
322 1061 376 1096 ire
400 1060 532 1096 liceret
560 1058 606 1095 ad
626 1058 766 1094 auxilia
795 1058 1035 1108 accipienda:
1068 1058 1100 1094 si
1127 1070 1206 1094 non
1330 1041 1338 1049 .

96 1125 364 1174 inpetrassent,
386 1130 466 1160 tum
487 1123 689 1172 separatim
708 1135 772 1159 eos
792 1122 839 1158 ab
859 1121 932 1158 illis
953 1135 992 1158 se
1012 1122 1208 1159 consultu-

98 1200 172 1224 ros.
227 1187 479 1223 Permittente
508 1186 698 1229 Graccho,
719 1186 857 1229 ierunt,
889 1192 925 1221 et
958 1192 1046 1236 post
1078 1187 1207 1238 paucis

98 1251 228 1288 diebus
249 1251 342 1287 alios
363 1251 491 1287 decem
510 1249 656 1298 legatos
674 1262 801 1285 secum
817 1250 1066 1288 adduxerunt.
1122 1250 1209 1287 Me-

97 1315 284 1350 ridianum
305 1321 452 1365 tempus
473 1318 576 1350 eratt
608 1312 705 1348 nihil
732 1313 834 1363 prius
852 1314 1044 1363 petierunt
1064 1327 1085 1350 a
1114 1328 1211 1365 prae-

97 1385 195 1422 tore,
217 1391 328 1427 quam
355 1385 397 1414 ut
414 1377 543 1414 bibere
563 1377 633 1412 sibi
655 1375 810 1426 juberet
829 1377 921 1414 dari,
977 1378 1114 1428 Epotis
1133 1381 1212 1430 pri·-

100 1444 170 1479 mis
195 1443 356 1493 poculis,
386 1443 523 1478 iterum
552 1447 831 1491 poposcerunt3
864 1454 1004 1492 magno
1033 1444 1110 1480 risu
1140 1444 1214 1480 cir-

102 1507 373 1543 cumstantium
392 1508 431 1542 in
451 1512 528 1541 tam
554 1505 708 1542 rudibus
729 1513 766 1542 et
787 1507 901 1542 moris
921 1508 1044 1543 omnis
1070 1509 1212 1558 ignaris

102 1571 277 1619 ingeniis.
333 1570 432 1605 Tum
463 1570 647 1606 maximus
677 1577 769 1606 natu
790 1583 837 1607 ex
866 1571 926 1614 iis,
947 1573 1051 1608 Missi
1078 1585 1212 1617 sumus,

103 1635 241 1683 inquit,
269 1647 291 1670 a
307 1638 412 1682 gente
436 1639 570 1676 nostra,
593 1635 653 1681 qui
679 1636 953 1678 sciscitaremur,
975 1649 1045 1685 qua
1070 1639 1215 1674 tandem

103 1710 143 1734 re
151 1696 276 1746 fretus
294 1710 396 1733 orma
414 1698 509 1733 nobis
528 1697 679 1745 inferres
693 1699 713 1733 ,9
740 1698 801 1734 Ad
814 1698 913 1734 hanc
932 1702 1214 1749 percunctatio-
1248 1720 1254 1724 2

103 1773 192 1798 nem
217 1761 426 1804 Gracchus,
448 1762 619 1797 Exercitu
640 1773 676 1797 se
704 1764 844 1810 egregio
863 1764 1043 1812 fidentem
1070 1767 1214 1811 venisse,

104 1825 300 1875 respondit
311 1841 322 1870 3
356 1838 455 1874 quem
483 1827 513 1861 si
532 1827 599 1873 ipsi
626 1827 736 1861 visere
753 1827 877 1869 velint,
898 1840 966 1875 quo
995 1832 1148 1866 certiora
1167 1832 1217 1867 ad

102 1900 182 1924 suos
205 1888 379 1938 referant,
397 1894 609 1937 potestatem
629 1902 664 1926 se
682 1892 732 1926 eis
749 1889 944 1939 facturum
970 1905 1064 1930 esse:
1093 1894 1215 1931 tribu-

105 1953 238 2002 nisque
256 1952 420 1989 militum
438 1954 612 2004 imperat,
634 1960 676 1989 ut
695 1955 822 1991 ornari
843 1968 973 1993 omnes
994 1959 1122 2007 copias
1148 1971 1214 2008 pe-

106 2015 226 2051 ditum
255 2017 512 2066 equitumque,
546 2023 583 2053 et
620 2017 815 2054 decurrere
844 2017 1008 2068 jubeant
1039 2028 1215 2059 armatas.

107 2079 169 2115 Ab
187 2079 262 2115 hoc
282 2080 499 2130 spectaculo
517 2080 633 2129 legati
653 2081 757 2117 missi
776 2082 1039 2120 deterruerunt
1060 2097 1146 2122 suos
1167 2085 1215 2122 ab
1248 2102 1252 2106 -

109 2143 251 2179 auxilio
277 2145 529 2181 circumsessae
548 2145 632 2181 urbi
648 2145 815 2183 ferendo.
873 2146 1079 2197 Oppidani,
1101 2162 1217 2199 quum

110 2207 217 2254 ignes
237 2214 349 2244 nocte
363 2209 528 2246 turribus
548 2210 801 2258 nequidquam
817 2211 936 2260 (quod
956 2212 1106 2260 signum
1125 2227 1217 2251 con-

109 2270 280 2317 venerat)
303 2272 554 2317 sustulissent,
585 2274 755 2310 destituti
783 2275 829 2311 ab
851 2276 962 2312 unica
981 2288 1046 2327 spe
1072 2277 1217 2321 auxilii,

110 2333 149 2369 in
170 2334 399 2372 deditionem
419 2343 624 2374 venerunt:
659 2338 873 2377 sestertium
894 2347 1026 2390 quater
1048 2348 1086 2378 et
1103 2342 1218 2380 vicies

619 2400 699 2438 Ns
