1546 2648
378 131 533 160 LIBER
558 129 700 159 κων.
736 126 972 156 cAP.X1x.
1157 124 1242 170 445

130 220 174 258 P.
195 220 362 258 Cornelii
393 221 580 272 Scipionis
600 219 751 256 Nasicae
775 224 813 254 et
840 218 883 255 P.
903 217 1059 254 Lentuli
1080 218 1244 255 :edilium
1256 220 1298 249 U.
1312 219 1348 251 C.
1362 227 1435 253 583.

129 285 314 322 curulium
344 286 544 334 sexaginta
576 290 650 320 tres
683 282 899 325 Africanas,
923 288 961 317 et
993 282 1243 332 quadraginta
1255 264 1435 298 A.C.169.

127 362 234 386 ursos
254 356 292 385 et
311 349 533 400 elephantos
553 347 698 384 lusisse.

180 413 296 450 XIX.
352 413 399 450 L.
418 412 578 449 AEmilio
598 411 748 454 Paullo,
771 411 814 448 C.
830 410 984 447 Licinio
1004 411 1238 456 consulibus,
1251 421 1291 451 U.
1308 421 1344 451 C.
1360 428 1433 452 584.

125 477 255 514 Idibus
275 477 426 514 Martiis
457 477 644 528 principio
676 476 909 526 insequentis
939 477 1044 519 anni,
1065 490 1179 526 quum
1200 465 1340 514 inA·C'
1360 469 1432 496 ¹⁶⁸¹

123 542 408 592 exspectatione
423 542 555 578 Patres
572 542 747 584 fuissent,
765 541 929 577 maxime
947 541 1126 590 quidnam
1147 555 1238 579 con-

122 605 179 642 sul
198 607 243 643 de
261 606 502 651 Macedonia,
524 606 629 657 cujus
651 620 695 643 ea
713 606 908 657 provincia
928 612 1040 649 esset,
1058 606 1235 652 referret3

120 671 212 707 nihil
229 684 265 707 se
284 672 424 715 habere,
445 671 614 715 Paullus,
637 673 732 720 quod
751 670 915 720 referret,
943 684 1053 719 quum
1081 673 1240 708 nondum

121 734 231 782 legati
250 737 432 778 redissent,
454 735 561 772 dixit.
621 735 784 771 Ceterum
797 736 983 771 Brundisii
1003 736 1137 783 legatos
1154 734 1238 782 jam

120 810 203 842 esse,
225 800 275 836 bis
293 812 335 836 ex
354 812 457 836 cursu
478 800 726 848 Dyrrachium
756 798 894 846 ejectos,
954 799 1113 847 Cognitis
1141 813 1236 844 mox,

119 874 198 910 quae
215 865 312 899 nosci
333 865 437 912 prius
454 865 492 899 in
511 876 584 899 rem
603 869 704 906 esset,
724 864 924 900 relaturum
937 879 950 899 .·
977 865 1016 899 id
1032 863 1121 912 fore
1139 866 1238 900 intra

116 937 315 974 perpaucos
334 928 419 963 dies.
451 927 514 969 Et,
530 939 574 962 ne
593 929 679 975 quid
694 927 951 975 profectionem
966 940 1066 963 suam
1089 932 1236 971 teneret,

112 992 232 1038 pridie
251 991 338 1027 Idus
356 991 495 1039 Aprilis
514 990 660 1027 Latinis
678 1003 749 1027 esse
767 992 999 1027 constitutam
1019 993 1122 1027 diem.
1164 992 1236 1027 Sa-

119 1054 250 1103 crificio
269 1056 340 1090 rite
361 1053 537 1103 perfecto,
557 1067 592 1090 se
609 1060 644 1091 et
664 1054 727 1091 Cn.
750 1056 951 1097 Octavium,
971 1055 1079 1090 simul
1095 1060 1238 1091 senatus

119 1119 318 1160 censuisset,
340 1120 495 1154 exituros
523 1131 604 1155 esse.
663 1119 702 1155 C.
723 1120 865 1155 Licinio
893 1119 1035 1166 collegae
1066 1131 1130 1155 suo
1147 1118 1238 1168 fore

117 1193 222 1224 curce,
243 1194 278 1218 se
297 1183 449 1225 absente,
469 1188 524 1226 ut,
543 1184 574 1219 si
593 1195 664 1231 qua
682 1184 810 1231 parari
828 1184 968 1218 mittive
982 1184 1032 1218 ad
1051 1184 1089 1219 id
1107 1183 1238 1219 bellum

115 1259 203 1294 opus
229 1249 289 1291 sit,
319 1253 497 1296 parentur
525 1251 799 1297 mittanturque.
862 1249 1005 1284 Interea
1040 1249 1235 1296 legationes

115 1316 319 1349 exterarum
337 1315 525 1349 nationum
544 1314 666 1349 audiri
681 1326 793 1362 posse.
843 1312 1036 1349 Sacrificio
1056 1313 1128 1348 rite
1147 1325 1231 1363 per·
1245 1312 1434 1363 Alexandri-

114 1374 231 1418 fecto,
270 1376 382 1426 primi
418 1376 682 1419 Alexandrini,
720 1376 834 1426 legati
867 1376 914 1413 ab
947 1375 1157 1412 Ptolemaeo
1194 1381 1232 1412 et
1245 1366 1277 1386 ¹¹¹
1296 1356 1402 1397 legam.

115 1437 320 1489 Cleopatra
338 1439 506 1489 regibuS‚
527 1441 653 1476 vocati
673 1447 773 1476 sunt.
832 1439 1035 1482 Sordidati,
1054 1439 1174 1475 barba
1194 1445 1232 1475 et

114 1502 252 1552 capillo
271 1504 474 1553 promisso,
495 1516 582 1540 cum
613 1504 726 1540 ramis
755 1502 849 1539 oleae
880 1503 1041 1551 ingressi
1072 1503 1230 1545 curiam,

113 1565 420 1614 procubuerunt:
454 1573 492 1602 et
511 1567 649 1610 oratio,
671 1580 786 1616 quam
810 1567 979 1610 habitus,
1011 1566 1086 1602 fuit
1116 1566 1231 1621 mise7

113 1628 281 1667 rabilior.
337 1631 553 1667 Antiochus
587 1631 704 1680 Syriae
736 1644 817 1675 rex,
852 1632 916 1680 qui
950 1630 1060 1667 obses
1091 1629 1227 1666 Romae

111 1691 249 1736 fuerat,
270 1706 336 1743 per
361 1695 563 1730 honestam
583 1695 747 1744 speciem
767 1693 922 1745 majoris
949 1693 1147 1730 Ptolemaei
1167 1706 1228 1730 re-

111 1756 271 1794 ducendi
290 1759 330 1794 in
350 1770 524 1807 regnum,
546 1758 687 1795 bellum
715 1772 799 1795 cum
822 1759 969 1795 minore
990 1758 1107 1795 fratre
1130 1758 1226 1808 ejus,

111 1820 275 1870 quitum
294 1821 564 1859 Alexandriam
591 1822 760 1866 tenebat,
791 1835 941 1871 gerenS,
972 1829 1010 1858 et
1036 1823 1083 1859 ad
1112 1822 1226 1859 Pelu-

110 1885 206 1921 sium
236 1886 359 1923 navali
389 1887 527 1937 proelio
559 1887 681 1924 vietor
712 1887 851 1930 fuerat,
890 1893 941 1930 et,
976 1886 1225 1923 tumultuario

111 1962 224 2000 opere
244 1958 362 2002 ponte
382 1965 450 2002 per
471 1951 604 1988 Nilum
625 1952 745 1995 facto,
771 1958 1026 2000 transgressus
1053 1963 1138 1986 cum
1159 1963 1225 1986 ex-

109 2014 243 2058 ercitu‚
263 2015 463 2052 obsidione
486 2017 606 2066 ipsam
630 2015 900 2052 Alexandriam
931 2015 1122 2050 terrebat:
1154 2026 1224 2050 nec

110 2079 244 2128 procul
267 2079 413 2123 abesse,
448 2081 537 2130 quin
565 2081 754 2131 potiretur
779 2092 897 2128 regno
918 2078 1222 2129 opulentissimo,

109 2141 318 2180 videbatur.
373 2143 432 2181 Ea
463 2144 577 2194 legati
608 2150 808 2194 querentes
842 2142 1004 2179 orabant
1034 2149 1221 2185 senatum,

111 2210 154 2241 ut
171 2218 282 2257 opem
306 2220 425 2257 regno
454 2208 683 2258 regibusque
716 2208 846 2245 amicis
879 2207 1038 2258 imperio
1067 2207 1223 2244 ferrent.

108 2269 167 2306 Ea
187 2273 316 2309 merita
342 2275 473 2322 populi
501 2275 660 2312 Romani
688 2275 727 2311 in
751 2273 985 2316 Antiochum,
1016 2284 1093 2309 eam
1124 2271 1223 2321 apud
