1546 2648
134 250 177 282 U.
195 251 222 282 C
245 257 318 283 583.

133 294 174 337 ᾼ.
188 295 227 326 C.
245 299 318 328 169.

324 157 412 211 418
752 168 800 198 τ.
815 167 951 199 mvn

330 265 412 296 tera
428 258 626 296 voluntate
644 256 792 294 dedita:
814 263 853 294 et
869 257 908 294 in
923 257 982 294 his
998 256 1140 307 recepti
1155 255 1258 294 mille
1272 263 1310 294 et
1324 257 1434 307 quin-

329 323 435 373 genti
455 322 629 373 dispositi
647 333 714 372 per
728 321 902 372 praesidia
915 319 1052 357 milites
1067 320 1248 359 Romani.
1287 320 1437 370 Magno

328 387 414 424 usui
429 386 614 423 Carvilius
631 385 849 436 Spoletinus
865 391 945 422 erat
959 385 999 421 in
1018 384 1228 434 conloquiis
1232 411 1244 428 ,
1261 384 1436 428 dicendo,

327 450 426 488 nihil
443 451 483 487 in
501 450 807 501 ipsossaevitum.
843 449 1109 486 Adoaeneum
1128 454 1350 499 perventum
1365 454 1438 492 est,

328 515 431 566 quod
449 515 530 551 sine
552 514 661 565 justa
678 514 967 565 obpugnatione
985 515 1070 565 capi
1088 527 1168 551 non
1193 520 1368 565 poterat,
1400 520 1439 551 et

328 577 474 629 majore
488 577 698 627 aliquant0,
715 590 826 627 quam
844 584 983 621 cetera,
993 577 1210 627 juventute,
1224 584 1262 614 et
1274 577 1438 615 validum

327 642 510 694 oppidum
530 641 719 682 moenibus
740 647 846 678 erat:
880 647 919 677 et
934 641 1024 677 hinc
1050 641 1170 678 amnis
1189 642 1347 678 Artatus
1367 653 1439 677 no-

327 709 445 753 mine,
460 709 551 744 hinc
570 720 678 744 mons
694 707 871 758 praealtus
890 713 928 744 et
943 707 1049 744 aditu
1063 706 1222 744 difficilis
1240 707 1436 757 cingebat:

326 773 409 810 haec
435 784 542 824 spem
567 772 614 809 ad
639 773 888 810 resistendum
915 772 1114 822 oppidanis
1139 771 1292 808 dabant.
1348 770 1440 809 Per-

327 847 430 880 seus,
451 836 735 874 circumvallato
755 837 911 887 oppido,
932 848 1107 886 aggerem
1127 848 1150 872 a
1168 842 1275 886 parte
1295 835 1440 886 superi-

329 912 395 937 ore
414 900 551 937 ducere
572 900 753 944 instituit,
774 899 880 950 cujus
907 899 1106 937 altitudine
1132 911 1260 936 muros
1285 911 1439 949 supera-

326 970 406 1000 ret:
438 965 541 1013 quod
560 968 655 1015 opus
672 965 760 1001 dum
779 964 986 1014 perficitur,
1007 962 1146 999 crebris
1166 963 1317 999 interim
1337 975 1440 1012 proe-

327 1026 402 1071 liis,
424 1027 560 1078 quibus
587 1041 655 1080 per
681 1029 922 1065 excursiones
948 1034 987 1064 et
1013 1027 1155 1064 moenia
1173 1039 1242 1063 sua
1259 1025 1440 1076 oppidani

327 1092 567 1136 tutabantur,
581 1099 619 1129 et
631 1105 747 1143 opera
762 1093 929 1130 hostium
945 1090 1205 1141 inpediebant,
1222 1103 1360 1139 magna
1374 1103 1439 1126 eo-

326 1168 411 1193 rum
441 1156 645 1193 multitudo
668 1157 780 1193 variis
811 1155 959 1192 casibus
989 1155 1163 1191 absumta
1191 1161 1272 1190 est:
1303 1160 1356 1198 et,
1375 1154 1440 1203 qui

328 1226 565 1269 supererant,
581 1220 712 1256 labore
731 1220 868 1260 diurno
887 1226 1152 1269 nocturnoque
1171 1224 1210 1255 et
1224 1217 1440 1254 vulneribus

326 1282 481 1319 inutiles
509 1289 645 1321 e1·ant.·
685 1283 765 1320 Ubi
790 1284 952 1333 primum
980 1295 1095 1332 agger
1119 1281 1311 1332 injunctus
1331 1293 1441 1317 muro

328 1352 400 1390 est,
421 1353 460 1383 et
479 1347 616 1384 cohors
635 1347 754 1396 regia,
775 1359 868 1396 quos
888 1347 1092 1383 Nicatoras
1112 1345 1317 1396 adpellant,
1334 1352 1440 1382 tran-

325 1411 490 1455 scendit,
506 1416 546 1448 et
560 1411 669 1448 scalis
685 1410 812 1447 multis
829 1410 937 1447 simul
955 1410 1125 1461 partibus
1145 1410 1294 1460 inpetus
1315 1410 1353 1445 in
1378 1422 1440 1446 ur-

327 1472 415 1510 bem
435 1481 494 1511 est
507 1475 650 1512 factus:
673 1474 832 1525 puberes
853 1487 984 1511 omnes
1004 1473 1194 1510 interfecti
1212 1479 1300 1510 sunt
1312 1489 1324 1519 3
1347 1486 1440 1510 con-

323 1536 437 1587 juges
456 1538 672 1588 liberosque
693 1551 824 1576 eorum
845 1539 886 1575 in
912 1538 1122 1575 custodiam
1147 1537 1272 1574 dedit:
1304 1537 1439 1588 praedae

328 1600 405 1638 alia
422 1601 586 1638 militum
606 1614 760 1639 cessere.
795 1600 995 1638 Stuberam
1014 1601 1100 1638 inde
1115 1602 1236 1638 victor
1250 1608 1439 1637 revertens

330 1664 379 1701 ad
407 1664 590 1702 Gentium
619 1665 781 1714 legatos,
807 1665 1028 1702 Pleuratum
1057 1665 1243 1715 Illyrium,
1263 1664 1439 1701 exsulan-

330 1736 407 1766 tem
438 1731 538 1782 apud
570 1743 623 1774 se,
658 1738 697 1766 et
727 1731 919 1782 Aputeum
952 1730 1205 1767 blacedonem
1234 1743 1257 1766 a
1284 1729 1437 1773 Beroea,

138 1806 268 1844 Leguos
279 1805 318 1835 ad
330 1793 461 1831 mittit.
517 1794 571 1831 Iis
589 1795 757 1838 mandat,
779 1801 821 1831 ut
840 1800 1074 1845 exponerent
1093 1794 1233 1830 aestatis
1257 1793 1337 1843 ejus
1357 1794 1439 1832 hie·

136 1850 293 1879 Gentium

134 1892 265 1922 Perseus

138 1941 245 1965 mittit.

330 1858 476 1907 misque
505 1865 590 1895 acta
617 1871 686 1895 sua
713 1858 889 1895 adversus
914 1857 1110 1894 Romanos
1136 1857 1437 1907 Dardanosque:

330 1919 539 1971 adjicerent
562 1922 729 1958 recentia
755 1922 793 1958 in
819 1921 972 1971 Illyrico
999 1921 1166 1958 hibernae
1186 1921 1437 1971 expeditionis

329 1997 468 2035 opera:
500 1986 744 2023 hortarentur
763 1986 944 2023 Gentium
964 1986 1003 2022 in
1023 1986 1228 2022 amicitiam
1247 1997 1373 2022 secum
1399 1993 1438 2026 et

328 2061 415 2085 cum
433 2048 709 2086 Macedonibus
723 2048 973 2100 jungendam.

382 2112 477 2149 XX.
507 2112 577 2156 Hi,
607 2114 832 2162 transgressi
858 2112 996 2164 jugum
1026 2113 1158 2150 Scordi
1186 2114 1341 2157 montis,
1370 2126 1442 2164 per

327 2174 471 2224 Illyrici
507 2175 744 2220 solitudines,
783 2189 874 2225 quas
912 2177 958 2213 de
997 2177 1182 2213 industria
1218 2176 1437 2227 populando

325 2238 558 2276 Macedones
578 2240 760 2283 fecerant,
777 2253 825 2276 ne
841 2241 1022 2277 transitus
1044 2240 1173 2278 faciles
1190 2240 1379 2277 Dardanis
1396 2243 1436 2278 in

324 2301 518 2351 Illyricum
547 2311 613 2342 aut
640 2303 908 2343 Macedoniam
938 2311 1077 2350 essent,
1099 2304 1280 2343 Scodram
1304 2304 1435 2346 labore
