1546 2648
321 133 406 187 476
782 142 826 173 tr.
851 142 983 174 mvn

128 233 171 264 U.
189 233 217 265 C
240 240 313 267 ⁵84·
325 232 400 269 alia
416 233 456 269 in
476 232 647 269 civitates
666 244 750 269 suas
768 233 901 283 dilapsi
921 239 1031 270 sunt:
1054 232 1231 283 perpauci
1249 232 1334 269 inde
1348 231 1433 270 Pel-

128 275 170 307 A'
183 277 222 308 c·
239 283 399 334 ¹⁶⁸'lam
419 296 590 340 celerius,
610 310 722 347 quam
741 298 821 348 ipse
839 298 1012 341 Perseus,
1033 298 1122 347 quia
1141 303 1244 334 recta
1263 298 1435 347 expedita

322 360 385 397 via
402 361 537 405 ierant,
552 367 816 412 pervenerunt.
860 361 947 398 Rex
965 361 1013 397 ad
1030 361 1191 397 mediam
1210 360 1327 396 ferme
1341 372 1435 397 noc-

324 430 402 461 tem
419 430 563 462 terrore
593 432 632 462 et
652 426 764 462 variis
784 424 1066 462 difficultatibus
1097 424 1167 460 viae
1193 429 1348 460 vexatus
1367 430 1437 461 est.

323 487 370 525 In
386 489 490 538 regia
508 489 661 533 Perseo,
688 490 751 539 qui
773 489 887 525 Pellae
913 495 1086 539 praeerat,
1105 488 1250 525 Euctus
1269 487 1438 537 regiique

323 553 431 602 pueri
449 559 587 603 praesto
614 558 744 589 erant:
781 559 916 588 contra
944 565 989 588 ea
1012 552 1233 595 amicorum,
1262 552 1342 600 qui,
1373 550 1438 587 alii

323 614 400 651 alio
419 627 509 652 casu
531 616 682 659 servati,
713 628 760 652 ex
777 615 914 665 proelio
933 615 1077 651 Pellam
1096 621 1290 657 venerant,
1321 626 1437 664 quum
1495 664 1498 665 ⁷

323 692 423 730 saepe
441 680 610 716 arcessiti
629 686 768 723 essent,
783 691 896 716 nemo
913 679 961 715 ad
979 691 1064 714 eum
1083 679 1187 714 venit
1202 692 1211 714 z
1234 684 1310 714 tres
1330 684 1438 714 erant
1525 674 1527 680 '

322 749 474 780 tantum
503 756 589 780 cum
617 756 663 780 eo
691 743 792 792 fugae
822 744 994 785 comites,
1027 741 1204 778 Evander
1228 742 1436 785 Cretensis,

323 806 412 844 Neo
431 807 622 850 Boeotius,
643 813 681 843 et
695 806 945 842 Archidamus
965 805 1120 842 AEtolus
1137 820 1144 840 z
1178 818 1263 841 cum
1282 805 1341 848 iis,
1355 803 1438 856 jam

325 876 513 914 metuens,
532 883 594 914 ne,
625 871 689 919 qui
707 870 835 906 venire
854 870 901 906 ad
927 882 965 905 se
985 868 1209 911 abnuerent,
1230 867 1351 918 majus
1369 868 1439 905 ali-

325 934 418 984 quid
444 947 534 972 mox
558 935 753 978 auderent,
774 941 908 983 quarta
925 932 1055 982 vigilia
1073 932 1255 982 profugit.
1312 932 1441 968 Secuti

325 1010 412 1034 eum
439 1005 529 1035 sunt
556 999 754 1035 admodum
785 998 982 1047 quingenti
1020 997 1244 1032 Cretenses:
1282 996 1437 1046 petebat

325 1061 613 1113 Amphipolim:
645 1062 709 1098 sed
734 1068 848 1098 nocte
867 1074 890 1097 a
914 1060 1020 1096 Pella
1047 1061 1203 1103 exierat,
1232 1072 1438 1110 properans

327 1131 416 1162 ante
448 1125 570 1162 lucem
612 1126 754 1161 Axium
794 1136 941 1160 amnem
973 1123 1162 1173 trajicere,
1202 1135 1287 1159 eum
1327 1122 1440 1160 finem

326 1189 521 1238 sequendi,
541 1195 697 1240 propter
722 1187 979 1225 difficultatem
1000 1187 1197 1231 transitus,
1225 1186 1308 1223 fore
1335 1192 1438 1224 ratus

325 1250 527 1288 Romanis.
1243 1298 1246 1299 ⁷

381 1316 529 1354 XLIV.
559 1317 778 1360 Consulem,
799 1329 914 1366 quum
940 1329 978 1352 se
998 1317 1037 1352 in
1057 1323 1180 1352 castra
1198 1314 1319 1351 victor
1336 1326 1440 1351 rece·

327 1381 459 1431 pisset,
479 1394 528 1418 ne
552 1382 699 1418 sincero
727 1382 864 1430 gaudio
894 1381 1093 1424 frueretur,
1115 1393 1204 1416 cura
1229 1379 1274 1415 de
1292 1380 1439 1415 minore

325 1446 405 1483 filio
425 1445 655 1483 stimulabat.
712 1447 755 1483 P.
772 1447 899 1496 Scipio
920 1447 949 1481 is
970 1453 1063 1488 erat,
1083 1444 1283 1480 Africanus
1303 1449 1341 1478 et
1360 1443 1439 1492 ipse

326 1517 474 1560 postea,
496 1510 619 1548 deleta
630 1509 884 1558 Karthagine,
903 1508 1124 1560 adpellatus,
1144 1505 1326 1544 naturalis
1346 1518 1438 1542 con-

326 1574 417 1611 sulis
448 1574 584 1618 Paulli,
615 1574 820 1624 adoptione
849 1573 1020 1609 Africani
1052 1583 1182 1622 nepos.
1239 1569 1292 1613 Is,
1324 1570 1441 1620 septi-

325 1639 620 1675 mumdecimum
635 1644 726 1675 tunc
745 1650 886 1675 annum
906 1648 1036 1686 agens,
1053 1635 1155 1686 quod
1173 1635 1294 1685 ipsum
1311 1645 1439 1671 curam

326 1703 506 1752 augebat,
523 1703 611 1739 dum
628 1702 742 1739 effuse
762 1701 931 1751 sequitur
946 1701 1089 1743 hostes,
1110 1700 1148 1735 in
1164 1704 1309 1749 partem
1325 1696 1441 1734 aliam

325 1767 439 1803 turba
464 1767 611 1803 ablatus
639 1772 741 1803 erat:
775 1772 826 1810 et,
857 1766 974 1802 serius
1005 1776 1120 1814 quum
1148 1762 1319 1805 redisset,
1347 1768 1440 1797 tunc

326 1828 491 1873 demum,
508 1836 661 1879 recepto
677 1829 818 1879 sospite
834 1829 927 1872 filio,
945 1828 1110 1864 victoriae
1126 1832 1240 1863 tantae
1262 1824 1439 1874 gaudium

326 1893 459 1930 consul
478 1895 607 1930 sensit.
663 1892 923 1944 Amphipolim
949 1904 1064 1941 quum
1082 1889 1165 1941 jam
1183 1889 1285 1926 fama
1303 1901 1438 1939 puguae

324 1959 570 2009 pervenisset,
601 1969 878 2006 concursusque
906 1964 1163 1994 matronarum
1190 1955 1230 1991 in
1256 1953 1439 2004 templum
1532 1955 1535 1995 Ι

325 2022 477 2065 Dianae,
498 2035 611 2071 quam
629 2021 877 2072 Tauropolon
905 2027 1057 2064 vocant,
1086 2020 1133 2057 ad
1163 2031 1272 2069 opem
1301 2030 1438 2068 expos-

325 2086 481 2123 cendam
498 2086 623 2132 fie1·et;
653 2086 859 2129 Diodorus,
876 2086 938 2135 qui
959 2091 1118 2136 praeerat
1137 2083 1234 2126 urbi,
1251 2087 1438 2125 metuens,

323 2161 373 2185 ne
390 2149 573 2193 Thraces,
603 2162 762 2198 quorum
793 2150 867 2185 duo
899 2148 1019 2185 millia
1046 2148 1086 2184 in
1111 2146 1288 2198 praesidio
1315 2150 1437 2189 erant,

323 2212 453 2249 urbem
474 2213 512 2250 in
529 2213 695 2250 tumultu
714 2214 933 2264 diriperent,
953 2212 1000 2250 ab
1017 2211 1226 2249 subornato
1245 2208 1293 2247 ab
1313 2221 1352 2246 se
1371 2221 1438 2259 per

321 2275 512 2314 fallaciam
532 2278 570 2314 in
591 2277 779 2315 tabellarii
807 2277 974 2328 specIem
999 2276 1126 2314 literas
1153 2275 1192 2311 in
1211 2273 1296 2314 foro
1315 2272 1439 2311 medio
