1546 2648
289 145 376 190 430
752 144 800 174 ‘r-
824 145 960 176 mvn

110 236 452 284 U.C.5sa.quoque
484 238 644 285 partem,
674 232 739 270 ubi
771 247 883 284 eques
914 236 1103 281 tenderet,
1132 236 1412 289 amplecteban-

107 282 150 311 A'
164 280 200 311 C·
217 288 288 316 ¹⁶9·
300 305 375 335 tur.

353 362 388 397 V
391 362 423 398 I.
451 360 614 398 Lavanti
640 361 720 410 regi
740 361 877 398 dicitur
894 364 1133 407 nunciatum,
1153 363 1283 401 hostes
1303 365 1411 402 ades-

300 439 339 463 se
354 440 362 462 z
386 438 462 476 quo
478 426 618 462 nuncio
635 438 749 474 quum
769 427 925 476 pavidus
945 428 1188 465 exsiluissete
1205 429 1316 473 solio,
1333 430 1410 466 vic-

298 497 380 527 tum
400 502 440 525 se
460 489 540 526 sine
559 489 694 539 proelio
715 490 912 527 clamitans
932 493 1119 542 proripuit
1134 509 1145 537 ;
1177 500 1229 536 et,
1250 493 1410 530 subinde

298 566 367 604 per
384 553 459 590 alia
477 561 589 602 atque
608 553 682 589 alia
700 554 836 604 pavida
855 554 1014 591 consilia
1041 561 1080 591 et
1108 556 1267 606 imperia
1292 556 1409 606 trepi-

298 617 405 660 dans,
422 617 567 653 duobus
587 629 632 652 ex
654 617 783 652 amicis
803 616 961 661 Pellam,
979 617 1139 654 alterum
1159 618 1410 669 Asclepiodo-

297 688 393 724 tum,
409 682 474 717 ubi
489 680 650 731 pecunia
664 680 837 730 deposita
851 689 946 724 erat,
964 694 1011 717 ex
1029 682 1212 731 praesidiis
1232 689 1405 728 revocat3

297 757 504 793 omnesque
523 743 645 779 aditus
665 744 787 792 aperit
804 743 918 781 bello.
976 744 1078 795 lpse,
1100 744 1147 781 ab
1167 744 1246 781 Dio
1266 746 1406 782 auratis

297 809 431 846 statuis
461 807 636 844 omnibus
668 808 819 858 raptim,
846 820 894 844 ne
922 808 1048 858 praeda
1075 809 1179 844 hosti
1208 815 1346 852 essent,
1367 809 1408 846 in

295 873 452 910 classem
482 872 688 921 congestis,
710 873 814 908 ocius
843 872 1054 922 demigrare
1079 872 1250 922 Pydnam
1277 874 1405 922 cogit:

294 944 346 981 et,
366 950 450 987 quae
475 936 668 973 temeritas
689 935 854 972 consulis
875 936 991 972 videri
1016 937 1217 986 potuisset,
1239 937 1340 986 quod
1360 949 1406 973 eo

292 1002 551 1052 processisset,
570 999 668 1036 unde
685 1000 805 1036 invito
824 1001 936 1036 hoste
955 1001 1104 1049 regredi
1120 1000 1306 1049 nequiret,
1323 1013 1406 1037 eam

291 1079 368 1102 non
391 1063 643 1101 inconsultam
664 1063 859 1100 audaciam
878 1063 983 1100 fecit.
1026 1063 1136 1100 Duos
1154 1064 1254 1100 enim
1271 1063 1403 1107 saltus,

291 1142 358 1180 per
383 1141 478 1178 quos
502 1127 589 1164 inde
614 1127 771 1163 evadere
796 1133 966 1177 possent,
986 1127 1182 1164 habebant
1208 1126 1400 1163 Romani:

290 1205 406 1229 unum
427 1205 494 1242 per
512 1191 657 1242 Tempe
682 1192 722 1227 in
745 1191 998 1234 Thessaliam,
1019 1190 1180 1227 alterum
1206 1191 1243 1226 in
1268 1190 1402 1227 Mace-

291 1257 446 1293 doniam
465 1262 602 1306 praeter
619 1255 762 1301 Dium3
795 1268 878 1305 quae
899 1262 1057 1304 utraque
1080 1256 1193 1303 regiis
1220 1253 1404 1291 teneban-

289 1326 354 1357 tur
371 1320 568 1370 praesidiis.
625 1319 760 1369 Itaque
786 1320 818 1356 si
844 1320 920 1356 dux
943 1319 1151 1370 intrepidus
1176 1319 1306 1355 decem
1325 1318 1403 1355 dies

289 1385 447 1435 primam
470 1384 634 1434 speciem
656 1384 992 1434 adpropinquantis
1018 1383 1173 1419 terroris
1200 1371 1402 1419 sustinuis-

289 1453 360 1490 set,
380 1460 502 1496 neque
521 1453 694 1497 receptus
712 1447 899 1484 Romanis
919 1459 986 1498 per
1004 1446 1149 1497 Tempe
1168 1447 1208 1483 in
1233 1445 1268 1482 T
1270 1447 1399 1482 hessa-

286 1511 392 1554 liam,
412 1522 534 1560 neque
560 1510 836 1547 commeatibus
864 1510 1111 1560 pervehendis
1142 1521 1188 1546 eo
1216 1510 1402 1559 patuisset

286 1575 372 1613 iter.
429 1575 527 1611 Sunt
555 1575 656 1610 enim
685 1574 830 1624 Tempe
859 1573 991 1617 saltus,
1016 1574 1163 1610 etiamsi
1191 1585 1269 1610 non
1297 1571 1399 1609 bello

285 1638 352 1675 fiat
372 1637 546 1682 infestus,
564 1639 727 1675 transitu
747 1638 926 1675 difficilis:
948 1651 1036 1674 nam
1052 1643 1190 1688 praeter
1204 1637 1398 1686 angustias

284 1714 351 1752 per
383 1703 550 1752 quinque
581 1701 714 1745 millia,
741 1715 816 1752 qua
844 1703 1023 1751 exiguum
1047 1700 1227 1752 jumento
1255 1705 1397 1736 onusto

282 1765 356 1802 iter
375 1773 445 1808 est,
467 1778 577 1816 rupes
597 1767 786 1815 utrimque
805 1766 860 1802 ita
878 1765 1035 1802 abscisae
1061 1771 1164 1808 sunt,
1185 1770 1228 1800 ut
1252 1763 1395 1814 despici

282 1829 346 1866 vix
365 1830 447 1865 siue
467 1830 653 1878 vertigine
673 1829 833 1879 quadam
854 1830 965 1866 simul
985 1828 1181 1866 oculorum
1202 1827 1393 1876 animique

281 1893 402 1942 possit
417 1908 425 1929 ε
453 1898 569 1928 terret
587 1899 624 1928 et
644 1893 791 1929 sonitus
811 1899 851 1928 et
868 1893 1030 1929 altitudo
1050 1905 1117 1943 per
1134 1892 1297 1929 mediam
1313 1890 1392 1928 val-

278 1956 352 1992 lem
381 1956 532 1993 fluentis
561 1956 680 2003 Penei
709 1957 844 1993 amnis.
901 1957 978 1993 Hic
1008 1957 1127 2001 locus,
1155 1962 1231 1994 tam
1259 1961 1392 2006 suapte

278 2026 413 2056 natura
433 2019 608 2063 infestus,
629 2032 696 2070 per
715 2027 878 2070 quatuor
897 2020 1087 2060 distantia
1096 2020 1181 2056 loca
1209 2018 1388 2070 praesidiis

276 2084 375 2132 regis
390 2083 464 2119 fuit
478 2084 663 2120 insessus:
687 2096 802 2120 unum
820 2085 856 2120 in
874 2085 998 2135 primo
1017 2084 1118 2120 aditu
1141 2083 1186 2119 ad
1207 2082 1388 2119 Gonnum

275 2153 378 2183 erat:
405 2146 566 2183 alterum
587 2147 787 2198 Condylon
807 2148 964 2184 castello
985 2147 1288 2198 inexpugnabili:
1312 2154 1388 2183 tex·-

272 2211 368 2247 tium
401 2211 502 2248 circa
528 2210 791 2261 Lapathunta,
822 2225 932 2262 quem
963 2212 1137 2248 Characa
1165 2210 1382 2262 adpellant:

269 2280 445 2324 quartum
464 2275 533 2311 viae
557 2275 644 2326 ipsi,
666 2287 741 2326 qua
759 2281 798 2312 et
816 2275 941 2312 media
959 2282 997 2312 et
1016 2275 1286 2325 angustissima
1303 2273 1384 2311 val-
