1546 2648
278 189 434 218 LIBER
458 188 665 216 XXXVII.
698 187 804 217 CAP.
828 189 1057 218 XXXVIII·
1169 186 1224 232 45

107 272 168 313 Eo
189 283 226 313 et
244 277 434 315 Eumenes
462 292 541 322 rex,
569 285 729 316 conatus
755 280 878 329 primo
899 279 946 316 ab
968 279 1225 329 Hellesponto
1239 296 1329 327 uc·
1349 302 1423 330 56⁴1.

108 341 286 378 reducere
305 343 462 379 classem
482 344 522 379 in
548 344 708 380 hiberna
727 345 885 387 Elaeam,
905 344 1069 381 adversis
1090 343 1227 379 deinde
1239 342 1279 372 Λ·
1294 340 1331 372 C·
1353 347 1422 374 19⁰·

110 406 231 442 ventis
262 419 378 456 quum
407 408 551 457 aliquot
582 409 711 445 diebus
745 422 923 459 superare
956 409 1108 445 Lecton
1139 423 1228 461 pro-

110 472 342 507 montorium
376 485 454 508 non
492 473 692 523 potuisset,
722 474 758 508 in
790 480 929 509 terram
945 464 949 468 ⁵
963 486 1149 522 egressus,
1181 487 1231 510 ne

112 534 259 571 deesset
277 537 472 587 principiis
493 550 631 581 reruni,
653 551 726 586 qua
744 539 960 588 proximum
980 538 1066 580 fuit,
1088 539 1127 574 in
1148 551 1230 575 cas-

111 606 172 637 tra
191 600 367 638 Romana
389 615 471 639 cum
490 616 605 652 parva
625 616 740 639 manu
759 604 968 640 contendit.
1016 604 1077 640 Ex
1097 605 1229 640 castris

111 664 340 714 Pergamum
354 667 530 703 remissus
547 667 594 703 ad
611 673 843 705 commeatus
861 667 1130 717 expediendOS,
1152 675 1230 704 tra-

114 729 195 765 dito
215 729 422 774 frumento,
440 731 575 781 quibus
588 731 757 781 jusserat
777 731 924 775 consul,
942 733 982 768 in
1003 733 1133 769 eadem
1154 739 1232 769 sta-

115 793 192 828 tiva
212 794 341 831 rediit:
365 796 464 837 inde,
482 796 645 845 plurium
661 796 805 832 dierum
827 797 1046 846 praeparatis
1063 797 1231 841 cibariis,

114 857 315 894 consilium
339 865 418 895 erat
438 861 492 895 ire
518 860 564 896 ad
591 860 755 904 hostem,
782 862 1001 911 priusquam
1021 862 1142 898 hiems
1163 862 1233 898 ob-

115 922 306 972 primeret.
363 923 487 973 Regia
517 931 641 960 castra
670 925 769 961 circa
797 925 983 974 Thyatira
1013 933 1144 963 erant:
1172 925 1234 963 ,ibi

115 999 230 1036 quum
251 989 416 1025 audisset
437 990 669 1032 Antiochus,
698 990 742 1026 P.
765 990 983 1040 Scipionem
1011 1003 1152 1039 aegrum
1179 990 1232 1026 E-
1248 994 1431 1029 Antiochus

1245 1039 1399 1070 Africano

1246 1081 1353 1112 filium
1371 1093 1420 1115 re-

116 1123 215 1160 rent,
232 1118 347 1154 misit.
401 1117 495 1154 Non
515 1117 638 1154 solum
664 1119 792 1154 animo
819 1119 944 1169 patrio
971 1126 1121 1168 gratum
1150 1133 1232 1156 mu·
1247 1125 1357 1156 mittit.

116 1194 202 1225 nus,
225 1182 288 1218 sed
315 1183 464 1233 corpori
486 1195 636 1232 quoque
665 1183 815 1220 salubre
845 1185 1023 1232 gaudium
1044 1183 1140 1221 fuit:
1174 1197 1234 1221 sa-

116 1245 308 1295 tiatusque
328 1247 480 1282 tandem
504 1246 703 1296 complexu
731 1246 812 1289 filii,
837 1247 1073 1291 Renunciate,
1095 1249 1234 1298 inquit,

113 1051 224 1088 laeam
250 1053 431 1097 delatum,
461 1053 623 1103 legatos,
644 1055 708 1104 qui
738 1054 855 1090 filium
887 1055 933 1090 ad
960 1067 1046 1091 eum
1078 1056 1232 1092 reduce-

113 1315 255 1361 gratias
284 1315 362 1362 regi
396 1326 452 1349 me
484 1326 615 1361 agere:
644 1313 779 1362 referre
808 1317 967 1361 gratiam
1001 1316 1111 1351 aliam
1143 1328 1239 1352 nunc

115 1390 186 1414 non
201 1389 314 1426 posse,
337 1391 444 1426 quam
472 1382 514 1413 ut
532 1379 717 1420 suadeam,
738 1390 782 1413 ne
801 1383 885 1414 (mie
905 1380 941 1414 in
961 1380 1073 1415 aciem
1094 1380 1236 1416 (lescen-

117 1444 195 1485 dat,
218 1456 323 1492 quam
349 1448 391 1479 ut
422 1444 458 1479 in
484 1448 603 1478 castra
627 1455 684 1478 me
705 1445 835 1480 redisse
864 1445 1032 1480 audierit.
1089 1444 1235 1483 Quam·

120 1521 233 1560 quam
253 1509 451 1556 sexaginta
472 1508 546 1544 duo
572 1507 691 1544 millia
716 1509 899 1559 peditum,
928 1509 1011 1559 plus
1038 1510 1236 1546 duodecim

118 1573 236 1610 millia
257 1574 425 1621 equitum
445 1573 592 1609 animos
613 1574 803 1610 interdum
824 1575 870 1610 ad
892 1587 996 1624 spem
1018 1575 1235 1610 certaminis

121 1637 336 1683 faciebant3
369 1646 494 1673 motus
511 1643 637 1673 tamen
656 1638 870 1674 Antiochus
889 1639 986 1674 tanti
1004 1640 1236 1674 auctoritate

118 1702 203 1744 viri,
225 1703 262 1737 in
283 1715 358 1750 quo
385 1702 432 1738 ad
457 1702 620 1737 incertos
641 1701 730 1737 belii
752 1710 906 1738 eventus
928 1703 1050 1738 omnis
1071 1703 1241 1747 fortunre

117 1773 297 1819 posuerat
317 1765 497 1808 subsidia,
519 1767 661 1815 recepit
682 1778 734 1807 sc,
754 1773 1009 1815 transgressus
1027 1766 1236 1816 Phrygium

121 1844 283 1874 amnem,
305 1831 478 1879 circaque
496 1829 753 1878 Blagncsiam,
776 1843 858 1879 qnae
885 1829 932 1866 ad
963 1830 1133 1880 Sipylum
1164 1838 1235 1873 est,

119 1895 247 1947 posuit
280 1901 422 1931 castra:
456 1900 506 1937 et,
543 1907 604 1936 ne,
636 1894 666 1929 si
701 1894 898 1930 extrahere
924 1901 1073 1944 tempus
1108 1894 1234 1937 vellet,

121 1960 357 1997 munimenta
390 1958 556 1994 Romani
592 1964 798 2001 tentarent,
829 1958 970 1994 fossam
1004 1971 1068 1994 sex
1107 1959 1237 1995 cubita

121 2024 250 2067 altam,
271 2024 468 2060 duodecim
489 2023 604 2059 latam
625 2036 740 2071 quum
761 2023 944 2066 duxisset,
967 2029 1073 2058 extra
1094 2022 1235 2073 duplex

120 2088 259 2124 vallum
287 2087 399 2123 fossae
429 2087 694 2123 circumdedit:
729 2087 909 2122 interiore
948 2086 1056 2122 labro
1086 2099 1233 2123 murum

122 2166 205 2189 cum
242 2153 408 2189 turribus
446 2152 585 2188 crebris
624 2151 785 2201 objecit3
839 2152 945 2196 unde*
966 2151 1078 2188 facile
1115 2154 1235 2188 arceri

121 2217 282 2252 transitu
302 2216 411 2252 fossae
431 2217 552 2252 hostis
574 2224 715 2267 posset.

173 2279 412 2317 XXXVIII.
443 2280 600 2323 Consul,
639 2281 739 2316 circa
770 2279 956 2329 Thyatira
991 2291 1119 2328 regem
1153 2291 1234 2316 esse

120 2350 238 2389 ratus,
270 2345 458 2382 continuis
484 2345 682 2382 itineribus
703 2345 838 2395 quinto
865 2345 923 2381 die
944 2345 989 2381 ad
1010 2343 1235 2394 Hyrcanum
