1546 2648
264 179 320 236 38
457 217 462 223 .
723 189 769 220 τ.
792 189 928 220 mvn

50 293 95 324 U.
111 292 148 324 c.
166 298 239 326 562.
267 295 328 320 sus
347 282 523 320 Rhodios
543 281 656 331 regiis
675 293 756 318 sese
775 280 969 333 objecere:
991 287 1262 333 momentoque
1278 287 1377 320 tem-

49 337 91 367 Α·
108 337 145 368 C·
165 344 235 370 ¹9⁰·
267 348 370 398 poris
390 354 428 384 et
445 347 568 384 media
586 347 684 383 acies
705 347 902 389 Antiochi,
923 352 960 382 et
985 346 1080 383 laevo
1101 347 1142 383 in
1168 359 1287 384 cornu
1306 349 1379 384 cir-

51 429 193 460 Romani
267 417 475 448 cumveutae
500 422 613 447 naves
633 409 913 458 mergebantur.
967 409 1138 447 Dextera
1165 423 1251 460 pars
1281 411 1380 447 inte-

50 473 197 504 Victorae·
267 487 348 524 gra,
369 475 558 511 sociorum
582 474 702 523 magis
723 473 841 516 clade,
862 486 975 523 quam
1004 486 1072 510 suo
1099 473 1281 524 periculo,
1301 481 1380 510 ter·

264 538 448 575 rebatur:
499 543 680 580 ceterum,
717 544 919 587 postquam
955 536 1047 573 alias
1089 537 1378 582 circumventas,

264 604 480 654 praetoriam
517 616 652 640 navem
679 601 939 652 Polyxenidae,
968 602 1109 639 relictis
1139 603 1266 646 sociis,
1295 602 1381 640 vela

265 667 419 704 dantem
450 667 592 709 videre,
622 665 780 703 sublatis
812 667 951 716 raptim
980 665 1183 702 dolonibus
1215 668 1271 714 (et
1300 672 1381 704 erat

265 731 451 767 secundus
477 729 694 781 petentibus
714 730 908 780 Ephesum
927 733 1080 777 ventus)
1103 736 1303 780 capessunt
1320 729 1381 766 fu-

266 807 368 843 gam,
389 795 638 844 quadraginta
658 793 802 830 duabus
822 793 980 831 navibus
1000 794 1040 830 in
1059 806 1104 830 ea
1122 806 1249 846 pugna
1269 794 1383 831 amis-

266 860 342 904 sis5
381 872 540 909 quarum
573 859 703 895 decem
741 865 778 894 et
811 864 886 895 tres
920 864 1040 909 captae
1077 859 1116 894 in
1153 864 1385 909 potestatem

266 923 435 959 hostium
472 929 670 966 venerunt,
709 928 844 959 ceterae
882 922 1046 959 incensae
1084 928 1150 959 aut
1189 922 1382 959 demersae.

267 985 531 1025 Romanorum
554 988 634 1025 duae
656 999 769 1024 naves
800 987 928 1023 fractae
957 995 1058 1030 sunt,
1078 986 1283 1023 vulneratae
1314 985 1383 1023 ali-

268 1058 374 1100 quot.
430 1052 587 1089 Rhodia
618 1065 694 1088 una
724 1058 836 1103 capta
864 1051 1100 1088 memorabili
1130 1063 1245 1088 casu:
1277 1063 1381 1095 nam,

266 1127 384 1164 quum
411 1124 536 1153 rostro
565 1117 812 1167 percussisset
838 1116 1203 1158 Sidoniam-navem,
1225 1127 1381 1158 ancora,

266 1180 345 1216 ictu
365 1182 448 1231 ipso
469 1194 626 1218 excussa
645 1194 664 1217 e
682 1193 779 1217 nave
805 1193 886 1223 sua,
908 1193 1008 1216 unco
1025 1180 1151 1223 dente,
1170 1169 1274 1216 velut
1300 1191 1383 1216 ma-

265 1256 320 1280 nu
348 1244 471 1281 ferrea
501 1244 658 1295 injecta,
691 1244 870 1294 adligavit
903 1244 1056 1280 alterius
1089 1256 1263 1294 proram:
1295 1242 1384 1279 inde

267 1308 436 1344 tumultu
472 1309 629 1360 injecto,
661 1321 789 1358 quum,
820 1307 995 1344 divellere
1023 1320 1063 1343 se
1092 1306 1138 1344 ab
1171 1307 1282 1343 hoste
1318 1319 1384 1343 cu-

268 1373 430 1422 pientes,
451 1373 668 1410 inhiberent
687 1373 844 1416 Rhodii,
864 1378 1028 1408 tractum
1053 1370 1230 1408 ancorale
1259 1377 1298 1407 et
1324 1371 1385 1407 in-

269 1436 442 1486 plicitum
471 1439 598 1482 remis,
629 1438 727 1475 latus
756 1437 916 1474 alterum
936 1437 1114 1473 detersit:
1147 1435 1383 1483 debilitatam

271 1514 314 1538 ea
351 1502 447 1552 ipsa,
483 1515 565 1552 quae
599 1504 674 1539 icta
709 1503 930 1545 cohaeserat,
963 1502 1090 1537 navim
1127 1501 1239 1551 cepit.
1295 1499 1385 1538 Hoc

269 1567 434 1602 maxime
452 1566 568 1603 modo
587 1567 635 1603 ad
656 1566 913 1616 Myonnesum
932 1564 1056 1601 navali
1075 1564 1212 1615 proelio
1236 1576 1384 1615 pugna-

268 1636 350 1666 tum
371 1636 439 1667 est.
872 1624 880 1633 N

52 1711 233 1742 Antiochus
323 1695 481 1732 XXXI.
511 1697 600 1736 Quo
638 1695 791 1732 territus
828 1693 1057 1736 Antiochus,
1094 1693 1197 1742 quia,
1234 1704 1384 1743 posses-

53 1754 251 1803 Lysimachi-
267 1760 375 1796 sione
408 1761 520 1797 maris
559 1760 702 1811 pulsus,
739 1758 953 1807 longinqua
983 1756 1080 1792 tueri
1117 1755 1309 1792 diffidebat
1343 1768 1384 1793 se

52 1806 107 1828 am
123 1799 246 1829 desem.
269 1835 393 1875 posse,
420 1825 635 1875 praesidium
667 1824 714 1860 ab
744 1821 1000 1872 Lysimachia,
1030 1819 1384 1870 ne‘obprimeretur

268 1889 322 1926 ibi
351 1889 398 1925 ab
429 1889 630 1932 Romanis,
659 1887 792 1924 deduci
819 1897 950 1936 pravo,
982 1890 1023 1920 ut
1050 1895 1109 1919 res
1138 1883 1220 1933 ipsa
1248 1890 1383 1934 postea

267 1953 413 1998 docuit,
434 1954 594 1991 consilio
607 1952 736 2004 jussit.
791 1950 885 1987 Non
908 1949 1008 1985 enim
1034 1948 1131 1984 tueri
1158 1946 1280 1984 solum
1305 1947 1385 1998 Ly·

268 2021 488 2056 simachiam
509 2032 531 2054 a
561 2018 684 2068 primo
704 2017 836 2067 inpetu
852 2014 1117 2052 Romanorum
1137 2011 1247 2049 facile
1276 2018 1381 2049 erat:

267 2085 332 2120 sed
359 2078 597 2120 obsidionem
625 2082 739 2118 etiam
768 2092 834 2131 pei·
862 2086 984 2116 totam
1012 2078 1176 2113 hiemem
1203 2076 1382 2120 tolerare,

267 2156 306 2186 et
322 2149 538 2185 obsidentes
560 2159 709 2196 quoque
729 2146 775 2182 ad
802 2145 973 2181 ultimam
1004 2143 1169 2192 inopiam
1200 2141 1385 2178 adducere

267 2213 503 2250 extrahendo
521 2219 685 2262 temp11S,
707 2219 745 2246 et
767 2210 918 2245 interim
939 2220 1043 2258 spem
1062 2207 1164 2257 pacis
1185 2219 1252 2256 per
1271 2217 1383 2243 occa-

265 2279 391 2315 siones
410 2283 571 2313 tentare.
628 2275 711 2311 Nec
737 2273 1020 2324 Lysimachiam
1040 2278 1189 2308 tantum
1209 2269 1382 2307 hostibus

263 2342 420 2380 tradidit
448 2347 534 2394 post
564 2340 759 2378 adversam
778 2337 950 2377 navalem
978 2349 1161 2389 pugnam,
1182 2334 1247 2372 sed
1266 2334 1381 2372 etiam
