1546 2648
317 152 374 198 92,
771 150 819 200 T..
839 149 974 186 mvn

124 238 478 287 U.c.⁵⁶2·bavere†:
508 236 656 290 deinde,
686 247 729 277 ut
760 239 948 291 adparuit,
977 251 1047 275 nec
1079 249 1235 274 numero
1267 247 1321 281 se,
1354 245 1425 272 nec

123 288 164 318 Α·
179 288 216 320 C‘
234 294 580 355 ²⁸⁹'virtute*pares
601 295 695 356 esse,
715 304 754 340 in
777 302 907 356 urbem
934 300 1132 353 compulsi,
1153 300 1298 337 veniam
1319 309 1422 335 erro-

314 369 366 406 ris
396 368 590 420 petebant,
611 363 742 416 dedere
768 367 899 404 urbem
926 358 1071 418 parati:
1104 365 1269 415 quinque
1299 370 1337 399 et
1367 361 1423 398 vi-

315 419 415 484 ginti
442 424 595 469 talenta
620 427 780 482 argenti,
803 437 850 476 ‘et
881 430 1009 466 decem
1030 418 1157 466 vmillia.
1191 424 1424 464 medimnfim

314 497 433 533 tritici
448 496 653 547 imperata:
687 496 741 531 ita
754 495 794 531 in
813 494 1043 530 deditionem
1064 491 1221 543 accepti.
1425 489 1429 494 '

368 559 482 596 XIV.
510 559 644 596 Tertio
665 557 752 594 inde
770 557 829 594 die
849 557 895 593 ad
916 557 1064 592 Chaum
1092 567 1240 592 amnem
1266 564 1424 604 perven-

314 630 396 660 tum
412 638 419 659 :
451 623 538 660 inde
557 622 720 673 profecti
737 622 891 658 Erizam
918 621 1049 656 urbem
1068 620 1191 670 primo
1210 619 1343 668 inpetu
1362 628 1423 652 ce-

313 694 464 738 perunt.
519 687 582 723 Ad
600 685 822 722 Thabusion
843 683 1052 726 castellum,
1070 683 1256 733 inminens
1276 678 1423 716 flumini

313 750 428 794 Indo,
448 758 603 788 ventum
623 757 700 796 est5
732 750 793 786 cui
811 748 954 785 fecerat
972 759 1111 783 nomen
1131 744 1262 788 Indus,
1280 743 1327 780 ab
1348 741 1423 779 ele-

311 814 460 865 phanto
480 813 659 865 dejectus.
716 813 832 850 Haud
857 813 990 865 procu]
1018 826 1040 849 a
1071 812 1210 861 Cibyra
1240 809 1420 846 aberant:

312 867 384 915 nec
415 878 557 929 legatio
586 878 662 915 ulla
693 892 715 915 a
738 879 936 927 Moagete,
957 885 1120 928 tyranno
1144 874 1306 912 civitatis
1327 871 1422 923 ejus,

312 942 469 979 homine
493 942 541 979 ad
560 942 688 978 onmia
712 942 828 979 infido
849 949 961 991 atque
982 942 1205 991 inportuno,
1232 935 1421 974 veniebat.

310 1006 374 1044 Ad
396 1007 616 1044 tentandum
639 1006 718 1058 ejus
746 1008 914 1043 animum
945 1007 989 1043 C.
1010 1005 1204 1046 Helvium,
1225 1015 1308 1039 cum
1329 1012 1421 1050 qua·

309 1076 400 1106 tuor
417 1070 582 1107 millibus
609 1071 778 1120 peditum
797 1078 835 1106 et
854 1070 1072 1120 quingentis
1103 1066 1308 1116 equitibus,
1329 1076 1422 1100 con-

310 1133 370 1170 sul
394 1134 603 1184 praemittit.
659 1133 762 1170 Huic
783 1134 942 1182 agmini,
957 1133 1040 1183 jam
1065 1131 1157 1168 fines
1177 1127 1421 1178 ingredienti,

308 1196 426 1247 legati
446 1199 710 1241 obcurrerunt,
730 1199 968 1241 nunciantes,
988 1203 1164 1247 paratum
1190 1206 1270 1230 esse
1289 1199 1419 1242 tyran-

309 1272 402 1298 num
420 1262 606 1312 imperata
624 1262 748 1298 facere
763 1277 770 1297 :
804 1256 980 1304 orabant,
1003 1268 1043 1296 ut
1059 1268 1214 1310 pacatus
1235 1257 1327 1294 fines
1344 1255 1421 1292 ini-

307 1333 381 1369 ret,
415 1326 685 1375 cohiberetque
714 1340 736 1363 a
767 1320 1015 1376 populatione
1053 1326 1131 1374 agri
1165 1322 1345 1358 militem:
1384 1317 1425 1361 et

305 1402 493 1427 coronam
525 1403 678 1428 auream
714 1391 928 1440 quindecim
962 1389 1149 1425 talentum
1186 1387 1420 1425 adferebant.

307 1452 484 1497 Helvius,
517 1455 687 1503 integros
717 1468 739 1490 a
770 1454 1018 1504 populatione
1048 1465 1158 1502 agros
1185 1458 1420 1488 servaturum

307 1518 515 1569 pollicitus,
550 1519 603 1554 ire
635 1518 683 1554 ad
712 1517 906 1554 consulem
943 1517 1089 1564 legatos
1117 1515 1252 1566 jussit:
1285 1515 1420 1563 quibus

307 1584 440 1621 eadem
467 1583 732 1630 referentibus,
760 1582 906 1625 consul,
933 1583 1056 1631 Neque
1088 1582 1258 1623 Romani,
1284 1581 1422 1630 inquit,

306 1647 406 1684 bonae
422 1649 618 1687 voluntatis
645 1648 760 1690 ullum
784 1648 923 1694 signum
951 1659 1035 1694 erga
1064 1659 1125 1682 nos
1153 1646 1297 1693 tyranni
1319 1645 1423 1681 habe-

307 1723 411 1748 mus:
439 1717 475 1747 et
500 1713 615 1760 ipsum
639 1712 748 1747 talem
777 1723 847 1747 esse
876 1714 966 1746 inter
994 1723 1111 1746 omnes
1141 1715 1290 1752 constat,
1311 1713 1352 1745 ut
1381 1710 1424 1745 de

304 1787 414 1824 poena
432 1773 505 1821 ejus
524 1777 650 1822 magis,
672 1787 780 1823 quam
809 1776 853 1810 cle
882 1776 1056 1817 amicitia,
1078 1774 1175 1810 nobis
1193 1773 1422 1821 cogitandum

307 1843 367 1878 sit.
423 1841 640 1877 Perturbati
669 1842 739 1878 hac
758 1854 850 1891 voce
878 1841 993 1889 legati
1023 1839 1115 1876 nihil
1147 1839 1246 1875 alind
1277 1846 1418 1889 petere,

308 1919 424 1957 quam
456 1914 497 1942 ut
527 1918 707 1942 coronam
740 1907 947 1957 accipe1·et;
980 1905 1227 1953 veniendique
1258 1904 1304 1940 ad
1333 1917 1418 1940 eum

308 1976 539 2021 potestatem
554 1976 731 2019 tyranno,
748 1977 786 2006 et
806 1970 953 2019 copiam
973 1968 1151 2017 loquendi
1172 1981 1214 2004 ac
1232 1967 1417 2018 purgandi

309 2045 363 2076 se,
387 2033 537 2070 faceret.
593 2033 782 2069 Pei-missu
799 2031 965 2070 consulis
985 2039 1138 2082 postero
1159 2032 1217 2068 (lie
1234 2033 1272 2067 iu
1293 2038 1417 2067 castra

309 2102 492 2146 tyrannus
515 2098 640 2142 venit;
664 2098 820 2134 vestitus
841 2098 1116 2146 comitatusque
1136 2097 1198 2132 vix
1217 2095 1263 2132 ad
1279 2095 1418 2145 privati

309 2161 457 2199 modice
484 2161 683 2213 locupletis
713 2162 908 2198 habitum:
941 2171 978 2198 et
997 2161 1120 2197 oratio
1140 2160 1212 2196 fuit
1232 2159 1419 2196 submissa

309 2230 352 2262 et
378 2225 552 2269 infracta,
574 2227 813 2263 extenuantis
843 2239 933 2277 opes
963 2238 1062 2268 suas,
1087 2225 1313 2274 urbiumque
1339 2236 1415 2261 suae
1446 2253 1448 2255 -

311 2289 466 2333 ditionis
486 2297 693 2342 egestatem
713 2292 917 2344 querentis,
971 2290 1095 2328 Erant
1119 2296 1245 2327 autem
1265 2287 1335 2326 sub
1355 2301 1415 2332 eo,
