<?xml version="1.0" encoding="UTF-8"?>
<!DOCTYPE html PUBLIC "-//W3C//DTD XHTML 1.0 Transitional//EN"
    "http://www.w3.org/TR/xhtml1/DTD/xhtml1-transitional.dtd">
<html xmlns="http://www.w3.org/1999/xhtml" xml:lang="en" lang="en">
 <head>
  <title>
</title>
<meta http-equiv="Content-Type" content="text/html;charset=utf-8" />
  <meta name='ocr-system' content='tesseract 3.04.00' />
  <meta name='ocr-capabilities' content='ocr_page ocr_carea ocr_par ocr_line ocrx_word'/>
</head>
<body>
  <div class='ocr_page' id='page_1' title='image "./historiarumquaes04livyuoft/historiarumquaes04livyuoft_0041.png"; bbox 0 0 1546 2648; ppageno 0'>
   <div class='ocr_carea' id='block_1_1' title="bbox 358 134 1240 181">
    <p class='ocr_par' dir='ltr' id='par_1_1' title="bbox 358 134 1240 181">
     <span class='ocr_line' id='line_1_1' title="bbox 358 134 1240 181; baseline 0.003 -17"><span class='ocrx_word' id='word_1_1' title='bbox 358 135 514 165; x_wconf 85' lang='lat' dir='ltr'>LIBER</span> <span class='ocrx_word' id='word_1_2' title='bbox 537 134 743 164; x_wconf 81' lang='lat' dir='ltr'><strong>xxxvn.</strong></span> <span class='ocrx_word' id='word_1_3' title='bbox 775 135 882 164; x_wconf 82' lang='lat' dir='ltr'><strong>CAP.</strong></span> <span class='ocrx_word' id='word_1_4' title='bbox 904 136 1025 166; x_wconf 83' lang='lat' dir='ltr'><strong>XXV·</strong></span> <span class='ocrx_word' id='word_1_5' title='bbox 1188 138 1240 181; x_wconf 75' lang='lat'>31</span> 
     </span>
    </p>
   </div>
   <div class='ocr_carea' id='block_1_2' title="bbox 123 223 1466 1960">
    <p class='ocr_par' dir='ltr' id='par_1_2' title="bbox 123 223 1438 792">
     <span class='ocr_line' id='line_1_2' title="bbox 132 223 1437 277; baseline 0.003 -16"><span class='ocrx_word' id='word_1_6' title='bbox 132 224 356 277; x_wconf 63' lang='lat' dir='ltr'>praetervehi</span> <span class='ocrx_word' id='word_1_7' title='bbox 386 224 545 275; x_wconf 86' lang='lat' dir='ltr'>Lyciam</span> <span class='ocrx_word' id='word_1_8' title='bbox 576 223 754 267; x_wconf 86' lang='lat' dir='ltr'>audebat,</span> <span class='ocrx_word' id='word_1_9' title='bbox 775 237 890 273; x_wconf 89' lang='lat' dir='ltr'>quum</span> <span class='ocrx_word' id='word_1_10' title='bbox 916 223 1101 276; x_wconf 83' lang='lat' dir='ltr'>conjungi</span> <span class='ocrx_word' id='word_1_11' title='bbox 1127 227 1287 265; x_wconf 84' lang='lat' dir='ltr'>veteriU</span> <span class='ocrx_word' id='word_1_12' title='bbox 1313 234 1349 265; x_wconf 91' lang='lat' dir='ltr'>C.</span> <span class='ocrx_word' id='word_1_13' title='bbox 1365 240 1437 266; x_wconf 76' lang='lat'>562.</span> 
     </span>
     <span class='ocr_line' id='line_1_3' title="bbox 133 279 1438 339; baseline 0.001 -13"><span class='ocrx_word' id='word_1_14' title='bbox 133 289 246 339; x_wconf 81' lang='lat' dir='ltr'>regiae</span> <span class='ocrx_word' id='word_1_15' title='bbox 265 288 376 326; x_wconf 87' lang='lat' dir='ltr'>classi</span> <span class='ocrx_word' id='word_1_16' title='bbox 395 289 670 339; x_wconf 85' lang='lat' dir='ltr'>quamprimum</span> <span class='ocrx_word' id='word_1_17' title='bbox 691 295 857 338; x_wconf 86' lang='lat' dir='ltr'>cuperet.</span> <span class='ocrx_word' id='word_1_18' title='bbox 913 288 1036 332; x_wconf 49' lang='lat' dir='ltr'>Etsid</span> <span class='ocrx_word' id='word_1_19' title='bbox 1058 303 1106 326; x_wconf 86' lang='lat' dir='ltr'>ne</span> <span class='ocrx_word' id='word_1_20' title='bbox 1125 291 1159 326; x_wconf 89' lang='lat' dir='ltr'>ei</span> <span class='ocrx_word' id='word_1_21' title='bbox 1187 291 1244 327; x_wconf 86' lang='lat' dir='ltr'>fa·</span> <span class='ocrx_word' id='word_1_22' title='bbox 1257 280 1296 309; x_wconf 64' lang='lat' dir='ltr'>A·</span> <span class='ocrx_word' id='word_1_23' title='bbox 1311 279 1348 310; x_wconf 80' lang='lat' dir='ltr'>C·</span> <span class='ocrx_word' id='word_1_24' title='bbox 1366 286 1438 311; x_wconf 81' lang='lat'>190·</span> 
     </span>
     <span class='ocr_line' id='line_1_4' title="bbox 131 351 1246 403; baseline 0 -13"><span class='ocrx_word' id='word_1_25' title='bbox 131 366 215 390; x_wconf 86' lang='lat' dir='ltr'>cere</span> <span class='ocrx_word' id='word_1_26' title='bbox 240 352 400 389; x_wconf 84' lang='lat' dir='ltr'>liberum</span> <span class='ocrx_word' id='word_1_27' title='bbox 424 359 536 396; x_wconf 87' lang='lat' dir='ltr'>esset,</span> <span class='ocrx_word' id='word_1_28' title='bbox 556 352 702 388; x_wconf 88' lang='lat' dir='ltr'>Rhodii</span> <span class='ocrx_word' id='word_1_29' title='bbox 730 351 977 389; x_wconf 84' lang='lat' dir='ltr'>Chariclitum</span> <span class='ocrx_word' id='word_1_30' title='bbox 1004 367 1090 390; x_wconf 87' lang='lat' dir='ltr'>cum</span> <span class='ocrx_word' id='word_1_31' title='bbox 1109 354 1246 403; x_wconf 82' lang='lat' dir='ltr'>viginti</span> 
     </span>
     <span class='ocr_line' id='line_1_5' title="bbox 130 417 1245 470; baseline 0.003 -16"><span class='ocrx_word' id='word_1_32' title='bbox 130 417 287 455; x_wconf 87' lang='lat' dir='ltr'>navibus</span> <span class='ocrx_word' id='word_1_33' title='bbox 308 418 480 454; x_wconf 83' lang='lat' dir='ltr'>rostratis</span> <span class='ocrx_word' id='word_1_34' title='bbox 501 418 548 454; x_wconf 87' lang='lat' dir='ltr'>ad</span> <span class='ocrx_word' id='word_1_35' title='bbox 565 418 704 455; x_wconf 81' lang='lat' dir='ltr'>Patara</span> <span class='ocrx_word' id='word_1_36' title='bbox 724 427 762 456; x_wconf 88' lang='lat' dir='ltr'>et</span> <span class='ocrx_word' id='word_1_37' title='bbox 780 419 974 469; x_wconf 83' lang='lat' dir='ltr'><strong>Megisten</strong></span> <span class='ocrx_word' id='word_1_38' title='bbox 1000 427 1152 470; x_wconf 87' lang='lat' dir='ltr'>portum</span> <span class='ocrx_word' id='word_1_39' title='bbox 1173 422 1245 457; x_wconf 87' lang='lat' dir='ltr'>mi-</span> 
     </span>
     <span class='ocr_line' id='line_1_6' title="bbox 130 481 1247 534; baseline 0.004 -16"><span class='ocrx_word' id='word_1_40' title='bbox 130 488 272 519; x_wconf 87' lang='lat' dir='ltr'>serunt.</span> <span class='ocrx_word' id='word_1_41' title='bbox 317 481 534 518; x_wconf 86' lang='lat' dir='ltr'><strong>Eudamum</strong></span> <span class='ocrx_word' id='word_1_42' title='bbox 554 496 640 519; x_wconf 89' lang='lat' dir='ltr'>cum</span> <span class='ocrx_word' id='word_1_43' title='bbox 660 491 803 534; x_wconf 81' lang='lat' dir='ltr'>septem</span> <span class='ocrx_word' id='word_1_44' title='bbox 824 483 983 521; x_wconf 82' lang='lat' dir='ltr'>navibus</span> <span class='ocrx_word' id='word_1_45' title='bbox 1004 486 1178 521; x_wconf 80' lang='lat' dir='ltr'>maximis</span> <span class='ocrx_word' id='word_1_46' title='bbox 1200 499 1247 523; x_wconf 80' lang='lat' dir='ltr'>ex</span> 
     </span>
     <span class='ocr_line' id='line_1_7' title="bbox 129 546 1246 598; baseline 0.004 -15"><span class='ocrx_word' id='word_1_47' title='bbox 129 559 174 583; x_wconf 86' lang='lat' dir='ltr'>ea</span> <span class='ocrx_word' id='word_1_48' title='bbox 193 546 325 591; x_wconf 88' lang='lat' dir='ltr'>classe,</span> <span class='ocrx_word' id='word_1_49' title='bbox 346 548 405 584; x_wconf 90' lang='lat' dir='ltr'>cui</span> <span class='ocrx_word' id='word_1_50' title='bbox 422 547 639 598; x_wconf 62' lang='lat' dir='ltr'>praefuerat,</span> <span class='ocrx_word' id='word_1_51' title='bbox 661 549 817 585; x_wconf 87' lang='lat' dir='ltr'>Samum</span> <span class='ocrx_word' id='word_1_52' title='bbox 836 549 959 586; x_wconf 87' lang='lat' dir='ltr'>redire</span> <span class='ocrx_word' id='word_1_53' title='bbox 979 549 1027 586; x_wconf 87' lang='lat' dir='ltr'>ad</span> <span class='ocrx_word' id='word_1_54' title='bbox 1047 549 1246 587; x_wconf 83' lang='lat' dir='ltr'>Romanos</span> 
     </span>
     <span class='ocr_line' id='line_1_8' title="bbox 123 609 1247 663; baseline 0.003 -15"><span class='ocrx_word' id='word_1_55' title='bbox 123 609 345 662; x_wconf 81' lang='lat' dir='ltr'>jusserunt3</span> <span class='ocrx_word' id='word_1_56' title='bbox 379 618 434 656; x_wconf 92' lang='lat' dir='ltr'>ut,</span> <span class='ocrx_word' id='word_1_57' title='bbox 456 618 640 661; x_wconf 81' lang='lat' dir='ltr'>quantum</span> <span class='ocrx_word' id='word_1_58' title='bbox 669 613 844 656; x_wconf 82' lang='lat' dir='ltr'>consilio,</span> <span class='ocrx_word' id='word_1_59' title='bbox 866 620 1051 663; x_wconf 88' lang='lat' dir='ltr'>quantum</span> <span class='ocrx_word' id='word_1_60' title='bbox 1080 616 1247 651; x_wconf 85' lang='lat' dir='ltr'>auctori-</span> 
     </span>
     <span class='ocr_line' id='line_1_9' title="bbox 130 676 1246 729; baseline 0.005 -17"><span class='ocrx_word' id='word_1_61' title='bbox 130 682 209 713; x_wconf 85' lang='lat' dir='ltr'>tate</span> <span class='ocrx_word' id='word_1_62' title='bbox 238 676 394 722; x_wconf 85' lang='lat' dir='ltr'>valeret,</span> <span class='ocrx_word' id='word_1_63' title='bbox 424 677 669 729; x_wconf 88' lang='lat' dir='ltr'>compelleret</span> <span class='ocrx_word' id='word_1_64' title='bbox 701 678 901 716; x_wconf 85' lang='lat' dir='ltr'>Romanos</span> <span class='ocrx_word' id='word_1_65' title='bbox 931 680 979 717; x_wconf 85' lang='lat' dir='ltr'>ad</span> <span class='ocrx_word' id='word_1_66' title='bbox 1007 680 1147 717; x_wconf 86' lang='lat' dir='ltr'>Patara</span> <span class='ocrx_word' id='word_1_67' title='bbox 1175 680 1246 718; x_wconf 86' lang='lat' dir='ltr'>ob-</span> 
     </span>
     <span class='ocr_line' id='line_1_10' title="bbox 130 742 345 792; baseline 0.009 -15"><span class='ocrx_word' id='word_1_68' title='bbox 130 742 345 792; x_wconf 77' lang='lat' dir='ltr'>pugnanda,</span> 
     </span>
    </p>

    <p class='ocr_par' dir='ltr' id='par_1_3' title="bbox 124 806 1466 1960">
     <span class='ocr_line' id='line_1_11' title="bbox 186 806 1248 862; baseline 0.004 -20"><span class='ocrx_word' id='word_1_69' title='bbox 186 806 318 843; x_wconf 87' lang='lat' dir='ltr'>XXV.</span> <span class='ocrx_word' id='word_1_70' title='bbox 337 806 522 857; x_wconf 67' lang='lat' dir='ltr'>hiagnam</span> <span class='ocrx_word' id='word_1_71' title='bbox 538 807 709 862; x_wconf 72' lang='lat' dir='ltr'>laetitiam</span> <span class='ocrx_word' id='word_1_72' title='bbox 728 807 915 845; x_wconf 83' lang='lat' dir='ltr'>Romanis</span> <span class='ocrx_word' id='word_1_73' title='bbox 929 807 1013 859; x_wconf 87' lang='lat' dir='ltr'>jam</span> <span class='ocrx_word' id='word_1_74' title='bbox 1030 809 1132 859; x_wconf 86' lang='lat' dir='ltr'>prius</span> <span class='ocrx_word' id='word_1_75' title='bbox 1149 822 1248 846; x_wconf 89' lang='lat' dir='ltr'>nun-</span> 
     </span>
     <span class='ocr_line' id='line_1_12' title="bbox 132 871 1246 915; baseline 0.003 -9"><span class='ocrx_word' id='word_1_76' title='bbox 132 871 210 906; x_wconf 89' lang='lat' dir='ltr'>cius</span> <span class='ocrx_word' id='word_1_77' title='bbox 232 871 414 915; x_wconf 81' lang='lat' dir='ltr'>victoriae,</span> <span class='ocrx_word' id='word_1_78' title='bbox 444 872 578 908; x_wconf 88' lang='lat' dir='ltr'>deinde</span> <span class='ocrx_word' id='word_1_79' title='bbox 607 871 790 908; x_wconf 85' lang='lat' dir='ltr'>adventus</span> <span class='ocrx_word' id='word_1_80' title='bbox 820 872 957 908; x_wconf 87' lang='lat' dir='ltr'>adtulit</span> <span class='ocrx_word' id='word_1_81' title='bbox 980 872 1246 909; x_wconf 76' lang='lat' dir='ltr'>Rhodiorum:</span> 
     </span>
     <span class='ocr_line' id='line_1_13' title="bbox 132 935 1248 986; baseline 0.003 -15"><span class='ocrx_word' id='word_1_82' title='bbox 132 942 169 971; x_wconf 89' lang='lat' dir='ltr'>et</span> <span class='ocrx_word' id='word_1_83' title='bbox 189 935 409 986; x_wconf 82' lang='lat' dir='ltr'>adparebat,</span> <span class='ocrx_word' id='word_1_84' title='bbox 426 936 456 971; x_wconf 88' lang='lat' dir='ltr'>si</span> <span class='ocrx_word' id='word_1_85' title='bbox 475 949 518 973; x_wconf 86' lang='lat' dir='ltr'>ea</span> <span class='ocrx_word' id='word_1_86' title='bbox 538 949 627 972; x_wconf 90' lang='lat' dir='ltr'>cura</span> <span class='ocrx_word' id='word_1_87' title='bbox 647 936 811 973; x_wconf 74' lang='lat' dir='ltr'>Rhodiis</span> <span class='ocrx_word' id='word_1_88' title='bbox 832 938 959 974; x_wconf 85' lang='lat' dir='ltr'>demta</span> <span class='ocrx_word' id='word_1_89' title='bbox 979 945 1091 981; x_wconf 85' lang='lat' dir='ltr'>esset,</span> <span class='ocrx_word' id='word_1_90' title='bbox 1110 950 1248 974; x_wconf 79' lang='lat' dir='ltr'>vacuos</span> 
     </span>
     <span class='ocr_line' id='line_1_14' title="bbox 132 999 1249 1053; baseline 0.004 -18"><span class='ocrx_word' id='word_1_91' title='bbox 132 1012 196 1035; x_wconf 90' lang='lat' dir='ltr'>eos</span> <span class='ocrx_word' id='word_1_92' title='bbox 217 1006 299 1036; x_wconf 89' lang='lat' dir='ltr'>tuta</span> <span class='ocrx_word' id='word_1_93' title='bbox 319 999 398 1050; x_wconf 86' lang='lat' dir='ltr'>ejus</span> <span class='ocrx_word' id='word_1_94' title='bbox 420 1000 586 1049; x_wconf 81' lang='lat' dir='ltr'>regionis</span> <span class='ocrx_word' id='word_1_95' title='bbox 607 1001 727 1037; x_wconf 83' lang='lat' dir='ltr'>maria</span> <span class='ocrx_word' id='word_1_96' title='bbox 753 1008 998 1051; x_wconf 75' lang='lat' dir='ltr'>praestaturos</span> <span class='ocrx_word' id='word_1_97' title='bbox 1019 1018 1026 1039; x_wconf 89' lang='lat'>:</span> <span class='ocrx_word' id='word_1_98' title='bbox 1060 1002 1138 1046; x_wconf 84' lang='lat' dir='ltr'>sed,</span> <span class='ocrx_word' id='word_1_99' title='bbox 1159 1016 1249 1053; x_wconf 81' lang='lat' dir='ltr'>pro-</span> 
     </span>
     <span class='ocr_line' id='line_1_15' title="bbox 129 1064 1248 1116; baseline 0.001 -14"><span class='ocrx_word' id='word_1_100' title='bbox 129 1064 246 1102; x_wconf 84' lang='lat' dir='ltr'>fectio</span> <span class='ocrx_word' id='word_1_101' title='bbox 266 1065 451 1102; x_wconf 83' lang='lat' dir='ltr'><strong>Antiochi</strong></span> <span class='ocrx_word' id='word_1_102' title='bbox 471 1065 517 1102; x_wconf 86' lang='lat' dir='ltr'>ab</span> <span class='ocrx_word' id='word_1_103' title='bbox 535 1065 730 1108; x_wconf 81' lang='lat' dir='ltr'>Sardibus,</span> <span class='ocrx_word' id='word_1_104' title='bbox 747 1079 795 1102; x_wconf 84' lang='lat' dir='ltr'>ne</span> <span class='ocrx_word' id='word_1_105' title='bbox 812 1066 1118 1116; x_wconf 81' lang='lat' dir='ltr'>obprimerentnr</span> <span class='ocrx_word' id='word_1_106' title='bbox 1138 1067 1248 1103; x_wconf 81' lang='lat' dir='ltr'>urbes</span> 
     </span>
     <span class='ocr_line' id='line_1_16' title="bbox 132 1129 1248 1180; baseline 0.001 -14"><span class='ocrx_word' id='word_1_107' title='bbox 132 1130 346 1173; x_wconf 83' lang='lat' dir='ltr'>maritimae,</span> <span class='ocrx_word' id='word_1_108' title='bbox 367 1129 568 1167; x_wconf 83' lang='lat' dir='ltr'>abscedere</span> <span class='ocrx_word' id='word_1_109' title='bbox 598 1131 772 1167; x_wconf 77' lang='lat' dir='ltr'>custodia</span> <span class='ocrx_word' id='word_1_110' title='bbox 797 1130 919 1167; x_wconf 83' lang='lat' dir='ltr'>Ioniae</span> <span class='ocrx_word' id='word_1_111' title='bbox 949 1138 1062 1180; x_wconf 81' lang='lat' dir='ltr'>atque</span> <span class='ocrx_word' id='word_1_112' title='bbox 1081 1131 1248 1168; x_wconf 67' lang='lat' dir='ltr'>AEolidis</span> 
     </span>
     <span class='ocr_line' id='line_1_17' title="bbox 131 1193 1249 1245; baseline 0.002 -15"><span class='ocrx_word' id='word_1_113' title='bbox 131 1193 341 1244; x_wconf 82' lang='lat' dir='ltr'>prohibuit.</span> <span class='ocrx_word' id='word_1_114' title='bbox 397 1195 676 1245; x_wconf 76' lang='lat' dir='ltr'>Pamphilidam</span> <span class='ocrx_word' id='word_1_115' title='bbox 696 1208 780 1231; x_wconf 88' lang='lat' dir='ltr'>cum</span> <span class='ocrx_word' id='word_1_116' title='bbox 801 1202 965 1244; x_wconf 83' lang='lat' dir='ltr'>quatuor</span> <span class='ocrx_word' id='word_1_117' title='bbox 983 1196 1142 1232; x_wconf 82' lang='lat' dir='ltr'>navibus</span> <span class='ocrx_word' id='word_1_118' title='bbox 1169 1203 1249 1232; x_wconf 78' lang='lat' dir='ltr'>tec-</span> 
     </span>
     <span class='ocr_line' id='line_1_18' title="bbox 130 1258 1247 1308; baseline 0.002 -14"><span class='ocrx_word' id='word_1_119' title='bbox 130 1259 178 1295; x_wconf 89' lang='lat' dir='ltr'>tis</span> <span class='ocrx_word' id='word_1_120' title='bbox 200 1259 246 1294; x_wconf 84' lang='lat' dir='ltr'>ad</span> <span class='ocrx_word' id='word_1_121' title='bbox 267 1272 349 1295; x_wconf 88' lang='lat' dir='ltr'>eam</span> <span class='ocrx_word' id='word_1_122' title='bbox 369 1258 541 1302; x_wconf 84' lang='lat' dir='ltr'>classem,</span> <span class='ocrx_word' id='word_1_123' title='bbox 559 1273 642 1308; x_wconf 84' lang='lat' dir='ltr'>quae</span> <span class='ocrx_word' id='word_1_124' title='bbox 659 1260 760 1296; x_wconf 83' lang='lat' dir='ltr'>circa</span> <span class='ocrx_word' id='word_1_125' title='bbox 779 1260 919 1296; x_wconf 85' lang='lat' dir='ltr'>Patara</span> <span class='ocrx_word' id='word_1_126' title='bbox 938 1267 1033 1303; x_wconf 82' lang='lat' dir='ltr'>erat,</span> <span class='ocrx_word' id='word_1_127' title='bbox 1050 1261 1247 1297; x_wconf 88' lang='lat' dir='ltr'>miserunt.</span> 
     </span>
     <span class='ocr_line' id='line_1_19' title="bbox 131 1323 1442 1377; baseline 0 -18"><span class='ocrx_word' id='word_1_128' title='bbox 131 1323 346 1359; x_wconf 88' lang='lat' dir='ltr'>Antiochus</span> <span class='ocrx_word' id='word_1_129' title='bbox 366 1336 444 1359; x_wconf 89' lang='lat' dir='ltr'>non</span> <span class='ocrx_word' id='word_1_130' title='bbox 466 1324 677 1359; x_wconf 75' lang='lat' dir='ltr'>civitatium</span> <span class='ocrx_word' id='word_1_131' title='bbox 694 1324 824 1367; x_wconf 85' lang='lat' dir='ltr'>modo,</span> <span class='ocrx_word' id='word_1_132' title='bbox 846 1337 929 1372; x_wconf 83' lang='lat' dir='ltr'>quae</span> <span class='ocrx_word' id='word_1_133' title='bbox 950 1325 1049 1360; x_wconf 87' lang='lat' dir='ltr'>circa</span> <span class='ocrx_word' id='word_1_134' title='bbox 1065 1337 1104 1360; x_wconf 85' lang='lat' dir='ltr'>se</span> <span class='ocrx_word' id='word_1_135' title='bbox 1124 1332 1246 1369; x_wconf 83' lang='lat' dir='ltr'>erant,</span> <span class='ocrx_word' id='word_1_136' title='bbox 1261 1328 1442 1377; x_wconf 64' lang='lat' dir='ltr'>Antiochus</span> 
     </span>
     <span class='ocr_line' id='line_1_20' title="bbox 131 1372 1466 1445; baseline 0.001 -22"><span class='ocrx_word' id='word_1_137' title='bbox 131 1387 382 1424; x_wconf 81' lang='lat' dir='ltr'><strong>contrahebat</strong></span> <span class='ocrx_word' id='word_1_138' title='bbox 397 1388 594 1438; x_wconf 77' lang='lat' dir='ltr'>praesidia3</span> <span class='ocrx_word' id='word_1_139' title='bbox 619 1388 684 1424; x_wconf 87' lang='lat' dir='ltr'>sed</span> <span class='ocrx_word' id='word_1_140' title='bbox 703 1388 749 1423; x_wconf 88' lang='lat' dir='ltr'>ad</span> <span class='ocrx_word' id='word_1_141' title='bbox 769 1387 958 1431; x_wconf 81' lang='lat' dir='ltr'>Prusiam,</span> <span class='ocrx_word' id='word_1_142' title='bbox 976 1387 1168 1438; x_wconf 71' lang='lat' dir='ltr'>Bithyniae</span> <span class='ocrx_word' id='word_1_143' title='bbox 1189 1402 1245 1425; x_wconf 83' lang='lat' dir='ltr'>rc·</span> <span class='ocrx_word' id='word_1_144' title='bbox 1260 1373 1403 1445; x_wconf 49' lang='grc' dir='ltr'>ξὲᾒᾞῖῐῗ</span> <span class='ocrx_word' id='word_1_145' title='bbox 1427 1372 1466 1402; x_wconf 65' lang='lat'>‘⁸⁹¹&#39;</span> 
     </span>
     <span class='ocr_line' id='line_1_21' title="bbox 130 1452 1412 1502; baseline -0.001 -15"><span class='ocrx_word' id='word_1_146' title='bbox 130 1464 231 1501; x_wconf 85' lang='lat' dir='ltr'>gem,</span> <span class='ocrx_word' id='word_1_147' title='bbox 250 1452 406 1489; x_wconf 81' lang='lat' dir='ltr'>miserat</span> <span class='ocrx_word' id='word_1_148' title='bbox 424 1452 571 1502; x_wconf 84' lang='lat' dir='ltr'>legatos</span> <span class='ocrx_word' id='word_1_149' title='bbox 592 1452 811 1502; x_wconf 84' lang='lat' dir='ltr'>literasque,</span> <span class='ocrx_word' id='word_1_150' title='bbox 830 1452 966 1502; x_wconf 82' lang='lat' dir='ltr'>quibus</span> <span class='ocrx_word' id='word_1_151' title='bbox 987 1454 1189 1489; x_wconf 81' lang='lat' dir='ltr'>transitum</span> <span class='ocrx_word' id='word_1_152' title='bbox 1210 1455 1247 1490; x_wconf 89' lang='lat' dir='ltr'>in</span> <span class='ocrx_word' id='word_1_153' title='bbox 1261 1461 1412 1490; x_wconf 66' lang='lat' dir='ltr'>concitat.</span> 
     </span>
     <span class='ocr_line' id='line_1_22' title="bbox 131 1517 1251 1568; baseline 0.003 -16"><span class='ocrx_word' id='word_1_154' title='bbox 131 1517 263 1553; x_wconf 83' lang='lat' dir='ltr'>Asiam</span> <span class='ocrx_word' id='word_1_155' title='bbox 282 1517 549 1554; x_wconf 83' lang='lat' dir='ltr'>Romanorum</span> <span class='ocrx_word' id='word_1_156' title='bbox 570 1517 793 1568; x_wconf 77' lang='lat' dir='ltr'>increpabat</span> <span class='ocrx_word' id='word_1_157' title='bbox 811 1532 818 1553; x_wconf 80' lang='lat' dir='ltr'><em>z</em></span> <span class='ocrx_word' id='word_1_158' title='bbox 847 1518 972 1554; x_wconf 74' lang='lat' dir='ltr'>Venire</span> <span class='ocrx_word' id='word_1_159' title='bbox 991 1530 1048 1554; x_wconf 81' lang='lat' dir='ltr'>eos</span> <span class='ocrx_word' id='word_1_160' title='bbox 1062 1520 1111 1555; x_wconf 81' lang='lat' dir='ltr'>ad</span> <span class='ocrx_word' id='word_1_161' title='bbox 1131 1521 1251 1555; x_wconf 76' lang='lat' dir='ltr'>omnia</span> 
     </span>
     <span class='ocr_line' id='line_1_23' title="bbox 128 1583 1252 1631; baseline 0.002 -13"><span class='ocrx_word' id='word_1_162' title='bbox 128 1594 241 1629; x_wconf 80' lang='lat' dir='ltr'>regna</span> <span class='ocrx_word' id='word_1_163' title='bbox 261 1584 435 1626; x_wconf 77' lang='lat' dir='ltr'>tollenda,</span> <span class='ocrx_word' id='word_1_164' title='bbox 455 1588 497 1619; x_wconf 81' lang='lat' dir='ltr'>ut</span> <span class='ocrx_word' id='word_1_165' title='bbox 522 1584 662 1619; x_wconf 75' lang='lat' dir='ltr'>nullum</span> <span class='ocrx_word' id='word_1_166' title='bbox 685 1595 835 1631; x_wconf 73' lang='lat' dir='ltr'>usquam</span> <span class='ocrx_word' id='word_1_167' title='bbox 857 1583 949 1619; x_wconf 78' lang='lat' dir='ltr'>orbis</span> <span class='ocrx_word' id='word_1_168' title='bbox 969 1588 1161 1627; x_wconf 70' lang='lat' dir='ltr'>terrarum,</span> <span class='ocrx_word' id='word_1_169' title='bbox 1182 1586 1252 1620; x_wconf 74' lang='lat' dir='ltr'>nisi</span> 
     </span>
     <span class='ocr_line' id='line_1_24' title="bbox 132 1646 1251 1695; baseline 0.002 -13"><span class='ocrx_word' id='word_1_170' title='bbox 132 1646 351 1690; x_wconf 85' lang='lat' dir='ltr'>Romanum,</span> <span class='ocrx_word' id='word_1_171' title='bbox 373 1649 560 1695; x_wconf 77' lang='lat' dir='ltr'>imperium</span> <span class='ocrx_word' id='word_1_172' title='bbox 588 1652 685 1683; x_wconf 71' lang='lat' dir='ltr'>esset.</span> <span class='ocrx_word' id='word_1_173' title='bbox 743 1647 958 1695; x_wconf 76' lang='lat' dir='ltr'>Philippum</span> <span class='ocrx_word' id='word_1_174' title='bbox 984 1653 1018 1683; x_wconf 74' lang='lat' dir='ltr'>et</span> <span class='ocrx_word' id='word_1_175' title='bbox 1047 1648 1166 1684; x_wconf 70' lang='lat' dir='ltr'>Nabim</span> <span class='ocrx_word' id='word_1_176' title='bbox 1191 1661 1251 1684; x_wconf 68' lang='lat' dir='ltr'>er-</span> 
     </span>
     <span class='ocr_line' id='line_1_25' title="bbox 124 1713 1250 1762; baseline -0.001 -12"><span class='ocrx_word' id='word_1_177' title='bbox 124 1719 324 1762; x_wconf 74' lang='lat' dir='ltr'>pngnat085</span> <span class='ocrx_word' id='word_1_178' title='bbox 353 1726 390 1750; x_wconf 81' lang='lat' dir='ltr'>se</span> <span class='ocrx_word' id='word_1_179' title='bbox 409 1716 553 1750; x_wconf 80' lang='lat' dir='ltr'>tertium</span> <span class='ocrx_word' id='word_1_180' title='bbox 571 1717 670 1762; x_wconf 77' lang='lat' dir='ltr'>peti:</span> <span class='ocrx_word' id='word_1_181' title='bbox 698 1718 739 1749; x_wconf 76' lang='lat' dir='ltr'>ut</span> <span class='ocrx_word' id='word_1_182' title='bbox 760 1715 908 1762; x_wconf 73' lang='lat' dir='ltr'>quisque</span> <span class='ocrx_word' id='word_1_183' title='bbox 925 1715 1109 1761; x_wconf 64' lang='lat' dir='ltr'>proximus</span> <span class='ocrx_word' id='word_1_184' title='bbox 1127 1713 1171 1748; x_wconf 79' lang='lat' dir='ltr'>ab</span> <span class='ocrx_word' id='word_1_185' title='bbox 1191 1713 1250 1749; x_wconf 72' lang='lat' dir='ltr'>ob-</span> 
     </span>
     <span class='ocr_line' id='line_1_26' title="bbox 125 1778 1250 1826; baseline -0.001 -13"><span class='ocrx_word' id='word_1_186' title='bbox 125 1790 247 1826; x_wconf 82' lang='lat' dir='ltr'>presso</span> <span class='ocrx_word' id='word_1_187' title='bbox 264 1780 323 1821; x_wconf 81' lang='lat' dir='ltr'>sit,</span> <span class='ocrx_word' id='word_1_188' title='bbox 343 1791 409 1826; x_wconf 83' lang='lat' dir='ltr'>per</span> <span class='ocrx_word' id='word_1_189' title='bbox 428 1791 549 1814; x_wconf 79' lang='lat' dir='ltr'>omnes</span> <span class='ocrx_word' id='word_1_190' title='bbox 567 1779 664 1814; x_wconf 71' lang='lat' dir='ltr'>velut</span> <span class='ocrx_word' id='word_1_191' title='bbox 687 1780 869 1814; x_wconf 78' lang='lat' dir='ltr'>continens</span> <span class='ocrx_word' id='word_1_192' title='bbox 896 1778 1096 1814; x_wconf 73' lang='lat' dir='ltr'>incendium</span> <span class='ocrx_word' id='word_1_193' title='bbox 1117 1790 1250 1826; x_wconf 73' lang='lat' dir='ltr'>perva-</span> 
     </span>
     <span class='ocr_line' id='line_1_27' title="bbox 129 1841 1250 1891; baseline 0 -13"><span class='ocrx_word' id='word_1_194' title='bbox 129 1855 264 1879; x_wconf 78' lang='lat' dir='ltr'>surum.</span> <span class='ocrx_word' id='word_1_195' title='bbox 320 1843 376 1879; x_wconf 75' lang='lat' dir='ltr'>Ab</span> <span class='ocrx_word' id='word_1_196' title='bbox 408 1855 444 1879; x_wconf 82' lang='lat' dir='ltr'>se</span> <span class='ocrx_word' id='word_1_197' title='bbox 476 1845 633 1891; x_wconf 74' lang='lat' dir='ltr'>gradum</span> <span class='ocrx_word' id='word_1_198' title='bbox 666 1845 703 1878; x_wconf 82' lang='lat' dir='ltr'>in</span> <span class='ocrx_word' id='word_1_199' title='bbox 736 1843 947 1890; x_wconf 70' lang='lat' dir='ltr'>Bithyniam</span> <span class='ocrx_word' id='word_1_200' title='bbox 971 1841 1075 1891; x_wconf 82' lang='lat' dir='ltr'>fore,</span> <span class='ocrx_word' id='word_1_201' title='bbox 1106 1844 1250 1891; x_wconf 77' lang='lat' dir='ltr'>qumzclo</span> 
     </span>
     <span class='ocr_line' id='line_1_28' title="bbox 130 1907 1248 1960; baseline -0.001 -17"><span class='ocrx_word' id='word_1_202' title='bbox 130 1908 308 1944; x_wconf 76' lang='lat' dir='ltr'>Eumenes</span> <span class='ocrx_word' id='word_1_203' title='bbox 331 1909 367 1953; x_wconf 66' lang='lat' dir='ltr'>in</span> <span class='ocrx_word' id='word_1_204' title='bbox 392 1909 638 1944; x_wconf 76' lang='lat' dir='ltr'>voluntariam</span> <span class='ocrx_word' id='word_1_205' title='bbox 657 1910 867 1944; x_wconf 69' lang='lat' dir='ltr'>servitutem</span> <span class='ocrx_word' id='word_1_206' title='bbox 886 1910 1116 1960; x_wconf 63' lang='lat' dir='ltr'>concessisset.</span> <span class='ocrx_word' id='word_1_207' title='bbox 1175 1907 1248 1943; x_wconf 80' lang='lat' dir='ltr'>His</span> 
     </span>
    </p>
   </div>
   <div class='ocr_carea' id='block_1_3' title="bbox 131 1972 1423 2047">
    <p class='ocr_par' dir='ltr' id='par_1_4' title="bbox 131 1972 1423 2047">
     <span class='ocr_line' id='line_1_29' title="bbox 131 1972 1423 2047; baseline 0 -40"><span class='ocrx_word' id='word_1_208' title='bbox 131 1978 276 2008; x_wconf 87' lang='lat' dir='ltr'>motum</span> <span class='ocrx_word' id='word_1_209' title='bbox 294 1972 467 2008; x_wconf 82' lang='lat' dir='ltr'>Prusiam</span> <span class='ocrx_word' id='word_1_210' title='bbox 488 1972 606 2009; x_wconf 84' lang='lat' dir='ltr'>literae</span> <span class='ocrx_word' id='word_1_211' title='bbox 628 1973 817 2023; x_wconf 73' lang='lat' dir='ltr'>Scipionis</span> <span class='ocrx_word' id='word_1_212' title='bbox 839 1972 1020 2016; x_wconf 82' lang='lat' dir='ltr'>consulis,</span> <span class='ocrx_word' id='word_1_213' title='bbox 1043 1973 1108 2008; x_wconf 85' lang='lat' dir='ltr'>sed</span> <span class='ocrx_word' id='word_1_214' title='bbox 1128 1972 1247 2020; x_wconf 77' lang='lat' dir='ltr'>magis</span> <span class='ocrx_word' id='word_1_215' title='bbox 1262 1973 1423 2047; x_wconf 53' lang='lat' dir='ltr'>l{rusiasda</span> 
     </span>
     <span class='ocr_line' id='line_1_30' title="bbox 1292 2026 1390 2047; baseline 0 -1"><span class='ocrx_word' id='word_1_216' title='bbox 1292 2027 1357 2047; x_wconf 82' lang='lat' dir='ltr'>Om.</span> <span class='ocrx_word' id='word_1_217' title='bbox 1373 2026 1390 2046; x_wconf 74' lang='lat' dir='ltr'>a</span> 
     </span>
    </p>
   </div>
   <div class='ocr_carea' id='block_1_4' title="bbox 135 2069 1443 2178">
    <p class='ocr_par' dir='ltr' id='par_1_5' title="bbox 135 2069 1443 2178">
     <span class='ocr_line' id='line_1_31' title="bbox 1270 2069 1443 2090; baseline -0.006 -1"><span class='ocrx_word' id='word_1_218' title='bbox 1270 2069 1347 2090; x_wconf 70' lang='lat' dir='ltr'>&#39;aClS</span> <span class='ocrx_word' id='word_1_219' title='bbox 1364 2069 1443 2090; x_wconf 68' lang='lat' dir='ltr'>COH-</span> 
     </span>
     <span class='ocr_line' id='line_1_32' title="bbox 135 2071 1438 2152; baseline 0.002 -17"><span class='ocrx_word' id='word_1_220' title='bbox 135 2101 212 2149; x_wconf 89' lang='lat' dir='ltr'>qui,</span> <span class='ocrx_word' id='word_1_221' title='bbox 239 2107 375 2151; x_wconf 83' lang='lat' dir='ltr'>praetcr</span> <span class='ocrx_word' id='word_1_222' title='bbox 404 2102 721 2138; x_wconf 77' lang='lat' dir='ltr'>consuetudinem</span> <span class='ocrx_word' id='word_1_223' title='bbox 751 2108 974 2152; x_wconf 84' lang='lat' dir='ltr'>perpetuam</span> <span class='ocrx_word' id='word_1_224' title='bbox 1005 2101 1137 2152; x_wconf 88' lang='lat' dir='ltr'>populi</span> <span class='ocrx_word' id='word_1_225' title='bbox 1166 2100 1249 2137; x_wconf 87' lang='lat' dir='ltr'>Ro·</span> <span class='ocrx_word' id='word_1_226' title='bbox 1261 2071 1332 2133; x_wconf 46' lang='lat' dir='ltr'>filia</span> <span class='ocrx_word' id='word_1_227' title='bbox 1348 2112 1438 2133; x_wconf 84' lang='lat' dir='ltr'>revo-</span> 
     </span>
     <span class='ocr_line' id='line_1_33' title="bbox 1263 2154 1364 2178; baseline -0.01 -1"><span class='ocrx_word' id='word_1_228' title='bbox 1263 2154 1364 2178; x_wconf 66' lang='lat' dir='ltr'>catur·</span> 
     </span>
    </p>
   </div>
   <div class='ocr_carea' id='block_1_5' title="bbox 132 2035 1244 2088">
    <p class='ocr_par' dir='ltr' id='par_1_6' title="bbox 132 2035 1244 2088">
     <span class='ocr_line' id='line_1_34' title="bbox 132 2035 1244 2088; baseline 0 -16"><span class='ocrx_word' id='word_1_229' title='bbox 132 2035 212 2086; x_wconf 86' lang='lat' dir='ltr'>ejus</span> <span class='ocrx_word' id='word_1_230' title='bbox 241 2037 368 2074; x_wconf 85' lang='lat' dir='ltr'>fratris</span> <span class='ocrx_word' id='word_1_231' title='bbox 395 2038 581 2081; x_wconf 81' lang='lat' dir='ltr'>Africani,</span> <span class='ocrx_word' id='word_1_232' title='bbox 603 2038 650 2074; x_wconf 85' lang='lat' dir='ltr'>ab</span> <span class='ocrx_word' id='word_1_233' title='bbox 678 2039 893 2088; x_wconf 75' lang='lat' dir='ltr'>suspicione</span> <span class='ocrx_word' id='word_1_234' title='bbox 913 2037 981 2074; x_wconf 86' lang='lat' dir='ltr'>tali</span> <span class='ocrx_word' id='word_1_235' title='bbox 1001 2044 1218 2074; x_wconf 74' lang='lat' dir='ltr'>averterunt</span> <span class='ocrx_word' id='word_1_236' title='bbox 1237 2053 1244 2072; x_wconf 90' lang='lat'>:</span> 
     </span>
    </p>
   </div>
   <div class='ocr_carea' id='block_1_6' title="bbox 131 2165 1254 2348">
    <p class='ocr_par' dir='ltr' id='par_1_7' title="bbox 131 2165 1254 2348">
     <span class='ocr_line' id='line_1_35' title="bbox 135 2165 1251 2216; baseline 0.003 -17"><span class='ocrx_word' id='word_1_237' title='bbox 135 2165 239 2199; x_wconf 83' lang='lat' dir='ltr'>mani</span> <span class='ocrx_word' id='word_1_238' title='bbox 258 2166 419 2214; x_wconf 85' lang='lat' dir='ltr'>augendi</span> <span class='ocrx_word' id='word_1_239' title='bbox 441 2168 545 2203; x_wconf 85' lang='lat' dir='ltr'>omni</span> <span class='ocrx_word' id='word_1_240' title='bbox 565 2167 712 2203; x_wconf 83' lang='lat' dir='ltr'>honore</span> <span class='ocrx_word' id='word_1_241' title='bbox 736 2180 870 2216; x_wconf 87' lang='lat' dir='ltr'>regum</span> <span class='ocrx_word' id='word_1_242' title='bbox 897 2168 1087 2203; x_wconf 79' lang='lat' dir='ltr'>sociorum</span> <span class='ocrx_word' id='word_1_243' title='bbox 1114 2165 1251 2216; x_wconf 81' lang='lat' dir='ltr'>majes-</span> 
     </span>
     <span class='ocr_line' id='line_1_36' title="bbox 134 2229 1252 2282; baseline 0.003 -19"><span class='ocrx_word' id='word_1_244' title='bbox 134 2233 267 2272; x_wconf 79' lang='lat' dir='ltr'>tatem,</span> <span class='ocrx_word' id='word_1_245' title='bbox 289 2229 505 2268; x_wconf 78' lang='lat' dir='ltr'>domesticis</span> <span class='ocrx_word' id='word_1_246' title='bbox 526 2232 606 2282; x_wconf 85' lang='lat' dir='ltr'>ipse</span> <span class='ocrx_word' id='word_1_247' title='bbox 627 2231 809 2282; x_wconf 80' lang='lat' dir='ltr'>exemplis</span> <span class='ocrx_word' id='word_1_248' title='bbox 829 2231 1002 2268; x_wconf 81' lang='lat' dir='ltr'>Prusiam</span> <span class='ocrx_word' id='word_1_249' title='bbox 1028 2231 1074 2267; x_wconf 87' lang='lat' dir='ltr'>ad</span> <span class='ocrx_word' id='word_1_250' title='bbox 1101 2243 1252 2281; x_wconf 86' lang='lat' dir='ltr'>prome-</span> 
     </span>
     <span class='ocr_line' id='line_1_37' title="bbox 131 2293 1254 2348; baseline 0.004 -20"><span class='ocrx_word' id='word_1_251' title='bbox 131 2293 285 2330; x_wconf 81' lang='lat' dir='ltr'>rendam</span> <span class='ocrx_word' id='word_1_252' title='bbox 315 2296 521 2333; x_wconf 82' lang='lat' dir='ltr'>amicitiam</span> <span class='ocrx_word' id='word_1_253' title='bbox 551 2310 661 2334; x_wconf 77' lang='lat' dir='ltr'>suam</span> <span class='ocrx_word' id='word_1_254' title='bbox 691 2296 887 2348; x_wconf 87' lang='lat' dir='ltr'>compulit.</span> <span class='ocrx_word' id='word_1_255' title='bbox 948 2297 1105 2346; x_wconf 78' lang='lat' dir='ltr'>Regulos</span> <span class='ocrx_word' id='word_1_256' title='bbox 1129 2308 1165 2333; x_wconf 86' lang='lat' dir='ltr'>se</span> <span class='ocrx_word' id='word_1_257' title='bbox 1192 2309 1254 2333; x_wconf 87' lang='lat' dir='ltr'>ac-</span> 
     </span>
    </p>
   </div>
   <div class='ocr_carea' id='block_1_7' title="bbox 653 2360 730 2398">
    <p class='ocr_par' dir='ltr' id='par_1_8' title="bbox 653 2360 730 2398">
     <span class='ocr_line' id='line_1_38' title="bbox 653 2360 730 2398; baseline 0 0"><span class='ocrx_word' id='word_1_258' title='bbox 653 2360 730 2398; x_wconf 72' lang='lat'>(34</span> 
     </span>
    </p>
   </div>
  </div>
 </body>
</html>
