1546 2648
317 163 405 208 524
758 168 803 196 T.
828 169 962 199 L1v11

104 260 146 290 U.
163 261 200 292 C.
218 269 291 295 585.
318 257 611 307 mandatumque
626 259 676 298 Q.
692 259 826 296 Cassio
840 260 1008 310 praetori,
1025 272 1112 296 cum
1126 259 1287 296 tribunis
1304 259 1424 310 plebis

101 304 196 387 ᾖς’
215 310 287 342 ¹⁶7‘
318 331 365 357 ex
383 323 609 360 auctoritate
623 323 779 360 Patrum
796 333 939 373 ageret,
960 326 1199 373 rogationem
1214 324 1260 360 ad
1275 324 1424 375 plebem

101 361 304 434 ἃζὲῗὶᾟξζὲῗ
316 383 472 430 ferrent,
500 393 540 423 ut
569 388 629 431 iis,
657 400 732 438 quo
764 389 822 426 die
851 389 980 425 urbem
1014 389 1290 439 triumphantes
1320 389 1425 424 inve-

102 445 302 516 leretgsi‘zrul-
314 449 507 493 herentur,
541 451 738 502 imperium
771 460 881 490 esset.
945 453 1097 489 Intacta
1128 453 1267 489 invidia
1300 452 1423 489 media

101 495 288 564 εἶ’όςῗὲῖῖἓζ
314 519 428 550 sunt:
461 515 507 551 ad
539 527 685 552 summa
712 518 831 553 ferme
859 517 1009 553 tendit:
1039 529 1110 554 nec
1127 517 1172 553 de
1190 518 1331 560 Anicii,
1353 529 1422 553 nec

313 577 360 614 de
383 578 533 616 Octavii
555 581 749 631 triumpho
778 581 993 617 dubitatum
1022 588 1079 617 est
1095 598 1104 626 ;
1141 581 1329 624 Paullum,
1361 582 1423 617 cui

311 642 384 691 ipsi
413 654 563 693 quoque
595 656 635 680 se
662 657 881 694 comparare
910 646 1161 687 erubuissent,
1191 645 1421 681 obtrectatio

311 706 466 756 carpsit.
523 708 695 757 Antiqua
726 708 926 758 disciplina
959 709 1097 744 milites
1130 708 1342 755 habuerat3
1374 710 1421 746 de

310 772 438 822 praeda
470 774 633 820 parcius,
667 786 777 819 quam
811 782 1054 816 speraverant
1082 788 1129 811 ex
1160 776 1276 811 tantis
1291 776 1419 813 retiis

310 827 461 880 opibus,
482 828 636 865 dederat
651 828 747 865 nihil
764 827 965 871 relicturis,
988 828 1037 876 (si
1056 826 1228 863 aviditati
1246 825 1420 875 indulge-

309 892 430 939 retur)
458 892 558 942 quod
587 893 627 928 in
661 893 833 929 aerarium
859 891 1034 928 deferret.
1087 890 1210 926 Totus
1236 889 1420 926 Macedo-

308 956 416 992 nicus
437 957 623 993 exercitus
639 956 857 1006 imperatori
878 961 957 991 erat
971 954 1210 1003 negligenter
1223 953 1418 990 adfuturus

307 1020 472 1056 comitiis
492 1019 655 1056 ferendae
671 1019 778 1068 legis.
818 1019 889 1055 Sed
906 1031 968 1055 eos
986 1018 1262 1068 Ser.Sulpicius
1279 1017 1417 1059 Galba,

308 1083 374 1132 qui
392 1082 566 1120 tribunus
582 1083 745 1119 militum
766 1082 938 1119 secundae
957 1082 1117 1130 legionis
1135 1083 1172 1117 in
1189 1081 1420 1119 Macedonia

307 1146 445 1189 fuerat,
461 1147 638 1198 privatim
655 1147 874 1197 imperatori
889 1147 1077 1189 inimicus,
1095 1146 1309 1196 prensando
1324 1147 1417 1197 ipse,

309 1216 348 1246 et
365 1222 433 1260 per
456 1222 532 1247 suae
557 1211 718 1261 legionis
751 1211 890 1247 milites
919 1210 1175 1254 sollicitando,
1202 1210 1419 1247 stimulave-

307 1281 382 1317 rat,
403 1280 446 1311 ut
471 1274 688 1325 frequentes
715 1276 764 1312 ad
788 1275 1008 1324 suffragium
1026 1275 1222 1312 adessent:
1245 1275 1422 1324 Imperio·

307 1351 386 1375 sum
405 1340 528 1376 (lucem
553 1345 587 1376 et
613 1341 815 1388 malignum
841 1341 1064 1388 antiquando
1090 1338 1326 1388 rogationem,
1346 1351 1424 1388 quoe

311 1404 356 1439 de
377 1404 559 1452 triumpho
588 1403 664 1451 ejus
685 1404 867 1454 ferretur,
901 1405 1177 1442 ulciscerentur:
1201 1405 1341 1453 plebem
1358 1415 1421 1442 ur-

311 1466 441 1502 hanam
465 1472 665 1504 secuturam
685 1479 756 1504 esse
773 1469 929 1504 militum
940 1467 1097 1514 judicia.
1158 1470 1356 1507 Pecuniam
1374 1472 1421 1506 il-

311 1529 388 1565 lum
406 1530 493 1566 dare
511 1542 581 1566 non
606 1532 776 1579 potuisse,
807 1531 959 1567 militem
989 1531 1154 1579 honorem
1172 1533 1261 1567 dare
1284 1542 1386 1580 posse
1401 1533 1423 1567 ,9

310 1607 356 1632 ne
374 1601 535 1644 speraret
553 1596 779 1646 ibifructum
796 1599 939 1645 grance,
956 1598 1016 1634 ubi
1031 1609 1103 1634 non
1120 1600 1313 1635 meruisset.

364 1658 561 1698 XXXVI.
603 1661 677 1698 His
704 1662 885 1705 incitatis,
906 1674 1020 1712 quum
1040 1664 1080 1698 in
1097 1662 1290 1713 Capitolio
1307 1673 1422 1712 roga·

313 1723 459 1761 tionem
488 1737 571 1762 eam
590 1724 651 1762 Ti.
668 1725 912 1776 Sempronius
945 1726 1117 1763 tribunus
1150 1726 1270 1777 plebis
1290 1727 1421 1774 ferret,

311 1794 350 1823 et
369 1789 524 1838 privatis
544 1789 627 1839 lege
653 1790 801 1827 dicendi
831 1791 936 1827 locus
957 1796 1069 1834 esset,
1097 1802 1167 1827 nec
1193 1792 1238 1828 ad
1263 1793 1423 1830 suaden-

312 1851 413 1895 dum,
437 1858 480 1888 ut
499 1854 538 1889 in
558 1865 597 1890 re
616 1854 770 1890 minime
798 1853 924 1897 dubia,
956 1855 1152 1904 quisquam
1172 1855 1418 1905 procederet5

313 1914 392 1953 Ser.
408 1915 533 1953 Galba
546 1923 704 1967 repente
719 1919 916 1967 processit,
934 1925 971 1954 et
990 1930 1011 1954 a
1031 1918 1184 1956 tribuno
1202 1920 1421 1970 postulavit,

116 1980 301 2031 Sei-,Galba
319 1981 380 2023 Ut,
400 1983 567 2029 quoniam
586 1982 676 2018 hora
695 1981 776 2029 jam
795 1987 919 2019 octava
938 1983 1009 2019 diei
1037 1988 1136 2027 esset,
1155 1995 1220 2021 nec
1233 1987 1321 2021 satis
1336 1986 1423 2022 tem-

118 2025 280 2107 ῗὲὲἰῒτῖόέἑ
311 2046 409 2093 poris
427 2045 475 2082 ad
492 2046 804 2084 demonstrandum
824 2047 977 2090 haberet,
1000 2059 1061 2084 cur
1079 2049 1124 2085 L.
1141 2049 1335 2086 AEmilium
1353 2059 1424 2086 non

120 2111 286 2160 triumpho
303 2108 469 2156 juberent
502 2110 737 2159 triumphare,
766 2113 804 2148 in
828 2118 1009 2161 posteram.
1042 2114 1134 2149 diem
1164 2114 1361 2163 differrent,
1391 2119 1426 2152 et

120 2153 232 2185 Paulli.
314 2185 419 2210 mane
436 2185 514 2211 eam
533 2187 607 2211 rem
627 2181 781 2224 agerent.
841 2177 986 2225 Integre
1004 2178 1070 2213 sibi
1102 2178 1158 2214 die
1186 2180 1235 2215 ad
1265 2189 1424 2218 caussam

314 2232 395 2275 eam
419 2239 593 2275 orandam
621 2251 709 2288 opus
734 2252 813 2278 esse.
869 2240 998 2280 Quum
1021 2242 1195 2279 tribunus
1229 2243 1351 2280 dicere
1376 2256 1422 2281 eo

314 2302 389 2346 die,
410 2303 441 2338 si
461 2302 549 2352 quid
567 2302 690 2347 vellet,
713 2302 880 2354 juberet,
907 2305 945 2342 iu
976 2311 1128 2343 noctem
1161 2317 1239 2344 rem
1265 2307 1423 2344 dicendo

1511 1097 1522 1127 e-

1519 1158 1530 1270 ,--..„.n
