1546 2648
347 137 506 168 LIBER
529 136 663 165 x1211.
695 135 802 164 οΑΡ.
826 137 953 167 Lvu.
1079 158 1081 161 -
1119 126 1201 183 381

99 239 209 275 quam
237 232 316 263 erat
343 227 571 263 maritimum
591 224 745 269 bellum,
766 226 911 262 remisit
929 226 1040 263 sociis
1057 242 1065 263 :
1098 235 1136 265 et
1155 228 1204 268 Q.
1219 237 1312 270 U.c.
1328 244 1402 269 ⁵01.

97 289 266 326 Marcius
287 289 503 326 Chalcidem
524 288 682 325 navibus
701 289 820 332 venit,
841 288 965 340 Alope
986 298 1109 341 capta,
1130 292 1207 328 La·
1222 281 1309 313 A·C·
1325 288 1359 318 ¹7
1369 288 1397 312 ¹·

98 355 207 398 rissa,
224 367 305 403 quae
327 355 520 390 Cremaste
539 354 690 396 dieitur,
708 352 943 403 obpugnata.
999 355 1128 393 Quum
1146 356 1210 393 hic

99 424 218 455 status
246 419 284 454 in
309 417 465 454 Boeotia
484 426 596 461 esset,
620 418 790 461 Perseus,
812 430 927 467 quum
946 419 993 454 ad
1013 418 1210 468 Sycurium

101 482 216 530 (sicut
249 488 337 518 ante
365 481 509 518 dictum
538 483 611 529 est)
644 482 781 518 stativa
815 482 988 525 haberet,
1019 482 1211 520 frumento

98 545 264 595 undique
301 547 401 583 circa
437 558 484 582 ex
527 546 626 594 agris
663 552 864 590 convecto,
903 546 951 582 ad
987 547 1212 584 vastandum

99 622 232 659 agrum
251 610 494 647 Pheraeorum
516 611 641 647 misit:
674 617 777 647 ratus
804 611 852 648 ad
876 610 1063 661 juvandas
1087 612 1213 648 socio-

100 686 183 710 rum
205 674 313 710 urbes
333 675 483 724 longius
510 675 565 718 ab,
584 676 717 712 castris
744 676 956 712 abstractos
984 675 1214 726 deprehendi

101 740 298 777 Romanos
320 754 443 791 posse.
499 742 606 781 Quos
627 755 742 791 quum
763 755 808 779 eo
829 742 994 779 tumultu
1012 743 1109 779 nihil
1133 756 1214 780 mo-

100 811 160 840 tos
194 806 534 849 animadvertisset,
568 819 645 857 prae
617 807 735 843 „edam
767 808 933 856 quidem,
962 813 1215 858 plaeterquam

100 868 311 912 hominum,
353 871 510 920 (pecora
545 877 672 906 autem
709 872 873 907 maxime
907 871 1029 908 omnis
1065 872 1214 937 generis

100 932 223 980 fuere)
245 934 372 970 divisit
391 934 438 970 ad
457 934 685 984 epulandum
706 935 903 973 militibus

154 997 281 1033 LVII.
302 997 379 1034 Sub
400 998 499 1034 idem
518 998 652 1035 deinde
671 1005 820 1049 tempus
841 999 1043 1035 consilium
1062 1005 1101 1035 et
1120 1012 1211 1035 con·
1224 1014 1353 1049 Perseus
1370 1018 1402 1049 ᾖ,

101 1061 161 1098 sul
177 1069 216 1098 et
235 1075 301 1098 rex
319 1062 547 1106 habuerunt,
569 1063 667 1099 unde
685 1062 827 1099 bellum
850 1063 1076 1099 ordirentur.
1132 1062 1212 1099 Re·
1225 1060 1389 1109 Romanos

104 1126 162 1174 gis
182 1134 380 1164 creverunt
395 1128 511 1163 animi
528 1128 740 1164 vastatione
757 1140 935 1164 concessa
951 1126 1022 1163 sibi
1039 1127 1085 1164 ab
1102 1127 1213 1164 hoste
1223 1105 1324 1134 ducit.

101 1190 249 1227 Pheraei
279 1192 383 1239 agri:
424 1193 552 1241 itaque
583 1192 745 1228 eundum
775 1192 862 1228 inde
895 1193 942 1228 ad
976 1199 1113 1236 castra,
1143 1206 1213 1230 nec

104 1253 269 1291 dandum
289 1255 387 1292 ultra
407 1258 568 1307 spatium
590 1257 808 1300 cunctandi,
829 1256 1020 1294 censebat.
1059 1257 1112 1293 Et
1129 1257 1213 1294 Ro-

60 1353 62 1355 .
102 1318 205 1353 mani
225 1320 444 1364 censebant,
465 1321 748 1357 cunctationem
775 1331 881 1356 suam
908 1320 1089 1357 infamem
1114 1321 1215 1371 apud

104 1384 227 1420 socios
248 1397 342 1429 esse,
359 1386 615 1437 maximopere
634 1386 788 1435 indigne
806 1386 986 1430 ferentes,
1003 1399 1080 1423 non
1097 1386 1215 1423 latam

105 1447 269 1485 Pheraeis
289 1462 413 1500 opem.
470 1451 801 1494 consultantibus,
822 1451 912 1500 quid
938 1459 1108 1500 agerent,
1133 1452 1215 1499 (ad-

105 1519 212 1549 erant
242 1520 368 1550 autem
393 1515 583 1553 Eumenes
603 1522 640 1551 et
659 1515 812 1553 Attalus
839 1516 878 1551 in
899 1514 1076 1562 consilio)
1099 1516 1217 1566 trepi-

105 1577 171 1614 dus
200 1580 360 1615 nuncius
391 1579 526 1624 adfert,
545 1581 696 1617 hostem
725 1593 866 1629 magno
895 1581 1047 1629 agmine
1075 1581 1216 1618 adesse.

105 1641 276 1678 Consilio
306 1643 475 1688 dimisso,
496 1644 647 1693 signum
676 1643 867 1694 extemplo
897 1643 1020 1686 datur,
1043 1653 1084 1680 ut
1111 1656 1216 1680 arma
1231 1679 1238 1683 ‚⁷

51 1722 62 1727 =
103 1707 267 1757 eapiant.
323 1708 483 1745 Interim
511 1708 650 1759 placet,
671 1722 718 1745 ex
746 1710 859 1757 regiis
889 1707 1038 1744 auxiliis
1063 1714 1215 1745 centum

103 1771 247 1820 equites
268 1776 306 1807 et
324 1784 452 1821 parem
472 1784 671 1809 numerum
683 1771 942 1822 jaculatorum
960 1772 1130 1823 peditum
1150 1785 1215 1808 ex-

103 1836 170 1873 ire.
226 1835 385 1872 Perseus
414 1836 511 1873 hora
537 1837 656 1874 ferme
685 1838 759 1874 diei
784 1844 933 1886 quarta,
954 1849 1069 1886 quum
1085 1836 1217 1887 paullo

106 1899 188 1950 plus
202 1899 311 1937 ⁴mille
339 1913 470 1950 passus
491 1901 639 1938 abesset
655 1915 678 1938 a
697 1902 829 1938 castris
850 1900 1050 1945 Romanis,
1072 1901 1217 1936 consis-

105 1970 185 2000 tere
221 1965 330 2013 signa
365 1965 535 2015 peditum
564 1965 704 2016 jussit:
751 1977 978 2016 praegressus
1015 1966 1095 2014 ipse
1132 1977 1216 2001 cum

106 2029 294 2077 equitibus
321 2042 365 2068 ac
379 2029 461 2066 ‘levi
488 2036 695 2073 armatura,
718 2036 756 2066 et
776 2030 893 2079 Cotys
914 2041 999 2066 cum
1018 2041 1064 2065 eo
1084 2028 1215 2067 duces-

106 2103 178 2140 que
197 2091 357 2129 aliorum
376 2093 602 2130 auxiliorum
623 2099 907 2143 praecesserunt.
954 2091 1085 2128 Minus
1105 2092 1215 2142 quin-

106 2161 241 2204 gentos
260 2169 390 2206 passus
407 2157 454 2194 ab
475 2159 607 2195 castris
627 2158 800 2201 aberant,
816 2169 932 2206 quum
949 2157 989 2193 in
1009 2163 1216 2207 conspectu

106 2219 211 2255 fuere
242 2219 410 2257 hostium
444 2222 611 2270 equites:
652 2222 734 2259 duae
768 2221 836 2258 alae
858 2227 973 2258 «erant
1000 2233 1140 2269 magna
1169 2232 1214 2258 ex

105 2289 213 2335 parte
238 2282 450 2328 Gallorum,
480 2286 743 2336 (Cassignatus
761 2285 946 2338 praeerat)
975 2290 1013 2321 et
1035 2283 1127 2322 levis
1155 2295 1214 2322 ππ»
