1546 2648
513 115 725 154 L1BROR.
747 115 969 148 nuptm).
1091 161 1097 165 Ι
1212 107 1296 162 563

658 237 814 277 LXIX.

172 309 243 363 L.
262 327 574 366 APPULEIUS
601 328 833 373 Saturninus,
864 328 1059 376 adjuvante
1089 329 1128 368 C.
1156 331 1292 374 Mario,

172 398 208 430 et
242 405 307 442 per
337 393 467 428 milites
496 394 608 428 occiso
635 394 683 429 A.
710 393 829 430 Nonio
862 396 1104 442 competitore,
1136 395 1295 432 tribunus

166 458 280 506 plebis
295 469 362 506 per
379 458 452 493 vim
471 462 624 500 creatus,
647 470 717 494 non
731 459 848 494 minus
865 460 1035 495 violenter
1056 460 1291 504 tribunatum,

171 533 280 571 quam
304 523 473 570 petierat,
505 524 613 570 gessit
627 539 640 566 ‚·
670 528 718 565 et,
750 536 858 572 quum
885 525 997 571 legem
1015 526 1202 571 agrariam
1225 538 1293 573 per·

169 586 243 622 vim
275 586 425 628 tulisset,
456 586 608 622 Metello
627 587 835 630 Numidico,
865 600 905 623 eo
924 589 1019 636 quod
1049 590 1084 624 in
1117 601 1195 624 eam
1222 601 1293 625 non.

161 646 368 695 juraverat,
390 649 483 684 diem
502 650 592 684 dixit
605 665 618 684 .·
649 651 710 697 qui
732 662 840 697 quum
859 662 880 685 a
901 649 998 686 bonis
1017 651 1147 686 civibus
1165 650 1290 700 defen-

171 713 328 756 deretur,
349 725 393 749 ne
412 725 536 749 caussa
556 715 789 749 certaminum
805 719 904 757 esset,
927 716 963 750 in
982 716 1142 751 exsilium
1164 717 1291 752 volun-

170 779 306 814 tarium
329 777 495 814 Rhodum
519 777 705 826 profectus
723 783 800 815 est:
827 779 944 827 ibique
965 780 1112 827 legendo
1131 785 1165 816 et
1185 782 1291 817 audi·

168 843 270 878 endis
297 843 438 889 magnis
466 843 550 877 viris
579 841 808 878 avocabatur.
873 842 1044 891 Profecto
1072 843 1110 881 C.
1130 843 1288 896 Marius,

167 912 347 947 seditionis
377 915 516 953 auctor,
547 912 608 958 qui
640 915 779 946 sextum
815 913 1038 948 consulatum
1077 925 1143 960 per
1180 915 1290 951 tribus

167 987 295 1024 sparsa
319 977 473 1024 pecunia
491 980 639 1018 emerat,
670 987 764 1022 aqua
786 980 821 1010 et
840 978 914 1023 igni
934 978 1129 1013 interdixit.
1187 979 1291 1015 Idem

168 1039 371 1087 Appuleius
402 1039 622 1075 Saturninus
655 1039 814 1075 tribunus
855 1039 969 1087 plebis
1004 1039 1042 1076 C.
1078 1041 1290 1078 Memmium

167 1104 404 1140 candidatum
437 1104 653 1146 consulatus,
701 1115 804 1151 quem
845 1105 1002 1139 maxime
1043 1105 1290 1142 adversarium

165 1168 364 1205 actionibus
380 1170 452 1205 suis
472 1168 629 1210 timebat,
656 1169 815 1204 occidit:
846 1168 970 1216 quibus
988 1169 1089 1204 rebus
1108 1172 1287 1206 'concitato

166 1237 304 1276 senatu,
329 1235 385 1281 (in
411 1232 510 1279 cujus
529 1245 689 1269 caussam
708 1239 744 1268 et
771 1233 810 1269 C.
826 1233 983 1276 Marius,
1011 1233 1114 1270 homo
1141 1237 1234 1271 varii
1252 1240 1288 1271 et

166 1298 350 1334 mutabilis
380 1300 514 1346 ingenii
542 1299 749 1346 consiliique
774 1310 913 1346 semper
936 1299 1130 1334 secundum
1155 1298 1287 1348 fortu-

131 1362 134 1364 ’
164 1374 262 1405 nam,
290 1364 496 1406 transierat,
527 1375 636 1411 quum
664 1374 742 1398 eum
771 1363 862 1398 tueri
890 1364 1036 1398 minime
1061 1364 1195 1410 posset)
1225 1364 1286 1400 ob·-

160 1438 303 1475 pressus
331 1428 442 1463 armis
470 1439 550 1463 cum
581 1427 735 1466 Glaucia
760 1431 927 1475 prcetore,
957 1432 993 1462 et
1021 1428 1104 1463 aliis
1129 1426 1287 1473 ejusdem

156 1490 302 1540 furoris
328 1493 444 1534 sociis,
472 1492 563 1527 bello
586 1492 742 1539 quodam
761 1491 969 1540 interfectus
987 1496 1050 1528 est.
1109 1493 1152 1533 Q.
1176 1492 1291 1545 Caeci-

169 1556 239 1591 lius
257 1554 426 1591 ,Metellus
445 1555 488 1591 ab
517 1556 653 1596 exsilio,
674 1556 812 1602 ingenti
838 1557 948 1591 totius
966 1557 1124 1592 civitatis
1141 1555 1292 1604 favore,

166 1620 335 1656 reductus
359 1623 422 1655 est.
479 1619 549 1656 M'.
565 1620 750 1667 Aquillius
774 1620 969 1667 proconsul
996 1621 1034 1655 in
1064 1620 1193 1657 Sicilia
1219 1621 1292 1657 bel-

169 1684 245 1720 lum
262 1685 390 1720 seruile
406 1685 603 1721 excitatum
625 1683 789 1731 confecit,

659 1780 791 1818 LXX.

173 1846 351 1909 QUUM
375 1863 442 1900 Μ’.
462 1863 647 1911 Aquillius
665 1864 708 1899 de
733 1864 892 1910 pecuniis
907 1864 1113 1911 repetundis
1127 1876 1290 1902 caussam.

168 1930 314 1971 diceret,
345 1929 418 1976 ipse
437 1927 580 1974 judices
607 1940 735 1975 rogare
757 1929 886 1964 noluit.
941 1928 997 1964 M.
1014 1929 1204 1972 Antonius,
1225 1930 1288 1978 qui

163 2006 233 2043 pro
263 2005 303 2029 eo
327 1993 533 2041 perorabat,
565 1994 723 2029 tunicam
751 2005 774 2028 a
799 1997 942 2041 pectore
970 1990 1044 2038 ejus
1069 1994 1226 2037 discidit,
1247 1999 1287 2031 ut

169 2058 330 2093 honestas
349 2058 533 2093 cicatrices
558 2058 784 2092 ostenderet:
812 2057 934 2104 quibus
953 2058 1155 2104 conspectis,
1177 2059 1286 2094 indu-

167 2121 324 2158 bitanter
348 2121 527 2157 absolutus
558 2126 625 2157 est.
687 2120 808 2157 Cicero
838 2120 912 2167 ejus
943 2122 996 2156 rei
1025 2122 1121 2157 solus
1148 2127 1287 2160 auctor.

175 2186 215 2224 T.
232 2185 370 2222 Didius
393 2186 585 2236 proconsul
605 2187 773 2223 adversus
793 2186 985 2224 Celtiberos
1003 2185 1167 2237 feliciter
1190 2199 1288 2237 pug-

660 2250 697 2288 B
715 2249 739 2288 b
762 2250 784 2287 6
