1546 2648
340 186 393 229 72
461 214 465 221 ,
806 187 851 216 Τ.
886 188 1019 217 mvn

142 277 237 309 U.C.
255 281 459 326 563.captae
488 275 528 312 in
550 274 734 312 Antiochi
767 277 912 321 castris,
943 290 1065 327 neque
1094 278 1133 314 in
1163 277 1354 328 triumpho
1386 284 1447 314 tu-

142 320 457 383 A'C'¹‘³⁹‘lisset,
491 351 613 388 neque
649 340 686 375 in
726 340 898 376 aerarium
936 342 1136 379 retulisset.
1192 342 1309 378 Varia
1338 342 1448 378 testi-

336 403 466 440 monia
484 401 696 451 legatorum
715 403 1027 453 tribunorumque
1048 405 1208 441 militum
1230 411 1349 442 erant.
1390 404 1450 442 M.

339 467 438 504 Cato
458 474 547 503 ante
566 466 659 503 alios
686 473 802 503 testes
823 468 1150 517 conspiciebatur:
1184 468 1288 519 cujus
1316 474 1448 506 aucto-

337 531 504 573 ritatem,
525 536 708 580 perpetuo
734 535 868 566 tenore
887 531 974 567 vitae
999 538 1160 581 partam,
1181 539 1273 581 toga
1292 532 1451 569 candida

337 593 521 631 elevabat.
578 593 616 628 ls
635 593 756 636 testis,
777 606 860 642 quae
880 607 967 630 vasa
987 607 1099 631 aurea
1119 602 1231 644 atque
1254 602 1448 645 argentea,

337 659 458 709 captis
484 657 631 700 castris,
661 657 760 693 inter
787 657 898 693 aliam
925 659 1087 708 praedam
1116 660 1258 708 regiam
1280 659 1448 702 vidisset,

337 733 382 758 ea
411 735 451 758 se
483 722 521 757 in
556 721 748 771 triumpho
781 721 946 770 negabat
973 722 1118 759 vidisse.
1177 722 1374 758 Postremo
1410 723 1451 759 in

336 785 450 835 hujus
480 787 642 822 maxime
670 786 847 822 invidiam
880 786 1057 822 desistere
1087 798 1126 822 se
1155 787 1338 836 petitione
1359 786 1451 823 Gla-

336 849 423 886 brio
443 851 538 886 dixit
556 867 565 895 ;
598 850 763 900 quando,
784 850 886 900 quod
904 850 1011 886 taciti
1031 850 1318 899 indignarentur
1336 850 1451 887 nobi-

335 913 390 951 les
418 915 606 957 homines,
628 915 664 951 id
685 928 789 964 aeque
810 927 930 951 novus
948 916 1176 965 competitor
1194 915 1451 952 inaestimabili

335 978 504 1031 perjurio
524 980 738 1017 incesseret.

390 1043 540 1080 LVlll.
571 1044 733 1080 Centum
771 1044 930 1081 millium
968 1044 1088 1081 multa
1124 1045 1300 1094 inrogata
1336 1051 1416 1081 erat
1438 1060 1445 1081 ε

335 1107 395 1144 bis
415 1109 460 1144 de
480 1121 524 1144 ea
542 1121 581 1144 re
601 1114 786 1144 certatum
806 1116 884 1145 est:
916 1110 1046 1152 tertio,
1064 1122 1179 1157 quum
1199 1110 1245 1145 de
1263 1110 1449 1159 petitione

337 1171 544 1208 destitisset
576 1184 676 1214 reus,
707 1184 776 1208 nec
809 1172 969 1222 populus
1001 1174 1046 1208 de
1080 1172 1198 1208 multa
1231 1172 1450 1221 suffragium

336 1235 435 1272 ferre
454 1236 588 1278 voluit,
606 1242 643 1272 et
662 1236 805 1272 tribuni
825 1249 870 1273 eo
890 1237 1047 1285 negotio
1067 1237 1304 1272 destiterunt.
1350 1236 1448 1272 Cen-

335 1312 440 1336 sores
471 1299 516 1336 T.
541 1300 744 1339 Quinctius
774 1299 1028 1343 Flamininus,
1058 1300 1114 1336 M.
1137 1299 1315 1336 Claudius
1344 1299 1451 1336 :Mar-

337 1366 453 1403 cellus
473 1367 602 1402 creati.
658 1366 732 1402 Per
757 1367 908 1402 eosdem
934 1367 1011 1402 dies
1038 1367 1082 1402 L.
1103 1366 1262 1403 AEmilio
1282 1365 1450 1415 Regillo,

338 1431 403 1480 qui
423 1430 540 1467 classe
563 1431 780 1480 praefectum
802 1431 986 1467 Antiochi
1006 1432 1102 1480 regis
1123 1431 1323 1481 devicerat,
1345 1437 1452 1467 extra

338 1494 469 1530 urbem
497 1495 534 1529 in
566 1494 643 1530 aede
662 1494 852 1544 Apollinis
880 1507 994 1543 quum
1023 1501 1173 1530 senatus
1203 1495 1311 1530 datus
1338 1501 1449 1538 esset,

337 1558 475 1594 auditis
496 1558 605 1594 rebus
635 1559 748 1606 gestis
770 1558 864 1607 ejuS,
886 1560 1036 1607 quantis
1057 1572 1140 1595 cnm
1161 1558 1341 1594 classibus
1361 1559 1450 1594 hos-

337 1623 435 1658 tium
471 1623 700 1665 dimicasset,
733 1630 827 1671 quot
856 1623 942 1659 inde
973 1636 1086 1659 naves
1117 1623 1354 1659 demersisset
1385 1630 1451 1659 ant

340 1687 515 1736 cepisset,
539 1699 680 1735 magno
707 1699 894 1723 consensu
921 1687 1076 1723 Patrum
1099 1688 1311 1737 triumphus
1337 1699 1453 1723 nava-

122 1741 323 1782 Triumphus
339 1750 384 1787 lis
404 1757 461 1786 est
480 1751 664 1787 decretus.
720 1751 984 1802 Triumphavit
1006 1750 1190 1787 Kalendis
1210 1750 1447 1786 Februariis:

124 1786 245 1816 navalis
263 1785 298 1814 L.

123 1828 262 1859 AEmilii.

122 2266 228 2308 Scipio

123 2311 294 2342 Asiaticus.

338 1815 378 1851 in
415 1827 461 1851 eo
499 1816 691 1864 triumpho
729 1816 1104 1864 undequinquaginta
1141 1828 1291 1850 coronae
1328 1827 1450 1850 anreae

338 1878 530 1914 translatae
557 1886 668 1914 sunt:
700 1880 860 1928 pecunia
879 1891 1114 1927 nequaquam
1137 1885 1256 1920 tanta,
1277 1891 1345 1929 pro
1366 1890 1450 1928 spe-

338 1943 395 1979 cie
433 1943 527 1992 regii
563 1945 772 1994 triumphi5
813 1944 1090 1980 tetradrachma
1126 1944 1257 1979 Attica
1292 1944 1451 1992 triginta

337 2014 501 2056 quatuor
532 2007 650 2044 millia
681 2010 936 2059 septingenta,
965 2009 1173 2058 cistophori
1200 2015 1349 2044 centum
1382 2009 1450 2044 tri·

337 2071 445 2119 ginta
470 2084 586 2108 unum
613 2073 731 2108 millia
760 2074 929 2109 trecenti.
987 2072 1289 2122 Supplicationes
1318 2073 1449 2109 deinde

337 2133 492 2170 fuerunt
524 2148 569 2171 ex
606 2136 952 2178 senatusconsulto,
992 2136 1092 2185 quod
1128 2135 1173 2172 L.
1194 2136 1372 2172 AEmilius
1410 2137 1449 2173 in

338 2196 528 2248 Hispania
563 2212 742 2250 prospere
779 2200 1049 2251 rempublicam
1087 2200 1276 2250 gessisset.
1333 2199 1449 2237 Haud

338 2262 393 2298 ita
422 2262 542 2300 multo
568 2272 655 2313 post
680 2264 726 2301 L.
748 2266 874 2314 Scipio
908 2265 953 2301 ad
984 2264 1112 2301 urbem
1133 2265 1260 2301 venit:
1293 2265 1370 2314 qui,
1400 2277 1449 2301 ne

339 2328 559 2378 cognomini
590 2328 717 2366 fratris
756 2330 917 2373 cederet,
946 2330 1157 2366 Asiaticum
1194 2342 1232 2365 se
1269 2329 1448 2380 adpellari
