1546 2648
109 264 152 295 U.
165 263 202 295 C.
217 269 290 300 571.

109 306 197 339 A.C.
218 314 288 339 181.

301 173 385 217 250
453 218 458 225 ι
761 175 790 204 Τ
832 177 966 206 mvn

300 263 462 309 struxit3
493 263 682 314 principes
701 276 746 300 ex
767 265 897 301 eadem
916 265 1067 315 legione
1087 267 1124 303 in
1145 267 1320 305 subsidiis
1340 281 1409 320 po-

301 327 401 363 suit:
433 326 490 364 M.
511 327 688 364 Servilius
708 334 746 364 et
772 329 820 365 L.
841 329 1044 380 Sulpicius,
1069 332 1209 368 tribuni
1231 332 1407 375 militum,

299 391 358 426 his
374 392 580 442 praepositi.
635 392 767 428 Tertia
782 392 882 443 legio
903 394 1076 430 adversus
1092 395 1339 446 principalem
1358 397 1409 432 si-

298 455 457 491 nistram
477 463 624 506 portam
645 457 831 493 instructa
850 464 906 493 est
924 473 931 494 :
960 459 997 494 id
1023 466 1171 496 tantum
1190 467 1404 506 mutatum3

298 519 487 570 principes
507 522 632 570 primi,
654 528 692 557 et
718 521 861 557 hastati
888 523 927 558 in
948 522 1123 559 subsidiis
1144 524 1258 561 locati
1278 539 1286 561 ε
1319 525 1408 562 Sex,

298 582 422 619 Julius
444 585 571 620 Caesar
590 593 628 621 et
652 585 699 621 L.
719 585 894 621 Aurelius
916 582 1045 629 Cotta,
1066 587 1207 624 tribuni
1228 588 1406 632 militum,

296 647 386 683 huic
405 646 546 696 legioni
566 649 759 697 praepositi
779 656 878 684 sunt.
934 649 982 687 Q.
1003 649 1156 686 Fulvius
1175 651 1333 687 Flaccus
1352 651 1406 688 le-

297 718 406 761 gatus
428 725 512 748 cum
542 713 695 748 dextera
713 711 773 748 ala
801 712 848 747 ad
866 714 1108 760 quaestoriam
1134 721 1283 762 portam
1301 715 1406 764 posi-

296 782 379 810 tus:
412 775 494 810 duae
528 775 704 811 cohortes
732 782 770 810 et
802 775 921 811 triarii
955 775 1112 811 duarum
1142 775 1334 825 legionum
1366 778 1406 813 in

295 839 470 888 praesidio
507 845 717 875 castrorum
755 851 907 874 manere
936 837 1048 888 jussi.
1106 839 1248 876 Omnes
1276 847 1404 890 portas

294 901 630 938 concionabundus
662 902 741 951 ipse
770 902 976 951 imperator
1005 903 1215 947 circumiit3
1248 909 1300 946 et,
1320 904 1404 952 qui-

293 966 525 1015 buscumque
555 967 800 1002 irritamentis
827 974 990 1015 poterat,
1013 967 1085 1002 iras
1110 967 1272 1003 militum
1292 980 1404 1004 acue-

291 1028 384 1074 bat3
416 1042 516 1065 nunc
537 1029 707 1065 fraudem
726 1029 893 1065 hostium
915 1031 1104 1072 incusans,
1125 1031 1203 1079 qui,
1225 1043 1316 1080 pace
1335 1043 1401 1081 pe-

290 1095 375 1137 tita,
408 1095 564 1132 induciis
595 1095 708 1137 datis,
742 1107 807 1144 per
837 1095 959 1144 ipsum
988 1095 1222 1130 induciarum
1255 1103 1401 1145 tempus

290 1166 423 1195 contra
436 1158 500 1208 jus
518 1159 686 1206 gentium
706 1158 751 1194 ad
773 1165 895 1193 castra
913 1158 1169 1207 obpugnanda
1185 1159 1374 1195 venissent
1390 1173 1398 1194 :

289 1235 405 1265 nunc,
419 1231 581 1272 quantus
598 1223 717 1272 pudor
733 1229 845 1265 esset,
860 1223 1034 1264 edocens,
1053 1223 1099 1258 ab
1114 1223 1332 1271 Liguribus,
1347 1224 1401 1261 la-

290 1286 464 1323 tronibus
484 1288 622 1327 verius,
640 1299 751 1335 quam
768 1286 943 1322 hostibus
957 1286 1087 1336 justis,
1104 1287 1321 1324 Romanum
1337 1301 1403 1325 ex-

290 1351 447 1388 ercitum
467 1351 644 1387 obsideri.
704 1352 782 1392 Quo
803 1364 862 1386 ore
881 1353 1067 1399 quisquam
1085 1352 1250 1394 vestrzlm,
1271 1355 1302 1389 si
1321 1353 1404 1389 hinc

289 1416 405 1451 alieno
431 1416 610 1464 proesidio,
641 1427 711 1451 non
739 1421 855 1451 vestra
884 1418 1028 1458 virtute,
1056 1419 1247 1452 evaseritis.
1277 1418 1401 1453 obcur-³

289 1484 355 1523 ret,
375 1492 444 1516 nou
465 1481 543 1516 dico
562 1481 609 1515 eis
625 1481 809 1522 militibus,
828 1482 888 1528 qui
906 1481 1160 1523 Hannibalem,
1177 1484 1238 1528 qui
1257 1482 1399 1529 Philip-

284 1555 385 1591 pum,
407 1545 469 1591 qui
486 1543 717 1585 Antiochum,
737 1546 911 1579 mammos
933 1550 1060 1580 nostrae
1078 1547 1195 1580 aetatis
1214 1556 1312 1592 reges
1331 1546 1399 1580 du-

288 1619 423 1655 cesque,
444 1608 604 1642 vicerunt
619 1623 630 1650 ‚·
660 1608 720 1642 secl
738 1609 793 1650 iis,
815 1609 876 1654 qui
894 1607 956 1642 hos
978 1609 1069 1655 ipsos
1088 1608 1241 1654 Ligures
1259 1609 1398 1656 aliquo-

289 1673 364 1713 ties,
382 1683 554 1719 pecorum
576 1672 680 1707 modo
699 1670 898 1718 fugientes,
917 1684 982 1719 per
1000 1673 1114 1707 saltus
1132 1674 1243 1708 invios
1261 1685 1399 1709 consec-

287 1736 357 1770 tati
375 1735 613 1770 ceciderunt?
634 1734 738 1775 Quod
756 1735 926 1782 Hispani,
948 1737 1041 1782 quod
1065 1736 1178 1776 Galli,
1199 1737 1293 1782 quod
1313 1736 1397 1771 Ma-

285 1799 432 1835 cedones
450 1799 595 1836 Poenive
619 1812 687 1835 non
707 1801 876 1842 audeant,
898 1801 1104 1848 Ligustinus
1129 1800 1237 1836 hostis
1261 1802 1396 1836 vallum

286 1863 490 1899 Romanum
505 1863 610 1905 subit,
623 1863 756 1899 obsidet
771 1864 880 1905 ultro,
896 1868 931 1899 et
945 1865 1148 1912 obpugnat!
1162 1876 1278 1912 quem,
1294 1877 1394 1900 scru-

286 1931 401 1963 tantes
416 1931 524 1962 antea
540 1928 658 1963 devios
670 1929 796 1970 saltus,
813 1928 974 1964 abditum
991 1934 1025 1964 et
1042 1930 1210 1965 latentem
1223 1930 1283 1965 vix
1298 1931 1395 1966 inve-

284 1991 474 2028 niebamus.
530 1991 591 2027 Ad
619 1992 700 2027 haec
727 1993 967 2028 consentiens
987 1992 1212 2029 reddebatur
1231 1993 1397 2029 militum·

281 2054 437 2098 clamor,
458 2055 596 2091 nullam
618 2056 773 2091 militum
800 2057 944 2104 culpam
971 2068 1053 2098 esse,
1085 2057 1206 2104 quibus
1224 2068 1325 2092 nemo
1344 2058 1394 2093 ad

280 2120 534 2166 erumpendum
561 2122 700 2167 signum
730 2121 893 2157 dedisset.
951 2121 1072 2157 Daret
1088 2122 1229 2168 signum
1244 2137 1255 2156 .·
1285 2122 1393 2157 intel-

281 2184 467 2225 lecturam,
502 2185 654 2226 eosdem,
685 2186 745 2231 qui
773 2189 881 2221 antea
897 2184 1054 2233 suerint,
1084 2189 1119 2220 et
1149 2185 1329 2221 Romanos
1355 2190 1393 2222 ee

281 2246 433 2294 Ligures
453 2259 535 2284 esse.

330 2308 527 2348 XXVIII.
556 2310 656 2348 Bina
673 2312 724 2348 cis
746 2318 894 2349 montes
915 2318 1039 2350 castra
1056 2311 1242 2363 Ligurum
1257 2317 1386 2350 erant:
