1546 2648
316 108 397 149 260
767 121 811 150 T.
837 121 970 152 L1v11

121 202 163 275 ἳ-
174 203 214 276 g·
229 210 302 239 ⁵72·
315 218 366 249 re,
376 205 534 255 facilius
551 209 611 249 sit,
628 210 852 256 provinciam
871 213 1009 258 ingenio
1026 210 1203 260 ferocem,
1223 211 1422 248 rebellatri-

153 267 160 276 '
203 267 211 277 '
231 255 303 279 ¹⁸⁰⁶
315 281 403 313 cem,
433 270 657 319 confecisse?
684 274 818 310 Pancae
845 277 1017 319 civitates,
1047 281 1088 312 ut
1116 278 1257 325 quidem
1276 288 1339 323 ego
1358 287 1423 311 au-

315 333 389 376 dio,
410 345 499 381 quas
524 335 644 370 vicina
660 337 815 372 maxime
832 337 978 374 hiberna
993 339 1214 387 premebant,
1236 341 1272 374 in
1287 337 1350 386 jus
1367 339 1425 374 di-

316 398 517 445 tionemque
544 404 741 436 venerunt:
769 401 954 437 ulteriores
983 403 1020 437 in
1048 404 1158 438 armis
1184 407 1279 438 sunt.
1337 401 1427 442 Quae

315 471 425 507 quum
442 461 496 496 ita
513 462 598 503 sint,
616 474 680 509 ego
689 461 771 508 jam
786 463 868 500 hinc
884 465 1053 512 proedico,
1075 465 1206 501 Patres
1220 465 1423 512 conscripti,

315 535 373 560 me
390 526 546 561 exercitu
564 537 617 568 e0‚
639 528 701 573 qui
717 539 811 563 nunc
832 533 896 570 est,
916 529 1172 576 rempublicam
1190 530 1424 564 administra-

317 591 438 623 turum
450 604 462 624 .·
486 590 517 624 si
535 590 690 625 deducat
705 602 823 626 secum
842 592 992 627 Flaccus
1011 593 1177 639 legiones,
1198 593 1276 628 loca
1290 596 1428 639 pacata

316 662 372 686 me
398 652 447 687 ad
465 651 695 688 hibernacula
720 654 907 697 lecturum,
927 666 1038 703 neque
1055 667 1183 691 novum
1200 656 1352 691 militem
1359 655 1428 703 fe-

315 715 496 750 rocissimo
515 715 606 751 hosti
623 713 852 761 objecturum.

369 776 568 814 XXXVI.
596 777 766 826 Legatus
786 780 833 815 ad
863 792 920 823 ea,
941 792 1035 829 quaev
1052 780 1424 828 interrogatuserat,

315 841 535 890 respondit:
562 842 686 891 Neque
702 855 751 885 se,
771 855 884 891 neque
903 855 1113 892 quemquam
1134 844 1246 880 alium
1264 845 1426 880 divinare

313 915 429 951 posse,
449 905 536 952 quid
555 906 591 940 in
610 907 731 941 animo
753 906 920 942 Celtiberi
948 906 1129 949 haberent,
1151 911 1216 942 aut
1234 918 1345 953 porro-
1360 906 1427 942 ha·
1508 953 1511 958 ,

315 966 426 1002 bituri
454 973 577 1004 essent.
634 969 764 1017 Itaque
792 982 923 1017 negare
946 982 1017 1006 non
1042 981 1156 1017 posse,
1187 971 1270 1016 quin
1298 971 1428 1006 rectius
1506 993 1521 1018 χ,

315 1031 376 1073 sit,
405 1031 516 1067 etiam
534 1032 584 1067 ad
609 1037 760 1079 pacatos
778 1033 957 1074 barbaros,
986 1033 1146 1068 nondum
1163 1034 1250 1067 satis
1265 1034 1430 1068 adsuetos
1506 1049 1509 1080 5

316 1095 483 1142 imperio,
503 1097 695 1131 exercitum
721 1097 818 1132 mitti
831 1111 843 1132 .-
869 1107 958 1132 novo
978 1101 1111 1138 autem,
1131 1107 1179 1130 an
1196 1099 1312 1131 vetere
1330 1107 1429 1131 exer-
1507 1096 1509 1101 ’

317 1157 391 1192 citu
411 1168 499 1204 opus
514 1159 575 1200 sit,
605 1156 679 1203 ejus
695 1169 767 1194 esse
787 1160 916 1200 dicere,
938 1159 1000 1206 qui
1016 1159 1105 1194 scire
1120 1159 1245 1205 possit,
1265 1169 1338 1205 qua
1349 1159 1430 1207 fide

319 1218 487 1255 Celtiberi
513 1221 551 1255 in
574 1233 667 1268 pace
694 1223 855 1257 mansuri
872 1222 944 1257 sint
958 1237 970 1265 ‚-
998 1221 1107 1256 simul
1125 1226 1161 1256 et
1179 1222 1240 1268 qui
1257 1221 1350 1256 illud
1367 1231 1428 1257 ex-

312 1282 500 1330 ploratum
529 1283 669 1327 habeat,
690 1286 869 1332 quieturos
896 1284 1041 1327 milites,
1060 1285 1090 1319 si
1110 1285 1317 1320 'diutia-sin
1342 1295 1430 1331 pro-

316 1348 436 1382 vincia
463 1349 719 1384 retineantur.¹
756 1347 799 1383 Si
825 1359 867 1383 ex
895 1359 948 1390 eo,
979 1348 1074 1395 quod
1101 1352 1167 1383 aut
1193 1349 1286 1383 inter
1312 1358 1348 1383 se
1367 1348 1430 1383 *lo-

318 1414 490 1457 quantur‚
516 1415 582 1446 aut
599 1411 935 1446 subclamationibus
952 1411 1051 1459 apud
1079 1412 1344 1447 concionantem
1363 1412 1431 1446 im-
1514 1449 1518 1460 Ι

315 1478 520 1521 peratorem
537 1475 748 1524 significent,
771 1475 858 1522 quid
875 1476 1044 1517 sentiant,
1065 1472 1334 1520 conjectandum
1360 1476 1407 1510 sit
1418 1491 1431 1518 ‚-
1502 1463 1519 1517 i

1512 1533 1517 1547 .

1507 1571 1517 1590 ’ί

314 1538 444 1585 palam
470 1537 685 1586 vociferatos
712 1550 798 1579 esse,
819 1543 883 1573 aut
912 1539 1162 1585 imperatorem
1181 1539 1219 1573 in
1242 1539 1432 1585 provincia

318 1604 530 1644 retenturos,
553 1606 619 1637 aut
637 1613 717 1637 cum
735 1613 775 1637 eo
795 1602 832 1636 in
852 1601 1003 1637 Italiam
1021 1605 1186 1636 venturos
1203 1611 1285 1637 esse.
1340 1599 1432 1636 Dis-

320 1665 578 1712 ceptationem
607 1665 707 1701 inter
734 1671 936 1714 praetorem
964 1662 1204 1712 legatumque
1233 1663 1431 1700 consulum

318 1726 455 1763 relatio
476 1728 701 1778 interrupit5
734 1728 799 1776 qui
815 1740 899 1764 suas
916 1728 1044 1763 ornari
1064 1727 1291 1776 provincias,
1308 1727 1430 1777 prius-
1498 1725 1517 1773 ‘⁴5

317 1802 433 1838 quam
462 1790 508 1826 de
536 1791 708 1840 praetoris
738 1791 906 1827 exercitu
925 1797 1112 1838 ageretur,
1135 1801 1282 1839 aequum
1302 1802 1430 1826 cense-

319 1851 426 1890 bant.
482 1854 615 1890 Novus
643 1855 765 1890 omnis
786 1855 972 1889 exercitus
993 1852 1210 1889 consulibus
1228 1859 1285 1889 est
1304 1853 1432 1890 decre-

320 1923 408 1952 tus:
440 1916 539 1953 binae
569 1916 737 1965 legiones
768 1916 953 1952 Romanae
983 1929 1068 1952 cum
1087 1928 1156 1951 suo
1181 1917 1367 1965 equitatu,
1395 1923 1433 1953 et

321 1979 468 2015 socium
493 1978 626 2016 Latini
655 1980 836 2021 nominis,
868 1986 1030 2028 quantus
1058 1991 1204 2029 semper
1235 1991 1428 2022 numerus,

321 2043 537 2090 quindecim
553 2042 670 2079 millia
690 2043 859 2092 peditum
875 2049 913 2078 et
928 2043 1138 2091 octingenti
1158 2043 1323 2091 equites:
1347 2054 1432 2078 cum

319 2105 394 2142 hoc
414 2106 582 2142 exercitu
596 2107 766 2156 Apuanis
787 2106 992 2154 Liguribus
1014 2112 1056 2142 ut
1074 2105 1214 2141 bellum
1231 2105 1428 2148 inferrent,

320 2168 540 2205 mandatum
556 2176 624 2206 est.
658 2169 701 2207 P.
716 2169 896 2206 Cornelio
913 2176 951 2206 et
965 2168 1022 2206 M.
1033 2169 1168 2205 Baebio
1184 2175 1430 2218 prorogatum

317 2232 532 2284 imperium,
547 2231 720 2284 jussique
749 2233 961 2284 provincias
991 2232 1178 2277 obtinere,
1199 2232 1318 2270 donec
1338 2243 1430 2270 con-
