1546 2648
301 172 455 203 unm<
479 170 610 201 xnn.
642 170 749 199 0A12.
775 171 926 200 LVIII.
1084 159 1167 216 383

56 270 119 301 tus
140 264 274 314 ingens
294 262 490 301 oboritur:
523 260 681 305 tribuni,
701 260 959 312 praefectique,
981 266 1018 297 et
1038 270 1168 299 centu—

58 329 183 365 riones
203 329 243 365 in
261 328 504 378 praetorium3
536 324 644 363 miles
664 325 711 362 ad
737 338 806 361 sua
824 325 981 374 quisque
1004 328 1170 364 tentoria

57 392 245 429 discurrit.
299 388 430 428 Minus
451 391 681 441 quingentos
697 401 829 441 passus
847 402 868 426 a
883 390 982 426 vallo
1003 391 1170 429 instrux-

57 463 138 493 erat
157 456 314 493 Perseus
344 467 431 492 suos
452 455 552 492 circa
579 454 782 498 tumulum,
805 467 917 504 quem
943 454 1171 493 Callicinum

55 522 207 558 Vocant.
261 520 381 557 Laevo
410 532 527 557 cornu
547 520 666 570 Cotys
695 532 762 556 rex
790 525 951 570 praeerat
979 532 1065 556 cuni
1087 533 1170 557 om-

53 584 164 621 nibus
190 597 266 621 suae
295 585 444 634 gentis:
478 583 646 633 equitum
675 583 826 620 ordines
856 572 948 620 levis
978 591 1169 622 armatura

53 648 279 698 interposita
298 646 569 697 distinguebat.
626 646 673 683 In
691 647 826 684 dextro
847 660 966 683 cornu
985 647 1169 685 Macedo·

53 723 120 748 nes
142 719 250 749 erant
269 713 437 761 equites:
471 710 680 763 intermixti
707 711 840 748 turmis
861 723 990 748 eorum
1012 712 1170 749 Creten-

56 783 127 813 ses.
185 776 287 812 Huic
321 782 520 813 armaturae
547 774 647 811 Milo
675 775 882 819 Beroeaeus,
916 776 1106 825 equitibus
1133 782 1172 814 et

56 853 212 877 summae
249 841 366 891 partis
405 839 485 890 ejus
528 838 649 875 Meno
686 840 960 888 Antigonensis
999 847 1171 892 praeerat.

54 905 227 942 Proximi
250 904 428 941 cornibus
449 904 702 940 constiterant
720 904 816 952 regii
836 904 994 952 equites,
1016 911 1054 941 et
1073 906 1170 942 mix-

54 974 134 1006 tum
151 982 283 1018 genus,
302 968 446 1005 delecta
469 968 633 1018 plurium
649 968 821 1016 gentium
838 967 979 1004 auxilia
994 983 1002 1004 :
1033 969 1171 1005 Patro-

55 1033 130 1071 cles
156 1033 432 1082 Antigonensis
463 1033 525 1069 hic
557 1038 596 1070 et
627 1032 791 1069 Paeoniae
821 1032 1022 1082 praefectus
1051 1032 1172 1069 Didas

56 1102 165 1134 erant
193 1097 400 1147 praep'ositi.
456 1096 606 1133 Bledius
637 1096 808 1132 omnium
841 1107 908 1132 rex
937 1101 1040 1131 erat:
1073 1097 1175 1133 circa

57 1166 140 1197 eum
172 1164 319 1210 agei'na,
355 1161 457 1210 quod
489 1167 642 1203 vocant,
673 1161 917 1209 equitumque
946 1172 1062 1196 sacrae
1091 1160 1172 1197 alae.

55 1225 157 1261 Ante
175 1237 214 1261 se
244 1226 377 1261 statuit
396 1225 608 1262 funditores
629 1223 962 1275 jaculatoresque3
995 1224 1174 1273 quadrin-

58 1295 260 1337 gentorum
280 1301 413 1325 manus
433 1297 593 1338 utraque
617 1300 816 1325 numerum
837 1287 1074 1338 expleverat:
1107 1288 1173 1324 Io-

56 1358 143 1389 'nem
178 1352 558 1389 Thessalonicensem
588 1358 627 1388 et
661 1352 871 1388 Timanora
898 1351 1092 1402 Dolopem
1128 1352 1174 1387 iis

55 1416 237 1467 praefecit.
296 1411 357 1453 Sic
373 1417 467 1466 regii
489 1417 754 1454 constiterant.
795 1416 953 1459 Consul,
976 1417 1076 1452 intra
1093 1415 1174 1452 val-

55 1477 134 1517 lum
153 1481 323 1530 peditum
352 1482 432 1518 acie
461 1482 661 1524 instructa,
683 1487 722 1516 et
749 1481 830 1531 ipse
850 1481 1061 1529 equitatum
1091 1493 1173 1517 om-

58 1556 144 1580 nem
176 1556 260 1580 cum
288 1544 361 1580 levi
391 1552 584 1581 armatura
610 1545 737 1581 misit:
769 1557 839 1594 pro
870 1544 968 1580 vallo
998 1544 1176 1581 instructi

57 1613 158 1644 sunt.
204 1608 354 1644 Dextro
376 1622 494 1646 cornu
510 1609 735 1659 praep'ositus
756 1608 985 1646 C.Licinius
999 1609 1174 1653 Crassus,

59 1671 225 1707 consulis
245 1671 375 1715 frater,
397 1685 482 1708 cum
503 1673 608 1708 omni
633 1671 772 1708 Italico
792 1671 978 1720 equitatu,
998 1671 1175 1709 velitibus

56 1734 286 1771 intermixtis
304 1751 310 1771 ε
344 1737 498 1772 sinistro
517 1735 576 1773 M.
590 1735 764 1772 Valerius
783 1735 962 1772 Laevinus
984 1736 1175 1773 sociorum

54 1811 102 1834 ex
125 1797 267 1835 Graecis
295 1798 445 1849 populis
475 1800 620 1849 equites
649 1799 830 1842 habebat,
861 1789 1028 1848 ejusdem
1048 1801 1173 1848 gentis

55 1861 178 1899 levem
203 1870 445 1900 armaturam.
500 1864 671 1900 Mediam
697 1870 825 1899 autem
857 1863 977 1899 aciem
1003 1876 1088 1900 cum
1109 1864 1173 1902 de-

55 1926 163 1963 lectis
194 1927 384 1977 equitibus
415 1928 724 1964 extraordinariis
754 1926 912 1964 tenebat
930 1927 1170 1967 Q.Mucius:

56 1989 209 2026 ducenti
229 1991 374 2040 equites
395 1990 497 2027 Galli
524 1998 612 2027 ante
631 1992 741 2040 sigua
759 1991 896 2027 horum
922 1991 1113 2033 instructi,
1135 1996 1173 2028 et

56 2054 101 2090 de
114 2054 262 2092 auxiliis
274 2055 458 2092 Eumenis
473 2056 692 2105 Cyrtiorum
708 2055 831 2105 gentis
847 2055 1021 2092 trecenti.
1049 2055 1172 2091 Thes-

58 2117 126 2153 sali
146 2118 412 2168 quadringenti
438 2120 583 2169 equites
602 2131 720 2170 parvo
746 2118 947 2156 intervallo
976 2131 1089 2170 super
1106 2118 1116 2131 “
1129 2126 1178 2158 ιο,

56 2194 146 2218 vum
174 2194 291 2218 cornu
323 2182 451 2220 locati.
506 2184 699 2221 Eumenes
727 2195 795 2220 rex
825 2182 1056 2232 Attalusque
1086 2195 1171 2223 cum

57 2246 163 2282 o'mni
182 2258 296 2281 mauu
316 2258 383 2282 sua
409 2247 456 2284 ab
475 2254 585 2298 tergo
605 2248 705 2286 inter
729 2253 963 2300 postremam
988 2247 1106 2285 aciem
1126 2258 1170 2284 ac

14 2310 18 2311 ⁷
54 2307 197 2347 vallum
215 2314 414 2347 steterunt.

1184 263 1276 294 U-C.
1293 271 1366 296 581·

1184 308 1274 341 A.-c.
1292 315 1365 343 171.

1187 1407 1336 1441 Consulis

1186 1459 1279 1482 acies.
