1546 2648
373 139 530 170 mmm
553 137 671 168 va.
703 136 810 168 cn».
835 138 883 167 v.
1091 125 1175 180 485

62 226 199 278 privati
219 228 384 266 nominis
414 227 528 265 titulo
555 227 695 271 missae,
715 232 753 263 et
772 226 930 277 petiere,
951 231 989 264 et
1007 226 1175 277 inpetra-
1189 234 1233 266 U.
1247 234 1283 265 C.
1301 242 1374 268 584.

62 304 161 337 vere,
184 299 225 330 ut
252 294 367 344 aliqui
388 293 435 331 ad
459 306 547 330 eum
571 292 828 335 mitterentur,
848 303 934 328 cum
959 290 1096 341 quibus
1115 290 1174 329 lo·
1188 279 1227 311 A*
1241 278 1279 311 C·
1294 283 1369 312 ¹⁶⁸·

61 357 126 406 qui
142 358 186 395 de
205 364 307 396 statu
322 365 359 395 et
374 357 596 395 conditione
611 369 688 393 suae
702 355 867 393 fortunae
886 361 1032 406 posset.
1061 354 1174 393 Missi

63 429 153 459 sunt
171 429 245 460 tres
265 422 395 473 legati,
416 423 459 460 P.
475 421 678 465 Lentulus,
693 421 742 459 A.
754 420 976 458 Postumius
996 419 1177 465 Albinus,

62 487 111 523 A’.
122 487 328 525 Antonius.
371 486 480 524 Nihil
501 499 545 524 ea
558 486 752 536 legatione
770 485 981 536 perfectum
998 491 1069 529 est,
1085 484 1178 522 Per-

63 563 129 587 seo
147 553 294 601 regium
323 565 464 590 nomen
484 552 587 589 omni
613 553 650 597 vi
669 550 938 602 amplectente,
964 550 1115 594 Paullo,
1137 555 1180 587 ut

64 629 106 653 se
123 629 266 668 suaque
283 619 415 655 omnia
432 619 472 655 in
490 617 602 655 fidem
622 623 661 654 et
680 616 922 655 clementiam
943 615 1077 670 populi
1095 615 1179 653 Ro-

62 682 166 718 mani
184 684 436 733 permitteret,
453 682 722 720 contendente.

118 746 166 784 V.
195 747 298 784 Dum
318 747 400 784 haec
428 754 609 797 aguntur,
629 747 758 784 classis
779 747 853 784 Cn.
869 746 1022 784 Octavii
1042 745 1181 783 Samo-

64 807 236 848 thracam
254 818 312 848 est
341 812 509 863 adpulsa.
565 811 604 849 Is
631 824 798 863 quoque,
817 811 998 863 praesenti
1023 810 1180 848 admoto

62 880 221 919 terrore,
242 876 358 912 modo
378 877 505 920 minis,
532 877 649 913 modo
672 889 739 927 spe
756 875 953 927 perlicere,
979 881 1024 912 ut
1041 887 1082 912 se
1100 881 1180 912 tra-

63 939 182 983 deret,
203 952 319 988 quum
338 947 542 977 conaretur
556 957 567 986 3
600 940 745 990 adjuvit
760 941 801 977 in
818 940 894 976 hoc
914 952 1001 977 eum
1019 951 1092 983 reS,
1113 951 1181 976 seu

64 1016 154 1040 casu
186 1011 398 1049 contracta,
431 1017 499 1041 seu
531 1004 706 1043 consilio.
761 1004 811 1043 L.
836 1004 978 1041 Atilius
1009 1002 1179 1040 inlustris

65 1067 298 1114 adolescens,
319 1082 433 1118 quum
453 1071 494 1107 in
513 1070 701 1107 concione
729 1082 811 1107 esse
839 1067 1024 1120 populum
1043 1068 1181 1105 Samo-

63 1132 239 1169 thracum
258 1134 427 1170 animum
446 1134 685 1177 advertisset,
705 1146 728 1170 a
744 1132 1033 1182 magistratibus
1052 1131 1179 1183 petiit,

65 1201 108 1232 ut
121 1195 196 1232 sibi
210 1198 340 1246 paucis
356 1196 585 1246 adloquendi
600 1197 735 1248 populi
752 1202 984 1248 potestatem
997 1195 1181 1233 facerent.

62 1259 268 1305 Pei-misso,
302 1262 433 1299 Utrum
450 1275 526 1306 nos,
546 1264 699 1311 hospites
722 1262 987 1305 Samothraces,
1013 1272 1095 1298 vere
1120 1272 1182 1297 ac-

64 1326 231 1374 cepimus,
252 1339 300 1362 an
308 1325 428 1376 falso,
447 1339 589 1365 sacram
609 1328 701 1364 hanc
721 1328 889 1370 insulam,
908 1331 946 1363 et
963 1326 1108 1374 augusti
1127 1329 1183 1361 to-

66 1394 143 1425 tam
160 1395 270 1439 atque
281 1392 449 1428 inviolati
465 1393 534 1428 soli
552 1393 653 1428 esse?
668 1391 796 1431 Quum
813 1390 966 1428 creditae
986 1388 1184 1426 sanctitati

66 1454 348 1492 adsentirentur
366 1468 513 1500 omnes,
535 1457 608 1493 Cur
627 1457 752 1504 igitur,
765 1455 905 1504 inquit,
921 1454 1104 1503 pollutam
1120 1452 1184 1490 ho-

65 1521 200 1556 micida
217 1523 389 1569 sanguine
404 1523 499 1570 regis
516 1523 689 1558 Eumenis
706 1522 889 1557 violavit?
910 1524 959 1563 et,
977 1531 1088 1568 quum
1107 1530 1184 1554 om—
1223 1553 1225 1555 ,

66 1585 122 1620 nis
137 1584 307 1633 praefatio
324 1598 509 1623 sacrorum
524 1599 595 1629 eos,
613 1586 736 1634 quibus
749 1598 821 1622 non
832 1586 906 1621 sint
919 1596 1025 1633 purae
1042 1594 1184 1625 manus,

65 1651 178 1686 sacris
191 1655 327 1693 arceat,
346 1663 407 1687 vos
420 1651 624 1699 penetralia
641 1654 761 1687 vestra
779 1649 1019 1686 contaminari
1038 1652 1185 1684 cruento

68 1714 220 1751 latronis
239 1727 386 1763 corpore
398 1717 554 1752 sinetis?
574 1714 729 1751 Nobilis
748 1714 852 1751 fama
871 1719 967 1757 erat,
983 1711 1084 1763 apud
1101 1723 1186 1748 om·

67 1789 134 1815 nes
155 1778 313 1816 Graeciae
338 1780 526 1824 civitates,
546 1780 731 1817 Eumenis
753 1778 853 1828 regis
873 1790 940 1829 per
965 1776 1186 1817 Evandrum

67 1841 230 1894 Delphis
258 1856 378 1895 prope
409 1850 627 1896 perpetrata
660 1843 793 1881 caedes.
849 1841 1000 1891 Itaque,
1029 1845 1186 1891 praeter—

70 1920 183 1957 quam
202 1909 304 1958 quod
323 1910 364 1946 in
388 1916 581 1960 potestate
605 1909 873 1946 Romanorum
902 1919 984 1943 sese
1003 1905 1187 1949 insulam-

68 1983 143 2021 que
166 1977 289 2009 totam
309 1980 348 2009 et
372 1964 556 2024 templum
577 1972 787 2009 cernebant
813 1983 909 2014 esse,
938 1983 988 2006 ne
1007 1969 1186 2006 inmerito

69 2036 220 2084 quidem
238 2049 283 2074 ea
297 2037 371 2075 sibi
390 2037 613 2089 exprobrari
631 2037 719 2080 rati,
735 2035 978 2078 Theondam,
999 2034 1065 2084 qui
1084 2045 1187 2070 sum·

70 2111 153 2136 mus
182 2102 426 2151 magistratus
455 2103 556 2154 apud
584 2114 650 2139 eos
671 2108 766 2145 erat,
789 2101 936 2150 (regem
964 2099 1037 2149 ipsi
1057 2097 1186 2149 adpel-

71 2163 170 2212 lant)
193 2166 241 2202 ad
259 2166 397 2204 Persea
416 2169 590 2212 mittunt,
611 2167 676 2218 qui
695 2166 912 2209 nunciaret,
941 2165 1067 2212 Argui.
1086 2163 1191 2200 caedis

73 2229 286 2268 Evandrum
317 2231 513 2270 Cretensem
530 2249 543 2271 .·
571 2245 643 2270 esse
675 2237 799 2269 autem
822 2228 968 2278 judicia
993 2229 1094 2277 apud
1117 2238 1190 2264 sese

71 2305 171 2330 more
187 2293 369 2342 majorum
387 2301 598 2346 comparata
613 2298 657 2333 de
676 2298 733 2340 iis,
751 2297 813 2346 qui
824 2296 978 2332 incestas
991 2303 1118 2330 manus
1132 2292 1188 2327 ino

595 2360 709 2399 Y3<
