1546 2648
274 179 430 211 mnan
451 169 632 210 xxxxx.
663 172 770 210 eA‘P.
792 181 936 212 xmx.
1082 174 1162 226 2o9

58 267 155 307 ultra
181 269 377 320 adtingere
404 276 574 315 externa,
594 271 667 308 n1si
687 284 762 321 qua
788 270 975 308 Romanis
996 273 1163 310 cohaere-
1177 279 1220 309 U.
1230 278 1267 309 C.
1286 283 1362 311 569.

57 340 142 370 rent
159 334 283 373 rebus.
1175 323 1217 353 A.
1232 321 1268 353 C.
1287 327 1359 352 188.

110 397 263 436 XLIX.
291 398 460 436 Eventus
494 398 752 436 memorabilis
787 405 858 443 est,
896 400 1012 450 quod,
1050 413 1164 449 quum
1177 402 1339 442 Philopoe-

55 459 156 498 bello
184 464 395 514 'Superiores
425 470 551 500 essent
578 464 726 507 Achaei,
742 463 1006 513 Philopoemen
1026 471 1166 514 praetor

4 522 9 526 ’
55 537 187 564 eorum
217 528 376 578 capitur,
405 528 452 565 ad
479 528 818 579 praeoccupandam
845 529 1024 565 Coronen
1061 529 1167 578 (pro-

53 588 210 636 fectus,)
233 604 345 640 quam
373 592 502 628 hostes
532 591 728 643 petebant,
758 593 798 628 in
817 591 913 628 valle
932 593 1061 641 iniqua
1083 605 1168 628 cum

52 654 242 703 equitibus
262 656 390 705 paucis
411 655 625 705 obpressus.
663 655 794 706 Ipsum
813 656 984 706 potuisse
1003 655 1168 705 effugere

54 717 246 755 Thracum
266 719 580 771 Cretensiumque
599 720 742 756 auxilio
762 720 940 756 tradunt:
964 723 1028 756 sed
1047 720 1170 770 pudor

54 781 291 832 relinquendi
311 784 469 832 equites,
489 784 746 820 nobilissimos
767 785 906 833 gentis.‚
927 783 974 820 ab
993 785 1077 834 ipso
1097 797 1169 820 nu-

53 858 121 896 per
138 845 272 887 lectos,
295 848 417 883 tenuit
435 862 443 883 :
476 847 611 896 quibus
638 848 726 883 dum
745 847 870 884 locum
893 848 939 884 ad
958 848 1168 884 evadendas

54 911 247 959 angustias
268 911 441 960 cogendo
460 912 541 961 ipse
561 924 697 960 agmen
718 911 877 961 praebet,
899 912 1089 948 sustinens
1110 912 1170 947 in-

53 981 163 1025 petus
183 975 374 1012 hostium:
407 975 586 1025 prolapso
607 985 719 1024 equo,
742 982 779 1011 et
799 988 868 1012 suo
898 976 978 1025 ipse
998 988 1101 1018 casu,
1130 982 1171 1011 et

55 1052 170 1076 onere
199 1041 285 1089 equi
308 1052 420 1090 super
445 1052 531 1076 eum
550 1041 709 1083 ruentis,
729 1040 832 1077 haud
851 1040 1010 1076 multum
1032 1039 1167 1083 abfuit,

56 1105 148 1153 quin
168 1105 461 1148 exanimaretur,
483 1105 726 1155 septuaginta
745 1117 865 1141 annos
876 1103 957 1154 jam
984 1110 1112 1147 natuS,
1133 1109 1172 1140 et

56 1169 205 1205 diutino
224 1168 375 1212 morbo,
397 1182 444 1206 ex
463 1183 538 1219 quo
558 1176 640 1206 turn
659 1170 821 1219 primum
841 1169 1094 1211 reficiebatur,
1116 1168 1171 1205 vi-

56 1233 160 1269 ribus
177 1234 380 1270 admodum
400 1234 614 1270 adtenuatis
634 1250 641 1271 :
667 1233 861 1285 jacentem
888 1234 1018 1270 hostes
1042 1245 1172 1283 snper-

53 1297 130 1333 fusi
147 1297 416 1348 obpresserunt
435 1315 442 1334 :
476 1299 747 1347 cognitumque
767 1300 930 1348 primum
950 1312 972 1334 a
990 1310 1172 1334 verecun—

55 1361 118 1398 dia
135 1363 393 1412 memoriaque
412 1363 651 1406 merstorum,
667 1362 770 1398 haud
786 1374 892 1398 secus
912 1374 1025 1410 quam
1039 1361 1173 1398 ducem

56 1439 179 1470 suum,
211 1427 398 1464 adtollunt
431 1427 694 1476 reficiuntque,
730 1432 768 1462 et
798 1439 842 1462 ex
874 1425 969 1462 valle
996 1426 1103 1462 devia
1132 1426 1171 1461 in

55 1491 153 1528 viam
182 1498 353 1540 portant,
383 1492 446 1528 vix
465 1492 618 1526 sibimet
637 1492 709 1541 ipsi
729 1503 805 1540 prae
825 1491 1058 1540 necopinato
1077 1503 1172 1538 gau-

49 1554 117 1591 ‘dio
139 1554 333 1590 credentes
350 1570 360 1600 3
393 1567 478 1604 pars
503 1555 664 1590 nuncios
693 1554 898 1590 RIessenen
919 1554 1172 1604 praemittunt,

55 1617 284 1654 debellatum
317 1630 412 1661 esse,
446 1617 777 1667 Philopoemenem
825 1624 978 1667 captum
1026 1617 1173 1653 adduci.

53 1681 224 1718 Primum
245 1682 339 1718 adeo
366 1682 599 1719 incredibilis
620 1683 700 1719 visa
719 1695 792 1726 res,
814 1689 857 1718 ut
877 1695 955 1718 non
985 1695 1055 1731 pro
1075 1693 1173 1717 vano

55 1747 185 1789 modo,
215 1746 281 1782 sed
304 1748 369 1783 vix
387 1759 458 1797 pro
478 1740 751 1783 sano'nuncius
774 1747 988 1783 audiretur:
1022 1745 1172 1788 deinde,

55 1817 99 1847 ut
117 1823 230 1861 super
248 1811 363 1847 alium
389 1810 483 1847 alius
505 1812 601 1847 idem
623 1824 754 1847 omnes
776 1811 1018 1847 adfirmantes
1045 1810 1174 1845 venie-

55 1874 163 1918 bant,
183 1875 338 1911 tandem
365 1875 468 1912 facta
496 1875 586 1911 fides
601 1891 612 1920 3
645 1881 697 1917 et,
719 1875 938 1924 priusquam
967 1873 1174 1923 adpropin-

57 1952 172 1988 quare
201 1939 287 1975 urbi
315 1939 405 1975 satis
435 1939 590 1982 scirent,
612 1939 659 1975 ad
677 1938 936 1988 spectaculum
956 1950 1102 1979 omnes,
1124 1937 1174 1972 si-

59 2002 139 2040 mul
157 2003 266 2040 liberi
285 2017 328 2039 ac
345 2004 456 2047 servi,
473 2004 579 2053 pueri
596 2015 746 2052 quoque
767 2015 849 2037 cum
867 2001 1033 2043 feminis,
1056 2000 1176 2036 effun-

64 2068 226 2104 duntur:
258 2069 386 2118 itaque
416 2068 630 2105 clauserant
654 2074 805 2118 portam
831 2065 967 2108 turbae,
989 2065 1078 2101 dum
1106 2077 1177 2115 pro

66 2143 106 2167 se
135 2133 307 2181 quisque,>
325 2133 397 2168 nisi
427 2133 507 2182 ipse
526 2131 645 2168 oculis
665 2131 741 2166 suis
772 2130 1005 2171 credidisset,
1025 2129 1088 2164 vix
1107 2141 1177 2178 pro

63 2200 258 2243 comperta
284 2201 431 2232 tantam
458 2208 537 2231 rem
568 2194 768 2231 habiturus
797 2193 1000 2229 videretur,
1056 2191 1179 2240 AEgre

29 2285 46 2297 ,
64 2256 330 2294 submoventes
351 2258 483 2294 obvios
504 2259 646 2294 intrare
664 2264 831 2307 portam,
849 2256 913 2304 qui
939 2254 1179 2291 adducebant

41 2312 44 2314 v
65 2320 407 2373 Philopoemenem‚
443 2327 665 2374 potuerunt,
703 2325 817 2370 atque
855 2318 969 2356 turba
1006 2317 1180 2357 conferta

1178 456 1255 476 men
1270 452 1383 484 captus

1178 499 1196 519 a
1204 488 1384 520 Messeniis.
