1546 2648
133 280 176 309 U.
187 278 224 310 C.
242 286 313 311 583.

131 323 171 352 A.
186 322 222 353 C.
241 329 312 357 169.

130 853 242 894 Inopia
256 854 302 885 la-

129 897 229 928 borat.

119 2007 221 2038 Dium
236 2016 283 2037 re-

119 2050 245 2091 linquit.

323 188 408 231 432
612 190 614 192 ’
778 187 826 216 Τ.
851 188 984 217 mvn

326 276 432 319 dens,
453 280 623 327 paratam
641 275 821 311 frumenti
850 275 998 325 copiam
1018 272 1113 319 fore,
1135 287 1180 311 eo
1199 276 1259 312 die
1284 277 1331 314 ad
1349 291 1429 315 am-

324 352 412 375 nem
431 339 585 375 nomine
599 338 728 388 Mityn
747 340 943 389 processit.
999 338 1162 375 Postero
1177 339 1429 390 dieprogres·

323 415 401 447 sus,
421 403 608 452 Agassam
626 402 772 445 urbem,
784 401 1020 439 tradentibus
1041 415 1120 439 sese
1139 404 1244 453 ipsis,
1261 405 1426 454 recepit:

324 472 375 509 et,
397 473 438 502 ut
456 465 686 516 reliquorum
709 465 966 502 Macedonum
985 467 1131 503 animos
1158 467 1230 503 sibi
1250 468 1429 504 concilia-

322 535 394 573 ret,
415 530 609 567 obsidibus
629 535 845 573 contentus,
866 531 947 566 sine
965 531 1140 580 praesidio
1161 531 1370 580 relinquere
1389 544 1429 568 se

322 594 374 629 eis
395 593 540 636 urbem,
564 594 812 642 inmunesque
838 605 881 629 ac
900 594 976 629 suis
1006 593 1152 642 legibus
1172 595 1352 638 victuros,
1373 605 1430 632 est

319 657 523 706 pollicitus.
579 656 806 705 Progressus
833 657 920 692 inde
938 657 1011 693 diei
1041 659 1126 701 iter,
1153 659 1200 695 ad
1218 660 1429 697 Ascordum

320 724 459 760 flumen
479 723 609 773 posuit
634 728 780 758 castra:
813 728 865 765 et,
885 728 1068 771 quantum
1097 724 1317 773 procederet
1344 724 1430 761 lon-

320 787 403 836 gius
425 800 447 824 a
469 786 681 830 Thessalia,
707 799 753 822 eo
782 784 965 836 majorem
992 799 1116 823 rerum
1145 788 1314 824 omnium
1344 789 1428 825 ino-

320 852 422 902 piam
441 852 622 894 sentiens,
648 862 838 899 regressus
867 850 914 886 ad
940 849 1059 887 Dium
1079 857 1158 896 est;
1191 851 1430 890 dubitatione

321 915 496 952 omnibus
517 921 679 958 exemta‚
700 914 788 964 quid
812 913 1019 950 intercluso
1047 914 1094 951 ab
1113 914 1311 952 Thessalia
1328 917 1427 966 pati-

319 979 458 1016 endum
476 979 624 1022 fuisset,
645 979 706 1015 cui
731 976 870 1028 procul,
881 977 968 1013 inde
988 977 1188 1014 abscedere
1206 984 1329 1015 tutum
1350 990 1426 1016 non

319 1048 431 1079 esset.
486 1043 659 1085 Perseus,
680 1041 884 1078 contractis
912 1041 951 1076 in
972 1052 1088 1076 unum
1114 1041 1288 1078 omnibus
1308 1043 1426 1092 copiis

319 1105 565 1154 ducibusque,
591 1106 785 1153 increpare
813 1103 1011 1153 praefectos
1041 1104 1314 1153 praesidiorum,
1340 1112 1428 1142 ante

319 1181 450 1205 omnes
467 1169 782 1218 Asclepiodotum
800 1173 914 1216 atque
929 1167 1112 1217 Hippiam
1128 1184 1135 1204 ;
1168 1167 1215 1204 ab
1234 1168 1292 1204 his
1306 1169 1429 1206 dicere

322 1233 488 1270 claustra
521 1232 761 1269 Macedoniae
792 1231 932 1268 tradita
964 1230 1150 1268 Romanis
1183 1245 1286 1269 esse:
1322 1233 1428 1283 cujus

321 1297 441 1346 culpae
461 1309 544 1333 reus
563 1309 677 1333 nemo
698 1294 856 1345 justius,
875 1308 988 1345 quam
1010 1297 1104 1346 ipse,
1123 1295 1267 1333 fuisset.
1325 1298 1429 1334 Con-

319 1361 392 1398 suli
411 1366 612 1412 postquam
638 1372 684 1396 ex
705 1359 784 1396 alto
809 1367 1014 1410 conspecta
1039 1360 1167 1397 classis
1197 1373 1299 1411 spem
1320 1361 1425 1405 fecit,

317 1438 402 1462 cum
431 1431 646 1462 commeatu
671 1436 784 1460 naves
813 1424 954 1467 venire,
984 1424 1136 1473 (ingens
1164 1426 1264 1462 enim
1288 1426 1424 1462 caritas

317 1501 479 1525 annonae
495 1501 538 1525 ac
553 1500 673 1538 prope
687 1487 818 1537 inopia
829 1488 928 1534 erat)
944 1487 992 1524 ab
1006 1488 1164 1524 invectis
1173 1486 1256 1538 jam
1272 1495 1422 1539 portum

317 1551 437 1595 audit,
457 1551 649 1587 onerarias
668 1562 781 1586 naves
803 1549 1015 1599 Magnesia»,
1040 1549 1190 1587 relictas
1210 1563 1302 1588 esse.
1357 1552 1424 1589 In·-

316 1621 421 1651 certo
440 1615 542 1658 inde,
563 1614 743 1664 quidnam
769 1614 956 1664 agendum
975 1614 1089 1658 foret,
1113 1615 1224 1663 (adeo
1250 1616 1330 1652 sine
1349 1615 1426 1652 ulla

314 1691 388 1732 ope
405 1679 526 1715 hostis
546 1692 630 1728 quae
655 1678 892 1727 adgravaret,
913 1691 999 1715 cum
1026 1679 1108 1729 ipsa
1127 1678 1347 1716 difficultate
1365 1692 1423 1716 re-

313 1754 397 1778 rum
433 1743 678 1793 pugnandum
710 1743 809 1788 erat)
845 1748 1129 1793 peropportune
1156 1742 1274 1779 literae
1308 1756 1332 1780 a
1359 1745 1423 1794 Sp.

312 1804 495 1842 Lucretio
514 1805 648 1842 adlatae
668 1812 778 1842 sunt:
812 1805 967 1842 castella
982 1818 1036 1848 se,
1049 1819 1132 1855 quae
1151 1818 1262 1855 super
1279 1806 1423 1856 Tempe

314 1875 442 1905 essent
465 1875 504 1905 et
531 1869 629 1905 circa
659 1868 811 1912 Philan,
841 1874 970 1905 tenere
999 1870 1141 1912 omnia,
1170 1869 1426 1920 frumentique

315 1932 355 1968 in
373 1932 419 1968 iis
439 1937 477 1968 et
496 1932 652 1969 aliarum
674 1933 712 1969 in
734 1945 841 1969 usum
861 1945 982 1969 rerum
1004 1934 1151 1983 copiam
1171 1933 1370 1971 invenisse.

369 1994 482 2031 VIII.
512 1995 585 2032 His
605 2005 835 2046 magnopere
850 1995 956 2032 laetus
973 1997 1105 2033 consul
1117 1997 1164 2033 ab
1179 1997 1257 2034 Dio
1271 1998 1317 2034 ad
1333 1999 1425 2035 Phi·

311 2058 375 2094 lan
394 2059 512 2103 ducit,
532 2060 643 2096 simul
664 2068 703 2096 ut
724 2060 938 2111 praesidium
958 2060 1037 2111 ejus
1054 2060 1231 2105 firmaret,
1253 2062 1363 2098 simul
1383 2069 1425 2099 ut

311 2121 424 2158 militi
444 2121 690 2165 frumentum,
712 2122 819 2173 cujus
835 2124 942 2160 tarda
959 2124 1153 2160 subvectio
1169 2132 1264 2168 erat,
1281 2125 1423 2162 divide-

311 2190 380 2221 ret.
436 2184 495 2221 Ea
521 2185 710 2234 profectio
730 2186 870 2222 famam
899 2187 1189 2236 haudquaquam
1221 2188 1421 2226 secundam

309 2246 466 2284 habuit:
498 2260 585 2284 nam
606 2249 686 2292 alii,
706 2255 810 2285 metu
829 2250 1029 2287 recessisse
1050 2263 1134 2287 eum
1154 2251 1201 2288 ab
1220 2251 1345 2295 hoste,
1365 2252 1419 2289 fe-

309 2310 457 2357 rebant,
474 2312 564 2362 quia
582 2313 754 2350 manenti
773 2313 993 2366 imperatori
1013 2315 1149 2366 proelio
1170 2315 1422 2354 dimicandum
