1546 2648
381 154 536 184 LIBER
557 153 638 181 XL.
670 150 777 180 CAP.
800 150 941 179 XLVI.
1130 147 1206 192 271

101 245 199 282 inter
226 244 400 296 prodigia
421 243 642 280 nunciatum
659 247 697 276 et
716 239 762 276 ab
782 239 918 282 Reate,
939 239 1122 289 tripedem
1140 251 1208 275 na·
1220 242 1263 273 U.
1273 241 1311 272 C.
1331 248 1404 277 573.

82 316 182 346 ‘tum
211 308 365 345 mulum.
422 307 483 343 Ob
513 319 558 342 ea
586 303 799 346 decemviri,
822 302 921 353 jussi
950 303 1051 339 adire
1075 284 1312 347 libros,A'c‘
1334 291 1407 321 ¹7⁹·

100 372 261 414 edidere,
282 371 417 420 quibus
446 370 531 406 Diis
561 375 599 404 et
623 373 717 417 quot
744 366 880 402 hostiis
911 365 1205 402 sacrificaretur·

98 441 137 470 et
155 434 205 471 ob
225 433 445 471 fulminibus
466 431 662 482 complura
689 430 774 466 loca
794 428 1007 465 deformata
1026 429 1072 465 ad
1093 429 1210 466 aedem

97 497 204 534 Jovis
225 504 266 534 ut
285 496 511 547 supplicatio
532 495 632 531 diem
652 505 769 534 unum
789 499 899 529 esset.
955 491 1056 529 Ludi
1076 492 1211 528 deinde

96 561 214 598 votivi
233 561 282 601 Q.
301 560 426 598 Fulvii
452 558 615 596 consulis
643 570 711 608 per
729 557 806 593 dies
828 557 957 593 decem
982 568 1123 605 magno
1143 556 1209 592 ad-

95 632 230 676 paratu
249 625 355 663 facti.
403 625 613 661 censorum
628 623 716 659 inde
733 622 887 660 comitia
904 621 1036 658 habita
1052 637 1059 657 :
1093 621 1210 657 creati

95 689 151 727 M.
166 689 345 726 AEmilius
373 688 540 739 Lepidus
570 685 745 736 pontifex
773 686 959 723 maximus
989 691 1027 721 et
1047 684 1105 721 M.
1117 684 1208 721 Ful-

94 754 176 790 vius
195 753 389 796 Nobilior,
410 753 474 802 qui
498 764 544 787 ex
562 750 706 787 AEtolis
734 750 1044 800 triumphaverat.
1100 749 1208 785 Inter

93 819 164 854 hos
185 819 283 854 viros
304 817 449 854 nobiles
470 815 678 852 inimicitiae
698 820 821 857 erant,
844 826 942 864 saepe
962 813 1089 849 multis
1110 819 1148 849 et
1166 814 1207 850 in

43 905 50 909 —
93 888 227 920 senatu
246 889 284 919 et
303 882 351 919 ad
378 881 560 932 populum
587 878 779 915 atrocibus
810 878 1010 915 celebratae
1031 879 1206 915 certami-

92 946 216 984 nibus.
275 947 450 983 comitiis
484 945 682 988 confectis,
715 950 757 980 ut
782 944 964 980 traditum
996 944 1204 993 antiquitus

92 1017 163 1054 est,
185 1023 358 1048 censores
386 1012 425 1047 in
445 1011 591 1061 Campo
612 1009 659 1046 ad
685 1022 789 1046 aram
808 1008 946 1045 Martis
977 1008 1076 1045 sellis
1094 1021 1204 1044 curu-

92 1075 190 1112 libus
225 1075 478 1112 consederunt
490 1092 501 1122 3
535 1088 610 1125 quo
642 1081 798 1125 repente
831 1075 1019 1125 principes
1052 1081 1205 1110 senato-

91 1152 174 1176 rum
195 1153 280 1176 cum
305 1141 455 1188 agmine
480 1146 665 1176 venerunt
694 1140 882 1176 civitatis:
915 1140 1014 1176 inter
1040 1151 1134 1189 quos
1154 1139 1203 1178 Q.

91 1202 266 1240 Caecilius
286 1203 466 1241 Metellus
485 1203 600 1240 verba
617 1202 721 1240 fecit.

141 1266 290 1303 XLVI.
320 1268 404 1304 Non
424 1268 523 1303 obliti
551 1279 684 1310 sum-us,
702 1278 870 1309 censores,
891 1278 951 1302 vos
971 1267 1100 1315 paullo
1118 1271 1203 1303 ante
1214 1271 1339 1321 Metelli

89 1329 133 1367 ab
150 1332 312 1367 universo
327 1332 464 1380 populo
484 1331 650 1367 Romano
670 1331 826 1367 moribus
851 1333 980 1367 nostris
996 1332 1205 1379 praepositos
1213 1317 1370 1392 ἓέἷὲἓῐὲἓ

88 1406 158 1432 esse
170 1411 182 1432 :
211 1400 245 1431 et
261 1407 325 1432 nos
343 1408 367 1432 a
383 1396 477 1432 vobis
496 1400 532 1432 et
546 1397 745 1438 admoneri,
766 1399 800 1431 et
818 1396 906 1443 regi,
930 1407 999 1430 non
1017 1407 1078 1431 vos
1096 1407 1120 1431 a
1136 1408 1202 1431 no-

0 1458 1 1478 ³
35 1502 38 1504 v
87 1459 138 1495 bis
173 1459 322 1497 debere:
357 1461 590 1496 indicandum
615 1464 743 1509 >tamen
778 1463 843 1502 est,
878 1460 965 1508 quid
998 1471 1117 1495 omnes
1144 1460 1203 1497 bo-

87 1535 151 1559 nos
168 1524 205 1559 in
230 1523 323 1560 vobis
348 1529 414 1560 aut
431 1522 614 1572 obfendat,
645 1528 710 1559 aut
738 1527 831 1558 certe
858 1527 1037 1559 mutatum.
1061 1524 1201 1560 malint.

88 1586 258 1634 Singulos
273 1600 381 1635 quum
393 1590 584 1631 intuemur,
596 1588 653 1624 M.
666 1588 812 1630 ἈἘήιὶἰὶ,
829 1588 884 1623 M.
897 1588 1013 1630 Fulvi,
1027 1590 1203 1624 neminem

89 1651 193 1688 hodie
207 1653 242 1687 in
262 1653 407 1688 civitate
425 1652 604 1694 habemus,
621 1664 737 1700 quem,
754 1653 784 1686 si
801 1663 1002 1687 revocemur
1017 1653 1054 1687 in
1067 1653 1200 1701 suffra·

84 1716 199 1762 giam,
219 1716 366 1752 velimus
389 1716 484 1752 vobis
498 1717 692 1764 praelatum
717 1727 811 1751 esse:
839 1715 942 1750 ambo
961 1728 1069 1763 quum
1093 1717 1202 1752 simul
1242 1715 1247 1719 ”

86 1781 314 1828 adspicimus,
335 1793 407 1817 non
429 1792 613 1829 possumus
638 1792 708 1816 non
726 1781 853 1823 vereri,
872 1792 917 1816 ne
941 1781 1036 1816 male
1054 1793 1199 1828 compa-

84 1846 159 1880 rati
182 1846 272 1888 sitis,
293 1857 356 1881 nec
386 1850 525 1882 tantum
552 1844 752 1893 reipublicae
765 1845 894 1892 prosit,
916 1845 1012 1892 quod
1040 1845 1200 1881 omnibus

84 1907 181 1944 nobis
198 1910 335 1956 egregie
348 1909 516 1957 placetis,
537 1920 657 1956 quam,
680 1908 774 1956 quod
793 1909 886 1944 alter
903 1908 1011 1943 alteri
1029 1908 1196 1956 displice-

85 1964 142 2014 tis,
165 1978 303 2009 noceat.
360 1973 576 2009 Inimicitias
601 1984 668 2021 per
695 1984 807 2008 annos
833 1973 966 2008 multos
989 1973 1082 2008 vobis
1109 1975 1196 2021 ipsis

80 2047 207 2083 graves
223 2042 259 2073 et
275 2042 414 2073 atroces
429 2039 579 2085 geritis:
608 2049 686 2085 quae
705 2037 908 2085 periculum
933 2041 986 2073 est
1002 2049 1046 2072 ne
1067 2049 1110 2073 ex
1127 2037 1196 2075 hae

82 2100 141 2134 die
163 2099 260 2136 nobis
291 2105 326 2136 et
357 2101 572 2149 reipublicoe,
603 2112 712 2148 quam
740 2100 847 2143 vobis,
873 2102 1058 2148 graviores
1080 2101 1193 2150 fiant.

83 2162 146 2198 De
161 2163 283 2210 quibus
298 2165 428 2200 caussis
442 2164 507 2200 hoc
526 2166 723 2206 timeamus,
743 2163 860 2200 multa
876 2164 1100 2208 subcurrunt,
1116 2177 1194 2213 quae
1228 2184 1231 2186 >

82 2226 283 2262 dicerentur
293 2244 305 2270 ,-
333 2230 400 2264 nisi
408 2228 514 2277 forte
532 2228 763 2276 inplacabiles
780 2233 904 2265 vestrae
917 2231 979 2265 iroe
996 2230 1192 2278 inplicave-

79 2292 154 2327 rint
173 2294 312 2329 animos
334 2297 475 2331 vestros.
530 2294 611 2330 Has
627 2298 669 2329 ut
693 2293 811 2337 hodie,
830 2299 871 2331 ut
896 2296 933 2331 in
952 2295 1019 2331 isto
1046 2294 1190 2343 templo,

589 2353 674 2393 N4
