1546 2648
90 274 134 305 U.
149 273 186 307 C.
205 280 278 306 584.

90 319 129 348 A.
145 317 181 348 C.
206 323 278 349 168.

78 1558 187 1598 Legati

76 1600 242 1633 Antiochi.

77 1934 253 1967 Ptolemaei.

288 177 375 224 494
573 179 576 182 ·
740 174 786 206 Τ.
821 177 954 207 mvn

290 269 362 305 cho
397 267 589 319 AEgyptus
620 265 778 303 habenti
808 266 906 317 jam,
941 266 1202 316 redditumque
1234 267 1399 318 patrium

289 345 446 383 regnum
464 332 572 382 stirpi
591 331 788 368 Ptolemaei
805 331 940 368 fuerat.
972 331 1180 368 Consulum
1197 331 1277 382 ejus
1294 332 1398 375 anni,

290 398 387 434 sicut
407 396 559 433 alterius
587 395 708 432 clarus
739 395 957 432 consulatus
986 395 1127 444 insigni
1157 396 1329 438 victoria,
1346 396 1401 431 ita

289 461 444 498 alterius
461 460 623 497 obscura
636 460 752 503 fama,
769 461 856 509 quia
872 460 1067 496 materiam
1083 471 1140 496 res
1157 459 1310 509 gerendi
1322 471 1404 495 non

288 525 435 562 habuit.
491 524 579 561 Jam
608 526 770 576 primum
800 538 916 573 quum
946 524 1159 572 legionibus
1188 525 1235 560 ad
1264 536 1403 560 conve-

289 590 470 627 niendum
499 589 598 625 diem
628 589 736 631 dixit,
758 600 835 623 non
866 588 1062 637 auspicato
1082 587 1263 637 templum
1284 588 1403 624 intra-

289 654 371 690 vit:
403 654 497 689 vitio
528 653 627 689 diem
654 653 791 689 dictam
822 664 902 688 esse
931 664 1106 700 augures,
1127 664 1240 700 quum
1265 652 1310 688 ad
1338 664 1403 687 eos

289 717 451 754 relatum
471 723 542 760 est,
563 716 823 752 decreverunt.
872 715 1073 751 Profectus
1093 716 1131 750 in
1153 714 1315 751 Galliam
1333 716 1406 751 cir-

292 790 335 817 ca
352 780 508 817 Macros
535 792 689 830 campos
714 779 759 816 ad
790 786 937 815 montes
972 779 1191 815 Siciminam
1222 786 1261 814 et
1291 779 1406 829 Papi-

289 855 382 882 num
411 845 549 881 stativa
566 844 728 880 habuit:
761 839 902 880 deinde
920 844 1018 880 circa
1049 844 1177 880 eadem
1206 843 1290 880 loca
1319 857 1406 881 cum

292 909 403 945 sociis
420 908 584 944 nominis
601 907 732 944 Latini
748 907 995 944 hibernabat:
1019 908 1187 957 legiones
1199 906 1402 950 Romarm,

290 973 392 1022 quod
411 973 505 1009 vitio
531 973 608 1009 dies
636 972 818 1009 exercitui
847 973 894 1008 ad
920 973 1219 1009 conveniendum
1245 972 1345 1009 dicta
1365 984 1405 1009 e-

289 1043 363 1079 rat,
384 1036 520 1072 Romae
541 1042 771 1073 manserant.
828 1036 881 1072 Et
900 1043 1095 1086 praetoreS,
1117 1043 1253 1086 praeter
1269 1037 1313 1073 C.
1330 1037 1405 1074 Pa-

289 1100 427 1150 pirium
454 1100 686 1144 Carbonem,
708 1101 769 1138 cui
790 1101 962 1137 Sardinia
982 1108 1172 1144 evenerat,
1193 1102 1232 1137 in
1251 1102 1406 1151 provin-

291 1168 367 1204 cias
387 1168 486 1203 iere:
519 1179 604 1203 eum
618 1166 683 1217 jus
704 1167 829 1203 dicere
858 1166 993 1203 Romae
1018 1169 1124 1213 (nam
1154 1179 1238 1203 eam
1256 1180 1407 1216 quoqne

292 1237 432 1268 sortem
465 1230 651 1277 habebat)
687 1232 787 1268 inter
816 1231 916 1267 cives
951 1237 990 1268 et
1023 1232 1242 1282 peregrinos
1274 1232 1406 1269 Patres

293 1301 532 1332 censuerant.

345 1358 465 1396 XIll.
493 1359 548 1396 Et
580 1358 766 1409 Popillius
787 1366 826 1396 et
855 1372 899 1396 ea
928 1359 1085 1409 legatio,
1112 1373 1195 1412 quae
1225 1360 1338 1397 missa
1361 1360 1408 1397 ad

291 1422 528 1458 Antiochum
548 1428 642 1464 erat,
664 1422 830 1459 Romam
851 1423 989 1469 rediit,
1022 1423 1165 1466 retulit,
1187 1430 1408 1460 controver-

295 1486 368 1522 sias
394 1480 620 1536 interreges
650 1486 818 1524 sublatas
847 1500 941 1531 esse,
966 1489 1248 1537 exercitumque
1270 1501 1317 1524 ex
1336 1488 1409 1525 [Ε-

297 1557 415 1601 gypto
444 1552 484 1587 in
515 1551 662 1601 Syriam
690 1551 901 1588 reductum.
958 1551 1052 1588 Post
1080 1552 1248 1601 ipsorum
1277 1564 1410 1601 regum

296 1614 413 1663 legati
439 1621 645 1651 venerunt:
678 1615 863 1651 Antiochi
892 1615 1022 1665 legati,
1055 1615 1273 1659 referentes,
1306 1617 1413 1653 Omni

294 1680 449 1716 victoria
476 1681 650 1727 potiorem
671 1691 801 1728 pacem
829 1682 920 1728 regi,
942 1693 1020 1729 quae
1042 1683 1186 1718 senatui
1204 1682 1410 1730 placuisset,

295 1744 437 1780 visam:
465 1755 616 1793 eumque
644 1744 742 1781 haud
776 1757 887 1788 secus,
919 1758 1027 1794 quam
1056 1747 1220 1782 Deorum
1248 1747 1409 1794 imperio,

297 1807 496 1855 legatorum
515 1808 765 1845 Romanorum
775 1808 888 1855 jussis
902 1812 1076 1858 paruisse.
1134 1809 1324 1846 Gratulati
1344 1810 1408 1847 ‹ie-

294 1872 383 1908 inde
403 1873 602 1909 victoriam
622 1881 726 1915 sunt,
742 1876 790 1910 ad
808 1886 915 1923 quam
935 1887 1073 1910 summa
1093 1886 1170 1922 ope,
1191 1875 1219 1910 si
1238 1876 1324 1922 quid
1343 1876 1409 1911 im-

291 1941 462 1985 peratum
476 1926 478 1928 ’
483 1935 604 1986 foret,
638 1936 852 1986 adfuturum
886 1949 1003 1985 regem
1026 1937 1156 1987 fuisse.
1213 1937 1410 1974 Ptolemaei

294 2000 425 2050 legati,
447 2003 640 2038 communi
660 2002 815 2038 nomine
838 2003 937 2051 regis
958 2010 996 2038 et
1017 2002 1246 2052 Cleopatrae,
1267 2003 1407 2050 gratias

294 2070 469 2112 egerunt,
492 2065 584 2102 Plus
612 2078 669 2102 eos
695 2068 838 2102 senatui
865 2067 1068 2114 populoque
1096 2065 1273 2108 Romam,
1304 2078 1411 2114 quam

290 2129 501 2176 parentibus
517 2131 602 2172 suis,
626 2131 721 2177 plus,
743 2143 849 2178 quam
869 2131 958 2166 Diis
976 2130 1238 2173 inmortalibus,
1261 2131 1385 2167 debere
1399 2147 1412 2168 .-

291 2205 359 2241 per
387 2205 473 2241 quos
505 2194 684 2231 obsidione
709 2197 909 2232 miserrima
940 2196 1080 2232 liberati
1108 2200 1234 2239 essent,
1264 2208 1412 2244 regnum

291 2259 456 2305 patrium
485 2271 598 2308 prope
617 2261 783 2297 antissam
813 2256 1033 2309 recepissent.
1090 2259 1333 2310 Responsum
1363 2260 1410 2297 ab

299 2329 431 2359 senatu
468 2330 550 2360 est:
602 2326 817 2363 Antiochum
849 2332 945 2363 recte
977 2331 1084 2375 atque
1120 2327 1245 2363 ordine
1264 2324 1410 2374 fecisse,
