<?xml version="1.0" encoding="UTF-8"?>
<!DOCTYPE html PUBLIC "-//W3C//DTD XHTML 1.0 Transitional//EN"
    "http://www.w3.org/TR/xhtml1/DTD/xhtml1-transitional.dtd">
<html xmlns="http://www.w3.org/1999/xhtml" xml:lang="en" lang="en">
 <head>
  <title>
</title>
<meta http-equiv="Content-Type" content="text/html;charset=utf-8" />
  <meta name='ocr-system' content='tesseract 3.04.00' />
  <meta name='ocr-capabilities' content='ocr_page ocr_carea ocr_par ocr_line ocrx_word'/>
</head>
<body>
  <div class='ocr_page' id='page_1' title='image "./historiarumquaes04livyuoft/historiarumquaes04livyuoft_0090.png"; bbox 0 0 1546 2648; ppageno 0'>
   <div class='ocr_carea' id='block_1_1' title="bbox 302 170 958 215">
    <p class='ocr_par' dir='ltr' id='par_1_1' title="bbox 302 170 958 215">
     <span class='ocr_line' id='line_1_1' title="bbox 302 170 958 215; baseline 0.003 -3"><span class='ocrx_word' id='word_1_1' title='bbox 302 170 357 212; x_wconf 72' lang='lat'>80</span> <span class='ocrx_word' id='word_1_2' title='bbox 433 192 438 200; x_wconf 44' lang='grc' dir='ltr'>ι</span> <span class='ocrx_word' id='word_1_3' title='bbox 759 185 803 213; x_wconf 78' lang='lat' dir='ltr'>&#39;J&#39;-</span> <span class='ocrx_word' id='word_1_4' title='bbox 827 185 958 215; x_wconf 74' lang='lat' dir='ltr'>mvn</span> 
     </span>
    </p>
   </div>
   <div class='ocr_carea' id='block_1_2' title="bbox 105 271 1410 324">
    <p class='ocr_par' dir='ltr' id='par_1_2' title="bbox 105 271 1410 324">
     <span class='ocr_line' id='line_1_2' title="bbox 105 271 1410 324; baseline 0.007 -20"><span class='ocrx_word' id='word_1_5' title='bbox 105 274 196 305; x_wconf 88' lang='lat' dir='ltr'><strong>U.C.</strong></span> <span class='ocrx_word' id='word_1_6' title='bbox 214 281 287 307; x_wconf 80' lang='lat'><strong>563.</strong></span> <span class='ocrx_word' id='word_1_7' title='bbox 301 273 340 308; x_wconf 89' lang='lat' dir='ltr'>in</span> <span class='ocrx_word' id='word_1_8' title='bbox 355 271 420 323; x_wconf 85' lang='lat' dir='ltr'>jus</span> <span class='ocrx_word' id='word_1_9' title='bbox 441 272 697 322; x_wconf 73' lang='lat' dir='ltr'>ditionemque</span> <span class='ocrx_word' id='word_1_10' title='bbox 719 279 838 310; x_wconf 81' lang='lat' dir='ltr'>totam</span> <span class='ocrx_word' id='word_1_11' title='bbox 858 275 1082 323; x_wconf 77' lang='lat' dir='ltr'>redegerunt</span> <span class='ocrx_word' id='word_1_12' title='bbox 1103 282 1269 324; x_wconf 86' lang='lat' dir='ltr'><strong>gentem.</strong></span> <span class='ocrx_word' id='word_1_13' title='bbox 1317 276 1410 313; x_wconf 87' lang='lat' dir='ltr'>Am-</span> 
     </span>
    </p>
   </div>
   <div class='ocr_carea' id='block_1_3' title="bbox 102 318 287 353">
    <p class='ocr_par' dir='ltr' id='par_1_3' title="bbox 102 318 287 353">
     <span class='ocr_line' id='line_1_3' title="bbox 102 318 287 353; baseline 0.005 -5"><span class='ocrx_word' id='word_1_14' title='bbox 102 319 142 349; x_wconf 76' lang='lat' dir='ltr'>A.</span> <span class='ocrx_word' id='word_1_15' title='bbox 159 318 195 349; x_wconf 83' lang='lat' dir='ltr'>C.</span> <span class='ocrx_word' id='word_1_16' title='bbox 215 327 227 350; x_wconf 81' lang='lat'>1</span> <span class='ocrx_word' id='word_1_17' title='bbox 237 326 287 353; x_wconf 81' lang='lat'>89.</span> 
     </span>
    </p>
   </div>
   <div class='ocr_carea' id='block_1_4' title="bbox 93 1630 227 1668">
    <p class='ocr_par' dir='ltr' id='par_1_4' title="bbox 93 1630 227 1668">
     <span class='ocr_line' id='line_1_4' title="bbox 93 1630 227 1668; baseline -0.022 0"><span class='ocrx_word' id='word_1_18' title='bbox 93 1630 227 1668; x_wconf 67' lang='lat' dir='ltr'>Fulvius</span> 
     </span>
    </p>
   </div>
   <div class='ocr_carea' id='block_1_5' title="bbox 90 1679 248 1724">
    <p class='ocr_par' dir='ltr' id='par_1_5' title="bbox 90 1679 248 1724">
     <span class='ocr_line' id='line_1_5' title="bbox 90 1679 248 1724; baseline -0.006 -13"><span class='ocrx_word' id='word_1_19' title='bbox 90 1679 127 1714; x_wconf 63' lang='lat' dir='ltr'>{n</span> <span class='ocrx_word' id='word_1_20' title='bbox 142 1680 248 1724; x_wconf 83' lang='lat' dir='ltr'><strong>Epiro.</strong></span> 
     </span>
    </p>
   </div>
   <div class='ocr_carea' id='block_1_6' title="bbox 279 337 1412 2384">
    <p class='ocr_par' dir='ltr' id='par_1_6' title="bbox 279 337 1412 2384">
     <span class='ocr_line' id='line_1_6' title="bbox 299 337 1412 388; baseline 0.004 -15"><span class='ocrx_word' id='word_1_21' title='bbox 299 337 494 387; x_wconf 83' lang='lat' dir='ltr'>philochia</span> <span class='ocrx_word' id='word_1_22' title='bbox 529 344 694 387; x_wconf 82' lang='lat' dir='ltr'>recepta,</span> <span class='ocrx_word' id='word_1_23' title='bbox 732 340 836 385; x_wconf 89' lang='lat' dir='ltr'>(nam</span> <span class='ocrx_word' id='word_1_24' title='bbox 873 338 997 375; x_wconf 85' lang='lat' dir='ltr'>fuerat</span> <span class='ocrx_word' id='word_1_25' title='bbox 1035 340 1225 388; x_wconf 86' lang='lat' dir='ltr'>quondam</span> <span class='ocrx_word' id='word_1_26' title='bbox 1255 340 1412 378; x_wconf 85' lang='lat' dir='ltr'>AEtolo-</span> 
     </span>
     <span class='ocr_line' id='line_1_7' title="bbox 297 400 1411 450; baseline 0.004 -15"><span class='ocrx_word' id='word_1_27' title='bbox 297 400 398 447; x_wconf 87' lang='lat' dir='ltr'>rum)</span> <span class='ocrx_word' id='word_1_28' title='bbox 421 400 549 436; x_wconf 85' lang='lat' dir='ltr'>eadem</span> <span class='ocrx_word' id='word_1_29' title='bbox 576 413 641 450; x_wconf 83' lang='lat' dir='ltr'>spe</span> <span class='ocrx_word' id='word_1_30' title='bbox 665 401 703 436; x_wconf 88' lang='lat' dir='ltr'>in</span> <span class='ocrx_word' id='word_1_31' title='bbox 723 401 970 449; x_wconf 81' lang='lat' dir='ltr'>Aperantiam</span> <span class='ocrx_word' id='word_1_32' title='bbox 995 403 1333 438; x_wconf 84' lang='lat' dir='ltr'>transcenderunt:</span> <span class='ocrx_word' id='word_1_33' title='bbox 1365 415 1411 439; x_wconf 81' lang='lat' dir='ltr'>ea</span> 
     </span>
     <span class='ocr_line' id='line_1_8' title="bbox 296 466 1412 519; baseline 0 -17"><span class='ocrx_word' id='word_1_34' title='bbox 296 479 446 516; x_wconf 85' lang='lat' dir='ltr'>quoque</span> <span class='ocrx_word' id='word_1_35' title='bbox 466 478 604 515; x_wconf 85' lang='lat' dir='ltr'>magna</span> <span class='ocrx_word' id='word_1_36' title='bbox 625 479 671 502; x_wconf 87' lang='lat' dir='ltr'>ex</span> <span class='ocrx_word' id='word_1_37' title='bbox 700 474 806 516; x_wconf 83' lang='lat' dir='ltr'>parte</span> <span class='ocrx_word' id='word_1_38' title='bbox 836 467 1150 519; x_wconf 33' lang='lat' dir='ltr'>sine-certamine</span> <span class='ocrx_word' id='word_1_39' title='bbox 1178 467 1217 502; x_wconf 86' lang='lat' dir='ltr'>in</span> <span class='ocrx_word' id='word_1_40' title='bbox 1247 466 1412 503; x_wconf 85' lang='lat' dir='ltr'>deditio-</span> 
     </span>
     <span class='ocr_line' id='line_1_9' title="bbox 293 529 1404 579; baseline 0 -13"><span class='ocrx_word' id='word_1_41' title='bbox 293 542 380 566; x_wconf 84' lang='lat' dir='ltr'>nem</span> <span class='ocrx_word' id='word_1_42' title='bbox 402 531 514 566; x_wconf 86' lang='lat' dir='ltr'>venit.</span> <span class='ocrx_word' id='word_1_43' title='bbox 572 529 742 578; x_wconf 81' lang='lat' dir='ltr'><strong>Dolopes</strong></span> <span class='ocrx_word' id='word_1_44' title='bbox 763 542 970 579; x_wconf 84' lang='lat' dir='ltr'><strong>numquam</strong></span> <span class='ocrx_word' id='word_1_45' title='bbox 988 529 1207 566; x_wconf 85' lang='lat' dir='ltr'>AEtolorum</span> <span class='ocrx_word' id='word_1_46' title='bbox 1226 529 1404 576; x_wconf 69' lang='lat' dir='ltr'>fuerant,</span> 
     </span>
     <span class='ocr_line' id='line_1_10' title="bbox 291 593 1404 643; baseline -0.001 -13"><span class='ocrx_word' id='word_1_47' title='bbox 291 594 460 643; x_wconf 87' lang='lat' dir='ltr'>Philippi</span> <span class='ocrx_word' id='word_1_48' title='bbox 480 599 613 630; x_wconf 85' lang='lat' dir='ltr'>erant:</span> <span class='ocrx_word' id='word_1_49' title='bbox 646 593 685 628; x_wconf 92' lang='lat' dir='ltr'>hi</span> <span class='ocrx_word' id='word_1_50' title='bbox 714 594 875 642; x_wconf 84' lang='lat' dir='ltr'>primum</span> <span class='ocrx_word' id='word_1_51' title='bbox 902 593 947 629; x_wconf 89' lang='lat' dir='ltr'>ad</span> <span class='ocrx_word' id='word_1_52' title='bbox 975 606 1079 630; x_wconf 85' lang='lat' dir='ltr'>arma</span> <span class='ocrx_word' id='word_1_53' title='bbox 1106 599 1404 630; x_wconf 82' lang='lat' dir='ltr'>concurrerunt:</span> 
     </span>
     <span class='ocr_line' id='line_1_11' title="bbox 293 656 1406 706; baseline -0.001 -12"><span class='ocrx_word' id='word_1_54' title='bbox 293 664 474 700; x_wconf 83' lang='lat' dir='ltr'>ceterum,</span> <span class='ocrx_word' id='word_1_55' title='bbox 505 663 704 706; x_wconf 73' lang='lat' dir='ltr'>postquam</span> <span class='ocrx_word' id='word_1_56' title='bbox 729 656 1004 706; x_wconf 78' lang='lat' dir='ltr'>Amphilochos</span> <span class='ocrx_word' id='word_1_57' title='bbox 1034 670 1119 693; x_wconf 88' lang='lat' dir='ltr'>cum</span> <span class='ocrx_word' id='word_1_58' title='bbox 1138 657 1281 693; x_wconf 79' lang='lat' dir='ltr'>AEtolis</span> <span class='ocrx_word' id='word_1_59' title='bbox 1311 669 1406 700; x_wconf 89' lang='lat' dir='ltr'>esse,</span> 
     </span>
     <span class='ocr_line' id='line_1_12' title="bbox 290 719 1409 770; baseline -0.002 -12"><span class='ocrx_word' id='word_1_60' title='bbox 290 721 496 770; x_wconf 82' lang='lat' dir='ltr'>fugamque</span> <span class='ocrx_word' id='word_1_61' title='bbox 523 733 568 756; x_wconf 88' lang='lat' dir='ltr'>ex</span> <span class='ocrx_word' id='word_1_62' title='bbox 591 720 822 756; x_wconf 83' lang='lat' dir='ltr'>Athamania</span> <span class='ocrx_word' id='word_1_63' title='bbox 846 719 1026 769; x_wconf 81' lang='lat' dir='ltr'>Philippi,</span> <span class='ocrx_word' id='word_1_64' title='bbox 1048 725 1085 755; x_wconf 90' lang='lat' dir='ltr'>et</span> <span class='ocrx_word' id='word_1_65' title='bbox 1114 719 1252 756; x_wconf 86' lang='lat' dir='ltr'>caedem</span> <span class='ocrx_word' id='word_1_66' title='bbox 1279 720 1409 770; x_wconf 85' lang='lat' dir='ltr'>praesi-</span> 
     </span>
     <span class='ocr_line' id='line_1_13' title="bbox 290 783 1407 836; baseline -0.002 -14"><span class='ocrx_word' id='word_1_67' title='bbox 290 787 341 823; x_wconf 87' lang='lat' dir='ltr'>dii</span> <span class='ocrx_word' id='word_1_68' title='bbox 361 784 440 836; x_wconf 88' lang='lat' dir='ltr'>ejus</span> <span class='ocrx_word' id='word_1_69' title='bbox 464 797 656 834; x_wconf 84' lang='lat' dir='ltr'>accepere,</span> <span class='ocrx_word' id='word_1_70' title='bbox 677 790 715 819; x_wconf 92' lang='lat' dir='ltr'>et</span> <span class='ocrx_word' id='word_1_71' title='bbox 743 784 814 833; x_wconf 87' lang='lat' dir='ltr'>ipsi</span> <span class='ocrx_word' id='word_1_72' title='bbox 843 797 864 820; x_wconf 87' lang='lat' dir='ltr'>a</span> <span class='ocrx_word' id='word_1_73' title='bbox 891 783 1070 833; x_wconf 83' lang='lat' dir='ltr'>Philippo</span> <span class='ocrx_word' id='word_1_74' title='bbox 1096 783 1142 819; x_wconf 82' lang='lat' dir='ltr'>ad</span> <span class='ocrx_word' id='word_1_75' title='bbox 1161 783 1315 820; x_wconf 84' lang='lat' dir='ltr'>AEtolos</span> <span class='ocrx_word' id='word_1_76' title='bbox 1342 783 1407 820; x_wconf 88' lang='lat' dir='ltr'>de-</span> 
     </span>
     <span class='ocr_line' id='line_1_14' title="bbox 289 845 1406 897; baseline -0.001 -11"><span class='ocrx_word' id='word_1_77' title='bbox 289 850 436 886; x_wconf 82' lang='lat' dir='ltr'>ficiunt.</span> <span class='ocrx_word' id='word_1_78' title='bbox 491 848 640 888; x_wconf 83' lang='lat' dir='ltr'>Quibus</span> <span class='ocrx_word' id='word_1_79' title='bbox 662 846 912 897; x_wconf 81' lang='lat' dir='ltr'>circumjectis</span> <span class='ocrx_word' id='word_1_80' title='bbox 940 847 1117 895; x_wconf 83' lang='lat' dir='ltr'>gentibus</span> <span class='ocrx_word' id='word_1_81' title='bbox 1138 845 1221 896; x_wconf 85' lang='lat' dir='ltr'>jam</span> <span class='ocrx_word' id='word_1_82' title='bbox 1241 847 1406 896; x_wconf 72' lang='lat' dir='ltr'>undique</span> 
     </span>
     <span class='ocr_line' id='line_1_15' title="bbox 290 911 1404 954; baseline -0.002 -3"><span class='ocrx_word' id='word_1_83' title='bbox 290 927 329 951; x_wconf 72' lang='lat' dir='ltr'>se</span> <span class='ocrx_word' id='word_1_84' title='bbox 359 924 381 950; x_wconf 88' lang='lat' dir='ltr'>a</span> <span class='ocrx_word' id='word_1_85' title='bbox 415 912 693 950; x_wconf 83' lang='lat' dir='ltr'>Macedonibus</span> <span class='ocrx_word' id='word_1_86' title='bbox 728 918 831 948; x_wconf 83' lang='lat' dir='ltr'>tutos</span> <span class='ocrx_word' id='word_1_87' title='bbox 866 911 1105 948; x_wconf 86' lang='lat' dir='ltr'>credentibus</span> <span class='ocrx_word' id='word_1_88' title='bbox 1135 923 1229 954; x_wconf 87' lang='lat' dir='ltr'>esse,</span> <span class='ocrx_word' id='word_1_89' title='bbox 1259 911 1404 950; x_wconf 73' lang='lat' dir='ltr'>AEtolis</span> 
     </span>
     <span class='ocr_line' id='line_1_16' title="bbox 289 976 1404 1021; baseline -0.003 -4"><span class='ocrx_word' id='word_1_90' title='bbox 289 980 392 1017; x_wconf 86' lang='lat' dir='ltr'>fama</span> <span class='ocrx_word' id='word_1_91' title='bbox 419 978 599 1021; x_wconf 80' lang='lat' dir='ltr'>adfertur,</span> <span class='ocrx_word' id='word_1_92' title='bbox 630 978 865 1014; x_wconf 79' lang='lat' dir='ltr'>Antiochum</span> <span class='ocrx_word' id='word_1_93' title='bbox 895 978 933 1013; x_wconf 88' lang='lat' dir='ltr'>in</span> <span class='ocrx_word' id='word_1_94' title='bbox 948 978 1045 1013; x_wconf 85' lang='lat' dir='ltr'>Asia</span> <span class='ocrx_word' id='word_1_95' title='bbox 1073 978 1214 1013; x_wconf 77' lang='lat' dir='ltr'>victum</span> <span class='ocrx_word' id='word_1_96' title='bbox 1244 976 1291 1014; x_wconf 86' lang='lat' dir='ltr'>ab</span> <span class='ocrx_word' id='word_1_97' title='bbox 1320 976 1404 1014; x_wconf 87' lang='lat' dir='ltr'>Ro-</span> 
     </span>
     <span class='ocr_line' id='line_1_17' title="bbox 289 1040 1405 1091; baseline -0.002 -11"><span class='ocrx_word' id='word_1_98' title='bbox 289 1043 438 1081; x_wconf 85' lang='lat' dir='ltr'>manis:</span> <span class='ocrx_word' id='word_1_99' title='bbox 470 1055 540 1079; x_wconf 87' lang='lat' dir='ltr'>nec</span> <span class='ocrx_word' id='word_1_100' title='bbox 569 1043 623 1078; x_wconf 86' lang='lat' dir='ltr'>ita</span> <span class='ocrx_word' id='word_1_101' title='bbox 648 1041 768 1078; x_wconf 86' lang='lat' dir='ltr'>multo</span> <span class='ocrx_word' id='word_1_102' title='bbox 794 1047 881 1091; x_wconf 87' lang='lat' dir='ltr'>post</span> <span class='ocrx_word' id='word_1_103' title='bbox 910 1041 1025 1090; x_wconf 84' lang='lat' dir='ltr'>legati</span> <span class='ocrx_word' id='word_1_104' title='bbox 1049 1041 1095 1077; x_wconf 88' lang='lat' dir='ltr'>ab</span> <span class='ocrx_word' id='word_1_105' title='bbox 1115 1040 1244 1078; x_wconf 86' lang='lat' dir='ltr'>Roma</span> <span class='ocrx_word' id='word_1_106' title='bbox 1261 1041 1405 1078; x_wconf 72' lang='lat' dir='ltr'>rediere</span> 
     </span>
     <span class='ocr_line' id='line_1_18' title="bbox 289 1104 1404 1158; baseline -0.003 -14"><span class='ocrx_word' id='word_1_107' title='bbox 289 1108 371 1144; x_wconf 75' lang='lat' dir='ltr'>sine</span> <span class='ocrx_word' id='word_1_108' title='bbox 406 1120 473 1158; x_wconf 91' lang='lat' dir='ltr'>spe</span> <span class='ocrx_word' id='word_1_109' title='bbox 508 1106 626 1157; x_wconf 85' lang='lat' dir='ltr'>pacis,</span> <span class='ocrx_word' id='word_1_110' title='bbox 665 1104 913 1154; x_wconf 86' lang='lat' dir='ltr'>Fulviumque</span> <span class='ocrx_word' id='word_1_111' title='bbox 950 1105 1142 1142; x_wconf 87' lang='lat' dir='ltr'>consulem</span> <span class='ocrx_word' id='word_1_112' title='bbox 1180 1105 1404 1141; x_wconf 81' lang='lat' dir='ltr'>nunciantes</span> 
     </span>
     <span class='ocr_line' id='line_1_19' title="bbox 281 1169 1404 1223; baseline -0.003 -14"><span class='ocrx_word' id='word_1_113' title='bbox 281 1171 367 1223; x_wconf 84' lang='lat' dir='ltr'>jam</span> <span class='ocrx_word' id='word_1_114' title='bbox 391 1185 477 1208; x_wconf 91' lang='lat' dir='ltr'>cum</span> <span class='ocrx_word' id='word_1_115' title='bbox 500 1171 667 1207; x_wconf 80' lang='lat' dir='ltr'>exercitu</span> <span class='ocrx_word' id='word_1_116' title='bbox 696 1169 902 1219; x_wconf 78' lang='lat' dir='ltr'>trajecisse.</span> <span class='ocrx_word' id='word_1_117' title='bbox 959 1169 1032 1206; x_wconf 87' lang='lat' dir='ltr'>His</span> <span class='ocrx_word' id='word_1_118' title='bbox 1059 1169 1195 1214; x_wconf 86' lang='lat' dir='ltr'>territi,</span> <span class='ocrx_word' id='word_1_119' title='bbox 1223 1169 1325 1219; x_wconf 87' lang='lat' dir='ltr'>prius</span> <span class='ocrx_word' id='word_1_120' title='bbox 1355 1169 1404 1206; x_wconf 86' lang='lat' dir='ltr'>ab</span> 
     </span>
     <span class='ocr_line' id='line_1_20' title="bbox 287 1234 1404 1284; baseline -0.004 -10"><span class='ocrx_word' id='word_1_121' title='bbox 287 1237 430 1274; x_wconf 80' lang='lat' dir='ltr'>Rhodo</span> <span class='ocrx_word' id='word_1_122' title='bbox 460 1243 497 1273; x_wconf 92' lang='lat' dir='ltr'>et</span> <span class='ocrx_word' id='word_1_123' title='bbox 516 1236 677 1272; x_wconf 88' lang='lat' dir='ltr'>Athenis</span> <span class='ocrx_word' id='word_1_124' title='bbox 704 1234 959 1283; x_wconf 78' lang='lat' dir='ltr'>legationibus</span> <span class='ocrx_word' id='word_1_125' title='bbox 984 1234 1131 1277; x_wconf 71' lang='lat' dir='ltr'>excitis,</span> <span class='ocrx_word' id='word_1_126' title='bbox 1153 1239 1195 1270; x_wconf 89' lang='lat' dir='ltr'>ut</span> <span class='ocrx_word' id='word_1_127' title='bbox 1220 1246 1286 1284; x_wconf 87' lang='lat' dir='ltr'>per</span> <span class='ocrx_word' id='word_1_128' title='bbox 1314 1246 1404 1270; x_wconf 89' lang='lat' dir='ltr'>auc·</span> 
     </span>
     <span class='ocr_line' id='line_1_21' title="bbox 287 1300 1405 1349; baseline -0.004 -11"><span class='ocrx_word' id='word_1_129' title='bbox 287 1302 484 1338; x_wconf 85' lang='lat' dir='ltr'>toritatem</span> <span class='ocrx_word' id='word_1_130' title='bbox 504 1300 714 1337; x_wconf 86' lang='lat' dir='ltr'>civitatium</span> <span class='ocrx_word' id='word_1_131' title='bbox 732 1311 860 1336; x_wconf 88' lang='lat' dir='ltr'>earum</span> <span class='ocrx_word' id='word_1_132' title='bbox 883 1310 959 1335; x_wconf 87' lang='lat' dir='ltr'>suae</span> <span class='ocrx_word' id='word_1_133' title='bbox 988 1311 1117 1349; x_wconf 83' lang='lat' dir='ltr'>preces</span> <span class='ocrx_word' id='word_1_134' title='bbox 1146 1311 1266 1348; x_wconf 86' lang='lat' dir='ltr'>nuper</span> <span class='ocrx_word' id='word_1_135' title='bbox 1292 1310 1405 1348; x_wconf 85' lang='lat' dir='ltr'>repu-</span> 
     </span>
     <span class='ocr_line' id='line_1_22' title="bbox 286 1361 1403 1413; baseline -0.004 -10"><span class='ocrx_word' id='word_1_136' title='bbox 286 1366 398 1403; x_wconf 88' lang='lat' dir='ltr'>diatae</span> <span class='ocrx_word' id='word_1_137' title='bbox 417 1365 628 1403; x_wconf 86' lang='lat' dir='ltr'>faciliorem</span> <span class='ocrx_word' id='word_1_138' title='bbox 647 1365 791 1401; x_wconf 85' lang='lat' dir='ltr'>aditum</span> <span class='ocrx_word' id='word_1_139' title='bbox 811 1364 858 1400; x_wconf 88' lang='lat' dir='ltr'>ad</span> <span class='ocrx_word' id='word_1_140' title='bbox 885 1369 1055 1399; x_wconf 82' lang='lat' dir='ltr'>senatum</span> <span class='ocrx_word' id='word_1_141' title='bbox 1079 1361 1276 1406; x_wconf 82' lang='lat' dir='ltr'>haberent,</span> <span class='ocrx_word' id='word_1_142' title='bbox 1297 1363 1403 1413; x_wconf 89' lang='lat' dir='ltr'>prin-</span> 
     </span>
     <span class='ocr_line' id='line_1_23' title="bbox 288 1426 1402 1481; baseline -0.003 -14"><span class='ocrx_word' id='word_1_143' title='bbox 288 1431 389 1481; x_wconf 90' lang='lat' dir='ltr'>cipes</span> <span class='ocrx_word' id='word_1_144' title='bbox 423 1429 546 1479; x_wconf 87' lang='lat' dir='ltr'>gentis</span> <span class='ocrx_word' id='word_1_145' title='bbox 581 1429 626 1465; x_wconf 86' lang='lat' dir='ltr'>ad</span> <span class='ocrx_word' id='word_1_146' title='bbox 654 1428 878 1465; x_wconf 84' lang='lat' dir='ltr'>tentandum</span> <span class='ocrx_word' id='word_1_147' title='bbox 908 1427 1078 1463; x_wconf 83' lang='lat' dir='ltr'>ultimam</span> <span class='ocrx_word' id='word_1_148' title='bbox 1109 1439 1219 1477; x_wconf 86' lang='lat' dir='ltr'>spem</span> <span class='ocrx_word' id='word_1_149' title='bbox 1235 1426 1402 1464; x_wconf 83' lang='lat' dir='ltr'>Romam</span> 
     </span>
     <span class='ocr_line' id='line_1_24' title="bbox 286 1491 1403 1541; baseline -0.003 -9"><span class='ocrx_word' id='word_1_150' title='bbox 286 1496 497 1532; x_wconf 88' lang='lat' dir='ltr'>miserunt:</span> <span class='ocrx_word' id='word_1_151' title='bbox 529 1493 639 1538; x_wconf 87' lang='lat' dir='ltr'>nihil,</span> <span class='ocrx_word' id='word_1_152' title='bbox 669 1505 717 1529; x_wconf 90' lang='lat' dir='ltr'>ne</span> <span class='ocrx_word' id='word_1_153' title='bbox 743 1492 883 1529; x_wconf 89' lang='lat' dir='ltr'>bellum</span> <span class='ocrx_word' id='word_1_154' title='bbox 912 1491 1110 1535; x_wconf 86' lang='lat' dir='ltr'>haberent,</span> <span class='ocrx_word' id='word_1_155' title='bbox 1140 1492 1258 1541; x_wconf 87' lang='lat' dir='ltr'>prius,</span> <span class='ocrx_word' id='word_1_156' title='bbox 1288 1503 1403 1541; x_wconf 87' lang='lat' dir='ltr'>quam</span> 
     </span>
     <span class='ocr_line' id='line_1_25' title="bbox 286 1556 1403 1610; baseline -0.004 -14"><span class='ocrx_word' id='word_1_157' title='bbox 286 1573 384 1610; x_wconf 89' lang='lat' dir='ltr'>pene</span> <span class='ocrx_word' id='word_1_158' title='bbox 413 1561 451 1596; x_wconf 90' lang='lat' dir='ltr'>in</span> <span class='ocrx_word' id='word_1_159' title='bbox 481 1565 689 1609; x_wconf 88' lang='lat' dir='ltr'>conspectu</span> <span class='ocrx_word' id='word_1_160' title='bbox 716 1558 839 1594; x_wconf 90' lang='lat' dir='ltr'>hostis</span> <span class='ocrx_word' id='word_1_161' title='bbox 868 1563 962 1600; x_wconf 88' lang='lat' dir='ltr'>erat,</span> <span class='ocrx_word' id='word_1_162' title='bbox 992 1556 1256 1607; x_wconf 67' lang='lat' dir='ltr'>praemeditati.</span> <span class='ocrx_word' id='word_1_163' title='bbox 1314 1556 1403 1592; x_wconf 88' lang='lat' dir='ltr'>Jam</span> 
     </span>
     <span class='ocr_line' id='line_1_26' title="bbox 284 1619 1400 1673; baseline -0.006 -11"><span class='ocrx_word' id='word_1_164' title='bbox 284 1624 342 1662; x_wconf 91' lang='lat' dir='ltr'>M.</span> <span class='ocrx_word' id='word_1_165' title='bbox 362 1623 531 1667; x_wconf 86' lang='lat' dir='ltr'>Fulvius,</span> <span class='ocrx_word' id='word_1_166' title='bbox 552 1621 798 1673; x_wconf 85' lang='lat' dir='ltr'>Apolloniam</span> <span class='ocrx_word' id='word_1_167' title='bbox 818 1622 986 1658; x_wconf 86' lang='lat' dir='ltr'>exercitu</span> <span class='ocrx_word' id='word_1_168' title='bbox 1006 1619 1180 1670; x_wconf 85' lang='lat' dir='ltr'>trajecto,</span> <span class='ocrx_word' id='word_1_169' title='bbox 1202 1632 1287 1656; x_wconf 85' lang='lat' dir='ltr'>cum</span> <span class='ocrx_word' id='word_1_170' title='bbox 1305 1619 1400 1671; x_wconf 80' lang='lat' dir='ltr'>Epi-</span> 
     </span>
     <span class='ocr_line' id='line_1_27' title="bbox 285 1683 1399 1738; baseline -0.007 -11"><span class='ocrx_word' id='word_1_171' title='bbox 285 1695 456 1727; x_wconf 87' lang='lat' dir='ltr'>rotarum</span> <span class='ocrx_word' id='word_1_172' title='bbox 481 1686 714 1738; x_wconf 86' lang='lat' dir='ltr'>principibus</span> <span class='ocrx_word' id='word_1_173' title='bbox 735 1684 990 1728; x_wconf 86' lang='lat' dir='ltr'>consultabat,</span> <span class='ocrx_word' id='word_1_174' title='bbox 1012 1685 1110 1720; x_wconf 87' lang='lat' dir='ltr'>unde</span> <span class='ocrx_word' id='word_1_175' title='bbox 1136 1683 1276 1720; x_wconf 89' lang='lat' dir='ltr'>bellum</span> <span class='ocrx_word' id='word_1_176' title='bbox 1304 1684 1399 1720; x_wconf 88' lang='lat' dir='ltr'>inci·</span> 
     </span>
     <span class='ocr_line' id='line_1_28' title="bbox 284 1748 1399 1806; baseline -0.007 -15"><span class='ocrx_word' id='word_1_177' title='bbox 284 1752 403 1806; x_wconf 85' lang='lat' dir='ltr'>peret.</span> <span class='ocrx_word' id='word_1_178' title='bbox 459 1752 630 1803; x_wconf 88' lang='lat' dir='ltr'>Epirotis</span> <span class='ocrx_word' id='word_1_179' title='bbox 658 1749 900 1787; x_wconf 84' lang='lat' dir='ltr'>Ambraciam</span> <span class='ocrx_word' id='word_1_180' title='bbox 927 1748 1102 1800; x_wconf 85' lang='lat' dir='ltr'>placebat</span> <span class='ocrx_word' id='word_1_181' title='bbox 1129 1749 1294 1797; x_wconf 85' lang='lat' dir='ltr'>adgredi,</span> <span class='ocrx_word' id='word_1_182' title='bbox 1316 1761 1399 1798; x_wconf 85' lang='lat' dir='ltr'>quae</span> 
     </span>
     <span class='ocr_line' id='line_1_29' title="bbox 284 1814 1401 1855; baseline -0.005 0"><span class='ocrx_word' id='word_1_183' title='bbox 284 1825 365 1855; x_wconf 86' lang='lat' dir='ltr'>tum</span> <span class='ocrx_word' id='word_1_184' title='bbox 394 1817 655 1854; x_wconf 85' lang='lat' dir='ltr'>contribuerat</span> <span class='ocrx_word' id='word_1_185' title='bbox 683 1828 722 1851; x_wconf 85' lang='lat' dir='ltr'>se</span> <span class='ocrx_word' id='word_1_186' title='bbox 748 1815 916 1851; x_wconf 82' lang='lat' dir='ltr'>AEtolis:</span> <span class='ocrx_word' id='word_1_187' title='bbox 948 1816 1019 1850; x_wconf 82' lang='lat' dir='ltr'>sive</span> <span class='ocrx_word' id='word_1_188' title='bbox 1047 1815 1095 1850; x_wconf 81' lang='lat' dir='ltr'>ad</span> <span class='ocrx_word' id='word_1_189' title='bbox 1125 1814 1294 1849; x_wconf 76' lang='lat' dir='ltr'>tuendam</span> <span class='ocrx_word' id='word_1_190' title='bbox 1322 1825 1401 1850; x_wconf 85' lang='lat' dir='ltr'>eam</span> 
     </span>
     <span class='ocr_line' id='line_1_30' title="bbox 281 1879 1400 1930; baseline -0.008 -8"><span class='ocrx_word' id='word_1_191' title='bbox 281 1885 443 1922; x_wconf 76' lang='lat' dir='ltr'>venirent</span> <span class='ocrx_word' id='word_1_192' title='bbox 461 1883 597 1925; x_wconf 73' lang='lat' dir='ltr'>AEtozi,</span> <span class='ocrx_word' id='word_1_193' title='bbox 619 1885 760 1930; x_wconf 76' lang='lat' dir='ltr'>apertos</span> <span class='ocrx_word' id='word_1_194' title='bbox 783 1882 878 1917; x_wconf 81' lang='lat' dir='ltr'>circa</span> <span class='ocrx_word' id='word_1_195' title='bbox 907 1891 1048 1927; x_wconf 79' lang='lat' dir='ltr'>campos</span> <span class='ocrx_word' id='word_1_196' title='bbox 1077 1880 1124 1914; x_wconf 79' lang='lat' dir='ltr'>ad</span> <span class='ocrx_word' id='word_1_197' title='bbox 1153 1879 1400 1914; x_wconf 75' lang='lat' dir='ltr'>dimicandum</span> 
     </span>
     <span class='ocr_line' id='line_1_31' title="bbox 280 1942 1402 1991; baseline -0.006 -6"><span class='ocrx_word' id='word_1_198' title='bbox 280 1961 376 1985; x_wconf 78' lang='lat' dir='ltr'>esse:</span> <span class='ocrx_word' id='word_1_199' title='bbox 403 1949 476 1984; x_wconf 80' lang='lat' dir='ltr'>sive</span> <span class='ocrx_word' id='word_1_200' title='bbox 503 1948 747 1983; x_wconf 72' lang='lat' dir='ltr'>detractarent</span> <span class='ocrx_word' id='word_1_201' title='bbox 776 1949 966 1986; x_wconf 78' lang='lat' dir='ltr'>certamen,</span> <span class='ocrx_word' id='word_1_202' title='bbox 995 1943 1292 1991; x_wconf 80' lang='lat' dir='ltr'>obpugnationem</span> <span class='ocrx_word' id='word_1_203' title='bbox 1309 1942 1402 1991; x_wconf 83' lang='lat' dir='ltr'>sore</span> 
     </span>
     <span class='ocr_line' id='line_1_32' title="bbox 283 2008 1401 2061; baseline -0.005 -11"><span class='ocrx_word' id='word_1_204' title='bbox 283 2013 382 2050; x_wconf 72' lang='lat' dir='ltr'>haud</span> <span class='ocrx_word' id='word_1_205' title='bbox 400 2012 583 2061; x_wconf 60' lang='lat' dir='ltr'>difficilem</span> <span class='ocrx_word' id='word_1_206' title='bbox 597 2027 609 2048; x_wconf 89' lang='lat'>.·</span> <span class='ocrx_word' id='word_1_207' title='bbox 639 2023 724 2047; x_wconf 82' lang='lat' dir='ltr'>nam</span> <span class='ocrx_word' id='word_1_208' title='bbox 741 2015 776 2046; x_wconf 83' lang='lat' dir='ltr'>et</span> <span class='ocrx_word' id='word_1_209' title='bbox 794 2011 935 2058; x_wconf 62' lang='lat' dir='ltr'>copiam</span> <span class='ocrx_word' id='word_1_210' title='bbox 959 2010 996 2044; x_wconf 83' lang='lat' dir='ltr'>in</span> <span class='ocrx_word' id='word_1_211' title='bbox 1015 2010 1216 2057; x_wconf 78' lang='lat' dir='ltr'>propinquo</span> <span class='ocrx_word' id='word_1_212' title='bbox 1240 2008 1401 2044; x_wconf 70' lang='lat' dir='ltr'>materiae</span> 
     </span>
     <span class='ocr_line' id='line_1_33' title="bbox 283 2072 1398 2124; baseline -0.007 -11"><span class='ocrx_word' id='word_1_213' title='bbox 283 2079 333 2114; x_wconf 86' lang='lat' dir='ltr'>ad</span> <span class='ocrx_word' id='word_1_214' title='bbox 365 2088 510 2124; x_wconf 80' lang='lat' dir='ltr'>aggeres</span> <span class='ocrx_word' id='word_1_215' title='bbox 538 2076 741 2111; x_wconf 71' lang='lat' dir='ltr'>excitandos</span> <span class='ocrx_word' id='word_1_216' title='bbox 771 2079 806 2110; x_wconf 82' lang='lat' dir='ltr'>et</span> <span class='ocrx_word' id='word_1_217' title='bbox 835 2078 952 2109; x_wconf 79' lang='lat' dir='ltr'>cetera</span> <span class='ocrx_word' id='word_1_218' title='bbox 985 2084 1093 2120; x_wconf 81' lang='lat' dir='ltr'>opera</span> <span class='ocrx_word' id='word_1_219' title='bbox 1126 2083 1195 2107; x_wconf 84' lang='lat' dir='ltr'>esse</span> <span class='ocrx_word' id='word_1_220' title='bbox 1211 2087 1223 2107; x_wconf 86' lang='lat'>.·</span> <span class='ocrx_word' id='word_1_221' title='bbox 1251 2075 1286 2106; x_wconf 77' lang='lat' dir='ltr'>et</span> <span class='ocrx_word' id='word_1_222' title='bbox 1304 2072 1398 2107; x_wconf 84' lang='lat' dir='ltr'>Are·</span> 
     </span>
     <span class='ocr_line' id='line_1_34' title="bbox 281 2136 1396 2186; baseline -0.007 -9"><span class='ocrx_word' id='word_1_223' title='bbox 281 2142 453 2184; x_wconf 71' lang='lat' dir='ltr'>tlzontem,</span> <span class='ocrx_word' id='word_1_224' title='bbox 474 2138 710 2186; x_wconf 79' lang='lat' dir='ltr'>navigabilem</span> <span class='ocrx_word' id='word_1_225' title='bbox 730 2149 882 2179; x_wconf 74' lang='lat' dir='ltr'>munem,</span> <span class='ocrx_word' id='word_1_226' title='bbox 904 2142 1144 2185; x_wconf 79' lang='lat' dir='ltr'>opportunum</span> <span class='ocrx_word' id='word_1_227' title='bbox 1164 2136 1212 2170; x_wconf 84' lang='lat' dir='ltr'>ad</span> <span class='ocrx_word' id='word_1_228' title='bbox 1234 2146 1396 2182; x_wconf 81' lang='lat' dir='ltr'>compor-</span> 
     </span>
     <span class='ocr_line' id='line_1_35' title="bbox 281 2198 1398 2253; baseline -0.008 -11"><span class='ocrx_word' id='word_1_229' title='bbox 281 2206 409 2248; x_wconf 77' lang='lat' dir='ltr'>tanda,</span> <span class='ocrx_word' id='word_1_230' title='bbox 439 2216 516 2253; x_wconf 82' lang='lat' dir='ltr'>quae</span> <span class='ocrx_word' id='word_1_231' title='bbox 543 2204 623 2239; x_wconf 71' lang='lat' dir='ltr'>usui</span> <span class='ocrx_word' id='word_1_232' title='bbox 654 2203 739 2244; x_wconf 74' lang='lat' dir='ltr'>sint,</span> <span class='ocrx_word' id='word_1_233' title='bbox 772 2206 902 2249; x_wconf 69' lang='lat' dir='ltr'>proeter</span> <span class='ocrx_word' id='word_1_234' title='bbox 930 2203 1007 2249; x_wconf 80' lang='lat' dir='ltr'>ipsa</span> <span class='ocrx_word' id='word_1_235' title='bbox 1039 2200 1164 2235; x_wconf 73' lang='lat' dir='ltr'>moenz‘a</span> <span class='ocrx_word' id='word_1_236' title='bbox 1183 2198 1328 2248; x_wconf 75' lang='lat' dir='ltr'>fluere3</span> <span class='ocrx_word' id='word_1_237' title='bbox 1361 2202 1398 2234; x_wconf 83' lang='lat' dir='ltr'>et</span> 
     </span>
     <span class='ocr_line' id='line_1_36' title="bbox 279 2264 1394 2316; baseline -0.008 -10"><span class='ocrx_word' id='word_1_238' title='bbox 279 2275 437 2307; x_wconf 69' lang='lat' dir='ltr'>oestatem</span> <span class='ocrx_word' id='word_1_239' title='bbox 457 2273 579 2316; x_wconf 78' lang='lat' dir='ltr'>aptam</span> <span class='ocrx_word' id='word_1_240' title='bbox 602 2267 655 2303; x_wconf 81' lang='lat' dir='ltr'>rei</span> <span class='ocrx_word' id='word_1_241' title='bbox 670 2267 833 2314; x_wconf 82' lang='lat' dir='ltr'>gerendae</span> <span class='ocrx_word' id='word_1_242' title='bbox 852 2267 971 2302; x_wconf 81' lang='lat' dir='ltr'>adesse</span> <span class='ocrx_word' id='word_1_243' title='bbox 988 2282 999 2301; x_wconf 91' lang='lat'>.·</span> <span class='ocrx_word' id='word_1_244' title='bbox 1027 2264 1085 2300; x_wconf 83' lang='lat' dir='ltr'>his</span> <span class='ocrx_word' id='word_1_245' title='bbox 1115 2268 1394 2315; x_wconf 81' lang='lat' dir='ltr'>persuaserunt,</span> 
     </span>
     <span class='ocr_line' id='line_1_37' title="bbox 280 2331 770 2384; baseline -0.004 -14"><span class='ocrx_word' id='word_1_246' title='bbox 280 2340 324 2370; x_wconf 91' lang='lat' dir='ltr'>ut</span> <span class='ocrx_word' id='word_1_247' title='bbox 341 2345 408 2384; x_wconf 87' lang='lat' dir='ltr'>per</span> <span class='ocrx_word' id='word_1_248' title='bbox 426 2333 585 2383; x_wconf 88' lang='lat' dir='ltr'>Epirum</span> <span class='ocrx_word' id='word_1_249' title='bbox 604 2331 770 2368; x_wconf 84' lang='lat' dir='ltr'>duceret.</span> 
     </span>
    </p>
   </div>
  </div>
 </body>
</html>
