<?xml version="1.0" encoding="UTF-8"?>
<!DOCTYPE html PUBLIC "-//W3C//DTD XHTML 1.0 Transitional//EN"
    "http://www.w3.org/TR/xhtml1/DTD/xhtml1-transitional.dtd">
<html xmlns="http://www.w3.org/1999/xhtml" xml:lang="en" lang="en">
 <head>
  <title>
</title>
<meta http-equiv="Content-Type" content="text/html;charset=utf-8" />
  <meta name='ocr-system' content='tesseract 3.04.00' />
  <meta name='ocr-capabilities' content='ocr_page ocr_carea ocr_par ocr_line ocrx_word'/>
</head>
<body>
  <div class='ocr_page' id='page_1' title='image "./historiarumquaes04livyuoft/historiarumquaes04livyuoft_0532.png"; bbox 0 0 1546 2648; ppageno 0'>
   <div class='ocr_carea' id='block_1_1' title="bbox 295 164 956 209">
    <p class='ocr_par' dir='ltr' id='par_1_1' title="bbox 295 164 956 209">
     <span class='ocr_line' id='line_1_1' title="bbox 295 164 956 209; baseline 0.005 -12"><span class='ocrx_word' id='word_1_1' title='bbox 295 164 380 209; x_wconf 78' lang='lat'><strong>522</strong></span> <span class='ocrx_word' id='word_1_2' title='bbox 755 169 799 198; x_wconf 76' lang='grc' dir='ltr'><strong>τ’.</strong></span> <span class='ocrx_word' id='word_1_3' title='bbox 824 171 956 200; x_wconf 75' lang='lat' dir='ltr'><strong>mvn</strong></span> 
     </span>
    </p>
   </div>
   <div class='ocr_carea' id='block_1_2' title="bbox 63 253 1417 2355">
    <p class='ocr_par' dir='ltr' id='par_1_2' title="bbox 79 253 1405 433">
     <span class='ocr_line' id='line_1_2' title="bbox 79 253 1403 329; baseline 0.007 -39"><span class='ocrx_word' id='word_1_4' title='bbox 79 254 265 329; x_wconf 48' lang='lat' dir='ltr'><strong>ERGO-585·</strong></span> <span class='ocrx_word' id='word_1_5' title='bbox 297 256 413 299; x_wconf 88' lang='lat' dir='ltr'><strong>misit,</strong></span> <span class='ocrx_word' id='word_1_6' title='bbox 455 253 584 305; x_wconf 82' lang='lat' dir='ltr'><strong>jussos</strong></span> <span class='ocrx_word' id='word_1_7' title='bbox 627 258 673 293; x_wconf 88' lang='lat' dir='ltr'><strong>ad</strong></span> <span class='ocrx_word' id='word_1_8' title='bbox 715 258 872 296; x_wconf 87' lang='lat' dir='ltr'><strong>Oricum</strong></span> <span class='ocrx_word' id='word_1_9' title='bbox 915 260 986 296; x_wconf 84' lang='lat' dir='ltr'><strong>sibi</strong></span> <span class='ocrx_word' id='word_1_10' title='bbox 1034 261 1261 299; x_wconf 76' lang='lat' dir='ltr'><strong>obem-rere:</strong></span> <span class='ocrx_word' id='word_1_11' title='bbox 1311 263 1403 313; x_wconf 87' lang='lat' dir='ltr'><strong>ipse,</strong></span> 
     </span>
     <span class='ocr_line' id='line_1_3' title="bbox 111 304 1405 371; baseline 0.008 -17"><span class='ocrx_word' id='word_1_12' title='bbox 111 319 118 327; x_wconf 83' lang='lat'><em>⁰</em></span> <span class='ocrx_word' id='word_1_13' title='bbox 162 320 170 329; x_wconf 79' lang='lat'>⁸</span> <span class='ocrx_word' id='word_1_14' title='bbox 191 304 263 333; x_wconf 74' lang='lat'><strong>¹⁶⁷·</strong></span> <span class='ocrx_word' id='word_1_15' title='bbox 295 318 455 369; x_wconf 86' lang='lat' dir='ltr'><strong>Epirum</strong></span> <span class='ocrx_word' id='word_1_16' title='bbox 484 326 630 370; x_wconf 83' lang='lat' dir='ltr'><strong>petens,</strong></span> <span class='ocrx_word' id='word_1_17' title='bbox 662 323 962 371; x_wconf 85' lang='lat' dir='ltr'><strong>quintisdecirnis</strong></span> <span class='ocrx_word' id='word_1_18' title='bbox 996 326 1126 362; x_wconf 80' lang='lat' dir='ltr'><strong>castris</strong></span> <span class='ocrx_word' id='word_1_19' title='bbox 1156 326 1405 364; x_wconf 77' lang='lat' dir='ltr'><strong>Passaronem</strong></span> 
     </span>
     <span class='ocr_line' id='line_1_4' title="bbox 294 383 477 433; baseline 0.005 -14"><span class='ocrx_word' id='word_1_20' title='bbox 294 383 477 433; x_wconf 78' lang='lat' dir='ltr'><strong>pervenit.</strong></span> 
     </span>
    </p>

    <p class='ocr_par' dir='ltr' id='par_1_3' title="bbox 348 447 1403 499">
     <span class='ocr_line' id='line_1_5' title="bbox 348 447 1403 499; baseline 0.007 -17"><span class='ocrx_word' id='word_1_21' title='bbox 348 447 542 485; x_wconf 89' lang='lat' dir='ltr'><strong>XXXIV.</strong></span> <span class='ocrx_word' id='word_1_22' title='bbox 588 448 704 485; x_wconf 81' lang='lat' dir='ltr'><strong>Haud</strong></span> <span class='ocrx_word' id='word_1_23' title='bbox 733 451 864 499; x_wconf 76' lang='lat' dir='ltr'><strong>procul</strong></span> <span class='ocrx_word' id='word_1_24' title='bbox 895 452 980 488; x_wconf 82' lang='lat' dir='ltr'><strong>inde</strong></span> <span class='ocrx_word' id='word_1_25' title='bbox 1005 453 1131 489; x_wconf 88' lang='lat' dir='ltr'><strong>Anicii</strong></span> <span class='ocrx_word' id='word_1_26' title='bbox 1162 460 1284 498; x_wconf 75' lang='lat' dir='ltr'><strong>castra</strong></span> <span class='ocrx_word' id='word_1_27' title='bbox 1314 452 1403 489; x_wconf 87' lang='lat' dir='ltr'><strong>abe·</strong></span> 
     </span>
    </p>

    <p class='ocr_par' dir='ltr' id='par_1_4' title="bbox 294 512 1403 566">
     <span class='ocr_line' id='line_1_6' title="bbox 294 512 1403 566; baseline 0.007 -20"><span class='ocrx_word' id='word_1_28' title='bbox 294 517 404 547; x_wconf 82' lang='lat' dir='ltr'><strong>rant:</strong></span> <span class='ocrx_word' id='word_1_29' title='bbox 437 512 483 548; x_wconf 84' lang='lat' dir='ltr'><strong>ad</strong></span> <span class='ocrx_word' id='word_1_30' title='bbox 513 525 622 562; x_wconf 88' lang='lat' dir='ltr'><strong>quem</strong></span> <span class='ocrx_word' id='word_1_31' title='bbox 652 514 769 550; x_wconf 81' lang='lat' dir='ltr'><strong>literis</strong></span> <span class='ocrx_word' id='word_1_32' title='bbox 804 516 939 559; x_wconf 86' lang='lat' dir='ltr'><strong>missis,</strong></span> <span class='ocrx_word' id='word_1_33' title='bbox 970 529 1017 552; x_wconf 89' lang='lat' dir='ltr'><strong>ne</strong></span> <span class='ocrx_word' id='word_1_34' title='bbox 1045 517 1134 566; x_wconf 84' lang='lat' dir='ltr'><strong>quid</strong></span> <span class='ocrx_word' id='word_1_35' title='bbox 1160 517 1206 553; x_wconf 82' lang='lat' dir='ltr'><strong>ad</strong></span> <span class='ocrx_word' id='word_1_36' title='bbox 1236 531 1293 560; x_wconf 84' lang='lat' dir='ltr'><strong>ea,</strong></span> <span class='ocrx_word' id='word_1_37' title='bbox 1321 530 1403 566; x_wconf 72' lang='lat' dir='ltr'><strong>quae</strong></span> 
     </span>
    </p>

    <p class='ocr_par' dir='ltr' id='par_1_5' title="bbox 77 574 1403 758">
     <span class='ocr_line' id='line_1_7' title="bbox 80 574 1401 628; baseline 0.007 -20"><span class='ocrx_word' id='word_1_38' title='bbox 80 576 163 615; x_wconf 81' lang='lat' dir='ltr'><strong>Epiri</strong></span> <span class='ocrx_word' id='word_1_39' title='bbox 177 578 281 625; x_wconf 68' lang='lat' dir='ltr'><strong>praeda</strong></span> <span class='ocrx_word' id='word_1_40' title='bbox 294 574 439 619; x_wconf 82' lang='lat' dir='ltr'><strong>fierent,</strong></span> <span class='ocrx_word' id='word_1_41' title='bbox 454 583 667 613; x_wconf 86' lang='lat' dir='ltr'><strong>moveretur</strong></span> <span class='ocrx_word' id='word_1_42' title='bbox 679 594 690 623; x_wconf 79' lang='lat'>3</span> <span class='ocrx_word' id='word_1_43' title='bbox 711 584 870 615; x_wconf 75' lang='lat' dir='ltr'><strong>senatum</strong></span> <span class='ocrx_word' id='word_1_44' title='bbox 888 582 1046 627; x_wconf 77' lang='lat' dir='ltr'><strong>prcedam</strong></span> <span class='ocrx_word' id='word_1_45' title='bbox 1069 581 1175 628; x_wconf 76' lang='lat' dir='ltr'><strong>Epiri</strong></span> <span class='ocrx_word' id='word_1_46' title='bbox 1190 583 1401 625; x_wconf 78' lang='lat' dir='ltr'><strong>civitatium,</strong></span> 
     </span>
     <span class='ocr_line' id='line_1_8' title="bbox 77 622 1402 691; baseline 0.005 -16"><span class='ocrx_word' id='word_1_47' title='bbox 77 622 149 691; x_wconf 41' lang='lat' dir='ltr'><strong>{lg-a</strong></span> <span class='ocrx_word' id='word_1_48' title='bbox 162 629 280 651; x_wconf 32' lang='lat' dir='ltr'>exere?</span> <span class='ocrx_word' id='word_1_49' title='bbox 292 652 370 687; x_wconf 85' lang='lat' dir='ltr'><strong>quae</strong></span> <span class='ocrx_word' id='word_1_50' title='bbox 387 642 436 677; x_wconf 77' lang='lat' dir='ltr'><strong>ad</strong></span> <span class='ocrx_word' id='word_1_51' title='bbox 457 642 587 677; x_wconf 80' lang='lat' dir='ltr'><strong>Persea</strong></span> <span class='ocrx_word' id='word_1_52' title='bbox 607 641 830 690; x_wconf 73' lang='lat' dir='ltr'><strong>defecissent,</strong></span> <span class='ocrx_word' id='word_1_53' title='bbox 851 646 1022 680; x_wconf 69' lang='lat' dir='ltr'><strong>exercitui</strong></span> <span class='ocrx_word' id='word_1_54' title='bbox 1051 646 1188 681; x_wconf 80' lang='lat' dir='ltr'><strong>dedisse</strong></span> <span class='ocrx_word' id='word_1_55' title='bbox 1199 661 1211 688; x_wconf 89' lang='lat'><strong>,·</strong></span> <span class='ocrx_word' id='word_1_56' title='bbox 1241 645 1402 681; x_wconf 88' lang='lat' dir='ltr'><strong>submis-</strong></span> 
     </span>
     <span class='ocr_line' id='line_1_9' title="bbox 293 704 1403 758; baseline 0.005 -19"><span class='ocrx_word' id='word_1_57' title='bbox 293 704 341 740; x_wconf 86' lang='lat' dir='ltr'><strong>sis</strong></span> <span class='ocrx_word' id='word_1_58' title='bbox 362 705 646 741; x_wconf 77' lang='lat' dir='ltr'><strong>centurionibus</strong></span> <span class='ocrx_word' id='word_1_59' title='bbox 660 707 698 742; x_wconf 87' lang='lat' dir='ltr'><strong>in</strong></span> <span class='ocrx_word' id='word_1_60' title='bbox 715 707 882 755; x_wconf 85' lang='lat' dir='ltr'><strong>singulas</strong></span> <span class='ocrx_word' id='word_1_61' title='bbox 899 708 1023 751; x_wconf 86' lang='lat' dir='ltr'><strong>urbes,</strong></span> <span class='ocrx_word' id='word_1_62' title='bbox 1040 710 1102 758; x_wconf 87' lang='lat' dir='ltr'><strong>qui</strong></span> <span class='ocrx_word' id='word_1_63' title='bbox 1117 721 1155 745; x_wconf 90' lang='lat' dir='ltr'><strong>se</strong></span> <span class='ocrx_word' id='word_1_64' title='bbox 1168 709 1337 745; x_wconf 87' lang='lat' dir='ltr'><strong>dicerent</strong></span> <span class='ocrx_word' id='word_1_65' title='bbox 1355 708 1403 745; x_wconf 89' lang='lat' dir='ltr'><strong>ad</strong></span> 
     </span>
    </p>

    <p class='ocr_par' dir='ltr' id='par_1_6' title="bbox 288 767 1404 883">
     <span class='ocr_line' id='line_1_10' title="bbox 290 767 1404 821; baseline 0.005 -19"><span class='ocrx_word' id='word_1_66' title='bbox 290 767 465 817; x_wconf 80' lang='lat' dir='ltr'><strong>praesidia</strong></span> <span class='ocrx_word' id='word_1_67' title='bbox 486 768 703 805; x_wconf 85' lang='lat' dir='ltr'><strong>deducenda</strong></span> <span class='ocrx_word' id='word_1_68' title='bbox 721 771 881 814; x_wconf 82' lang='lat' dir='ltr'><strong>venisse,</strong></span> <span class='ocrx_word' id='word_1_69' title='bbox 904 778 945 807; x_wconf 91' lang='lat' dir='ltr'><strong>ut</strong></span> <span class='ocrx_word' id='word_1_70' title='bbox 970 771 1077 807; x_wconf 91' lang='lat' dir='ltr'><strong>liberi</strong></span> <span class='ocrx_word' id='word_1_71' title='bbox 1098 772 1283 821; x_wconf 64' lang='lat' dir='ltr'><strong>Epirotae,</strong></span> <span class='ocrx_word' id='word_1_72' title='bbox 1306 772 1404 808; x_wconf 85' lang='lat' dir='ltr'><strong>sicut</strong></span> 
     </span>
     <span class='ocr_line' id='line_1_11' title="bbox 288 828 1403 883; baseline 0.004 -18"><span class='ocrx_word' id='word_1_73' title='bbox 288 828 537 874; x_wconf 85' lang='lat' dir='ltr'><strong>Macedones,</strong></span> <span class='ocrx_word' id='word_1_74' title='bbox 558 839 697 875; x_wconf 83' lang='lat' dir='ltr'><strong>essent,</strong></span> <span class='ocrx_word' id='word_1_75' title='bbox 719 833 834 869; x_wconf 88' lang='lat' dir='ltr'><strong>denos</strong></span> <span class='ocrx_word' id='word_1_76' title='bbox 862 834 1049 883; x_wconf 82' lang='lat' dir='ltr'><strong>principes</strong></span> <span class='ocrx_word' id='word_1_77' title='bbox 1071 846 1117 869; x_wconf 88' lang='lat' dir='ltr'><strong>ex</strong></span> <span class='ocrx_word' id='word_1_78' title='bbox 1137 834 1293 882; x_wconf 86' lang='lat' dir='ltr'><strong>singulis</strong></span> <span class='ocrx_word' id='word_1_79' title='bbox 1313 847 1403 870; x_wconf 84' lang='lat' dir='ltr'><strong>evo-</strong></span> 
     </span>
    </p>

    <p class='ocr_par' dir='ltr' id='par_1_7' title="bbox 290 892 1404 946">
     <span class='ocr_line' id='line_1_12' title="bbox 290 892 1404 946; baseline 0.004 -18"><span class='ocrx_word' id='word_1_80' title='bbox 290 892 390 929; x_wconf 81' lang='lat' dir='ltr'><strong>cavit</strong></span> <span class='ocrx_word' id='word_1_81' title='bbox 427 893 667 930; x_wconf 84' lang='lat' dir='ltr'><strong>civitatibus:</strong></span> <span class='ocrx_word' id='word_1_82' title='bbox 713 895 864 944; x_wconf 90' lang='lat' dir='ltr'><strong>quibus,</strong></span> <span class='ocrx_word' id='word_1_83' title='bbox 898 909 1014 946; x_wconf 89' lang='lat' dir='ltr'><strong>quum</strong></span> <span class='ocrx_word' id='word_1_84' title='bbox 1049 897 1326 940; x_wconf 82' lang='lat' dir='ltr'><strong>denunciasset‚</strong></span> <span class='ocrx_word' id='word_1_85' title='bbox 1362 903 1404 933; x_wconf 89' lang='lat' dir='ltr'><strong>ut</strong></span> 
     </span>
    </p>

    <p class='ocr_par' dir='ltr' id='par_1_8' title="bbox 291 961 1402 1012">
     <span class='ocr_line' id='line_1_13' title="bbox 291 961 1402 1012; baseline 0.005 -20"><span class='ocrx_word' id='word_1_86' title='bbox 291 969 422 994; x_wconf 85' lang='lat' dir='ltr'><strong>aurum</strong></span> <span class='ocrx_word' id='word_1_87' title='bbox 451 965 563 1007; x_wconf 84' lang='lat' dir='ltr'><strong>atque</strong></span> <span class='ocrx_word' id='word_1_88' title='bbox 584 965 782 1007; x_wconf 82' lang='lat' dir='ltr'><strong>argentum</strong></span> <span class='ocrx_word' id='word_1_89' title='bbox 803 961 841 996; x_wconf 90' lang='lat' dir='ltr'><strong>in</strong></span> <span class='ocrx_word' id='word_1_90' title='bbox 862 961 1054 1011; x_wconf 86' lang='lat' dir='ltr'><strong>publicum</strong></span> <span class='ocrx_word' id='word_1_91' title='bbox 1074 961 1317 1012; x_wconf 86' lang='lat' dir='ltr'><strong>proferretur,</strong></span> <span class='ocrx_word' id='word_1_92' title='bbox 1334 974 1402 1011; x_wconf 87' lang='lat' dir='ltr'><strong>per</strong></span> 
     </span>
    </p>

    <p class='ocr_par' dir='ltr' id='par_1_9' title="bbox 290 1021 1395 1068">
     <span class='ocr_line' id='line_1_14' title="bbox 290 1021 1395 1068; baseline 0.004 -12"><span class='ocrx_word' id='word_1_93' title='bbox 290 1033 421 1057; x_wconf 87' lang='lat' dir='ltr'><strong>omnes</strong></span> <span class='ocrx_word' id='word_1_94' title='bbox 443 1021 613 1058; x_wconf 84' lang='lat' dir='ltr'><strong>civitates</strong></span> <span class='ocrx_word' id='word_1_95' title='bbox 634 1023 810 1060; x_wconf 87' lang='lat' dir='ltr'><strong>cohortes</strong></span> <span class='ocrx_word' id='word_1_96' title='bbox 830 1025 972 1060; x_wconf 86' lang='lat' dir='ltr'><strong>dimisit</strong></span> <span class='ocrx_word' id='word_1_97' title='bbox 990 1040 996 1060; x_wconf 91' lang='lat'>:</span> <span class='ocrx_word' id='word_1_98' title='bbox 1021 1031 1109 1060; x_wconf 88' lang='lat' dir='ltr'><strong>ante</strong></span> <span class='ocrx_word' id='word_1_99' title='bbox 1127 1025 1164 1060; x_wconf 92' lang='lat' dir='ltr'><strong>in</strong></span> <span class='ocrx_word' id='word_1_100' title='bbox 1184 1024 1395 1068; x_wconf 84' lang='lat' dir='ltr'><strong>ulteriores,</strong></span> 
     </span>
    </p>

    <p class='ocr_par' dir='ltr' id='par_1_10' title="bbox 288 1086 1397 1201">
     <span class='ocr_line' id='line_1_15' title="bbox 289 1086 1397 1137; baseline 0.003 -17"><span class='ocrx_word' id='word_1_101' title='bbox 289 1097 402 1134; x_wconf 89' lang='lat' dir='ltr'><strong>quam</strong></span> <span class='ocrx_word' id='word_1_102' title='bbox 424 1086 462 1121; x_wconf 89' lang='lat' dir='ltr'><strong>in</strong></span> <span class='ocrx_word' id='word_1_103' title='bbox 491 1087 701 1135; x_wconf 82' lang='lat' dir='ltr'><strong>propioreS,</strong></span> <span class='ocrx_word' id='word_1_104' title='bbox 732 1087 909 1137; x_wconf 84' lang='lat' dir='ltr'><strong>profecti,</strong></span> <span class='ocrx_word' id='word_1_105' title='bbox 937 1094 977 1124; x_wconf 85' lang='lat' dir='ltr'><strong>ut</strong></span> <span class='ocrx_word' id='word_1_106' title='bbox 1008 1101 1083 1124; x_wconf 86' lang='lat' dir='ltr'><strong>uno</strong></span> <span class='ocrx_word' id='word_1_107' title='bbox 1113 1089 1172 1124; x_wconf 90' lang='lat' dir='ltr'><strong>die</strong></span> <span class='ocrx_word' id='word_1_108' title='bbox 1198 1088 1236 1124; x_wconf 88' lang='lat' dir='ltr'><strong>in</strong></span> <span class='ocrx_word' id='word_1_109' title='bbox 1266 1100 1397 1124; x_wconf 87' lang='lat' dir='ltr'><strong>omnes</strong></span> 
     </span>
     <span class='ocr_line' id='line_1_16' title="bbox 288 1149 1394 1201; baseline 0.003 -17"><span class='ocrx_word' id='word_1_110' title='bbox 288 1149 556 1198; x_wconf 83' lang='lat' dir='ltr'><strong>perveniretur.</strong></span> <span class='ocrx_word' id='word_1_111' title='bbox 586 1149 700 1186; x_wconf 85' lang='lat' dir='ltr'><strong>Edita</strong></span> <span class='ocrx_word' id='word_1_112' title='bbox 717 1151 877 1187; x_wconf 86' lang='lat' dir='ltr'><strong>tribunis</strong></span> <span class='ocrx_word' id='word_1_113' title='bbox 893 1152 1253 1201; x_wconf 84' lang='lat' dir='ltr'><strong>centurionibusque</strong></span> <span class='ocrx_word' id='word_1_114' title='bbox 1273 1158 1394 1195; x_wconf 88' lang='lat' dir='ltr'><strong>erant,</strong></span> 
     </span>
    </p>

    <p class='ocr_par' dir='ltr' id='par_1_11' title="bbox 288 1220 1396 1329">
     <span class='ocr_line' id='line_1_17' title="bbox 288 1220 1395 1264; baseline 0.002 -16"><span class='ocrx_word' id='word_1_115' title='bbox 288 1224 372 1260; x_wconf 83' lang='lat' dir='ltr'><strong>quae</strong></span> <span class='ocrx_word' id='word_1_116' title='bbox 403 1220 626 1261; x_wconf 82' lang='lat' dir='ltr'><strong>agerentur:</strong></span> <span class='ocrx_word' id='word_1_117' title='bbox 663 1227 773 1250; x_wconf 88' lang='lat' dir='ltr'><strong>mane</strong></span> <span class='ocrx_word' id='word_1_118' title='bbox 807 1228 919 1251; x_wconf 90' lang='lat' dir='ltr'><strong>omne</strong></span> <span class='ocrx_word' id='word_1_119' title='bbox 951 1228 1084 1251; x_wconf 88' lang='lat' dir='ltr'><strong>aurum</strong></span> <span class='ocrx_word' id='word_1_120' title='bbox 1121 1221 1395 1264; x_wconf 85' lang='lat' dir='ltr'><strong>argentumque</strong></span> 
     </span>
     <span class='ocr_line' id='line_1_18' title="bbox 288 1275 1396 1329; baseline 0.001 -17"><span class='ocrx_word' id='word_1_121' title='bbox 288 1275 505 1314; x_wconf 82' lang='lat' dir='ltr'><strong>conlatum:</strong></span> <span class='ocrx_word' id='word_1_122' title='bbox 536 1278 631 1314; x_wconf 88' lang='lat' dir='ltr'><strong>hora</strong></span> <span class='ocrx_word' id='word_1_123' title='bbox 651 1285 786 1327; x_wconf 82' lang='lat' dir='ltr'><strong>quarta</strong></span> <span class='ocrx_word' id='word_1_124' title='bbox 804 1279 953 1328; x_wconf 87' lang='lat' dir='ltr'><strong>signum</strong></span> <span class='ocrx_word' id='word_1_125' title='bbox 973 1279 1019 1315; x_wconf 88' lang='lat' dir='ltr'><strong>ad</strong></span> <span class='ocrx_word' id='word_1_126' title='bbox 1039 1279 1264 1329; x_wconf 82' lang='lat' dir='ltr'><strong>diripiendas</strong></span> <span class='ocrx_word' id='word_1_127' title='bbox 1286 1279 1396 1314; x_wconf 83' lang='lat' dir='ltr'><strong>urbes</strong></span> 
     </span>
    </p>

    <p class='ocr_par' dir='ltr' id='par_1_12' title="bbox 287 1340 1397 1394">
     <span class='ocr_line' id='line_1_19' title="bbox 287 1340 1397 1394; baseline 0 -17"><span class='ocrx_word' id='word_1_128' title='bbox 287 1340 417 1378; x_wconf 88' lang='lat' dir='ltr'><strong>datum</strong></span> <span class='ocrx_word' id='word_1_129' title='bbox 451 1348 509 1379; x_wconf 89' lang='lat' dir='ltr'><strong>est</strong></span> <span class='ocrx_word' id='word_1_130' title='bbox 540 1342 748 1379; x_wconf 87' lang='lat' dir='ltr'><strong>militibus:</strong></span> <span class='ocrx_word' id='word_1_131' title='bbox 792 1350 974 1393; x_wconf 85' lang='lat' dir='ltr'><strong>tantaque</strong></span> <span class='ocrx_word' id='word_1_132' title='bbox 1010 1344 1136 1394; x_wconf 84' lang='lat' dir='ltr'><strong>praeda</strong></span> <span class='ocrx_word' id='word_1_133' title='bbox 1164 1343 1251 1386; x_wconf 86' lang='lat' dir='ltr'><strong>fuit,</strong></span> <span class='ocrx_word' id='word_1_134' title='bbox 1283 1349 1325 1378; x_wconf 90' lang='lat' dir='ltr'><strong>ut</strong></span> <span class='ocrx_word' id='word_1_135' title='bbox 1357 1343 1397 1378; x_wconf 90' lang='lat' dir='ltr'><strong>in</strong></span> 
     </span>
    </p>

    <p class='ocr_par' dir='ltr' id='par_1_13' title="bbox 287 1405 1396 1583">
     <span class='ocr_line' id='line_1_20' title="bbox 288 1405 1396 1458; baseline -0.002 -16"><span class='ocrx_word' id='word_1_136' title='bbox 288 1407 452 1456; x_wconf 83' lang='lat' dir='ltr'><strong>equitem</strong></span> <span class='ocrx_word' id='word_1_137' title='bbox 479 1407 726 1456; x_wconf 85' lang='lat' dir='ltr'><strong>quadringeni</strong></span> <span class='ocrx_word' id='word_1_138' title='bbox 757 1408 913 1451; x_wconf 87' lang='lat' dir='ltr'><strong>denarii,</strong></span> <span class='ocrx_word' id='word_1_139' title='bbox 941 1407 1129 1458; x_wconf 87' lang='lat' dir='ltr'><strong>peditibus</strong></span> <span class='ocrx_word' id='word_1_140' title='bbox 1149 1406 1282 1442; x_wconf 86' lang='lat' dir='ltr'><strong>duceni</strong></span> <span class='ocrx_word' id='word_1_141' title='bbox 1303 1405 1396 1441; x_wconf 89' lang='lat' dir='ltr'><strong>divi-</strong></span> 
     </span>
     <span class='ocr_line' id='line_1_21' title="bbox 288 1469 1395 1521; baseline -0.001 -15"><span class='ocrx_word' id='word_1_142' title='bbox 288 1469 479 1514; x_wconf 86' lang='lat' dir='ltr'><strong>derentur,</strong></span> <span class='ocrx_word' id='word_1_143' title='bbox 506 1478 656 1508; x_wconf 87' lang='lat' dir='ltr'><strong>centum</strong></span> <span class='ocrx_word' id='word_1_144' title='bbox 689 1472 964 1521; x_wconf 83' lang='lat' dir='ltr'><strong>quinquaginta</strong></span> <span class='ocrx_word' id='word_1_145' title='bbox 995 1471 1113 1507; x_wconf 83' lang='lat' dir='ltr'><strong>millia</strong></span> <span class='ocrx_word' id='word_1_146' title='bbox 1140 1471 1306 1520; x_wconf 84' lang='lat' dir='ltr'><strong>capitum</strong></span> <span class='ocrx_word' id='word_1_147' title='bbox 1324 1470 1395 1505; x_wconf 90' lang='lat' dir='ltr'><strong>hu-</strong></span> 
     </span>
     <span class='ocr_line' id='line_1_22' title="bbox 287 1534 1395 1583; baseline -0.003 -12"><span class='ocrx_word' id='word_1_148' title='bbox 287 1546 486 1571; x_wconf 88' lang='lat' dir='ltr'><strong>manorum</strong></span> <span class='ocrx_word' id='word_1_149' title='bbox 523 1535 809 1572; x_wconf 81' lang='lat' dir='ltr'><strong>abducerentur.</strong></span> <span class='ocrx_word' id='word_1_150' title='bbox 864 1535 968 1571; x_wconf 86' lang='lat' dir='ltr'><strong>Muri</strong></span> <span class='ocrx_word' id='word_1_151' title='bbox 1001 1535 1134 1574; x_wconf 83' lang='lat' dir='ltr'><strong>deinde</strong></span> <span class='ocrx_word' id='word_1_152' title='bbox 1166 1534 1395 1583; x_wconf 86' lang='lat' dir='ltr'><strong>direptarum</strong></span> 
     </span>
    </p>

    <p class='ocr_par' dir='ltr' id='par_1_14' title="bbox 287 1597 1397 1648">
     <span class='ocr_line' id='line_1_23' title="bbox 287 1597 1397 1648; baseline -0.002 -14"><span class='ocrx_word' id='word_1_153' title='bbox 287 1598 437 1634; x_wconf 83' lang='lat' dir='ltr'><strong>urbium</strong></span> <span class='ocrx_word' id='word_1_154' title='bbox 457 1599 570 1635; x_wconf 89' lang='lat' dir='ltr'><strong>diruti</strong></span> <span class='ocrx_word' id='word_1_155' title='bbox 599 1605 711 1635; x_wconf 87' lang='lat' dir='ltr'><strong>sunt:</strong></span> <span class='ocrx_word' id='word_1_156' title='bbox 741 1612 785 1635; x_wconf 88' lang='lat' dir='ltr'><strong>ea</strong></span> <span class='ocrx_word' id='word_1_157' title='bbox 816 1598 921 1635; x_wconf 86' lang='lat' dir='ltr'><strong>fuere</strong></span> <span class='ocrx_word' id='word_1_158' title='bbox 953 1597 1092 1648; x_wconf 87' lang='lat' dir='ltr'><strong>oppida</strong></span> <span class='ocrx_word' id='word_1_159' title='bbox 1122 1598 1221 1633; x_wconf 85' lang='lat' dir='ltr'><strong>circa</strong></span> <span class='ocrx_word' id='word_1_160' title='bbox 1244 1603 1397 1647; x_wconf 88' lang='lat' dir='ltr'><strong>septua-</strong></span> 
     </span>
    </p>

    <p class='ocr_par' dir='ltr' id='par_1_15' title="bbox 283 1661 1396 1841">
     <span class='ocr_line' id='line_1_24' title="bbox 285 1661 1396 1714; baseline -0.002 -16"><span class='ocrx_word' id='word_1_161' title='bbox 285 1664 405 1711; x_wconf 86' lang='lat' dir='ltr'><strong>ginta.</strong></span> <span class='ocrx_word' id='word_1_162' title='bbox 459 1663 624 1700; x_wconf 84' lang='lat' dir='ltr'><strong>Vendita</strong></span> <span class='ocrx_word' id='word_1_163' title='bbox 641 1664 768 1714; x_wconf 83' lang='lat' dir='ltr'><strong>praeda</strong></span> <span class='ocrx_word' id='word_1_164' title='bbox 787 1664 971 1706; x_wconf 92' lang='lat' dir='ltr'><strong>omnium,</strong></span> <span class='ocrx_word' id='word_1_165' title='bbox 992 1662 1038 1698; x_wconf 92' lang='lat' dir='ltr'><strong>de</strong></span> <span class='ocrx_word' id='word_1_166' title='bbox 1057 1675 1100 1698; x_wconf 87' lang='lat' dir='ltr'><strong>ea</strong></span> <span class='ocrx_word' id='word_1_167' title='bbox 1119 1674 1265 1697; x_wconf 86' lang='lat' dir='ltr'><strong>summa</strong></span> <span class='ocrx_word' id='word_1_168' title='bbox 1284 1661 1396 1697; x_wconf 87' lang='lat' dir='ltr'><strong>militi</strong></span> 
     </span>
     <span class='ocr_line' id='line_1_25' title="bbox 284 1725 1392 1768; baseline -0.003 -5"><span class='ocrx_word' id='word_1_169' title='bbox 284 1735 523 1765; x_wconf 84' lang='lat' dir='ltr'><strong>numeratum</strong></span> <span class='ocrx_word' id='word_1_170' title='bbox 543 1734 612 1765; x_wconf 82' lang='lat' dir='ltr'><strong>est.</strong></span> <span class='ocrx_word' id='word_1_171' title='bbox 654 1727 807 1765; x_wconf 85' lang='lat' dir='ltr'><strong>Paullus</strong></span> <span class='ocrx_word' id='word_1_172' title='bbox 828 1727 873 1764; x_wconf 83' lang='lat' dir='ltr'><strong>ad</strong></span> <span class='ocrx_word' id='word_1_173' title='bbox 894 1739 995 1763; x_wconf 84' lang='lat' dir='ltr'><strong>mare</strong></span> <span class='ocrx_word' id='word_1_174' title='bbox 1011 1725 1167 1762; x_wconf 85' lang='lat' dir='ltr'><strong>Oricum</strong></span> <span class='ocrx_word' id='word_1_175' title='bbox 1187 1725 1392 1768; x_wconf 87' lang='lat' dir='ltr'><strong>descendit,</strong></span> 
     </span>
     <span class='ocr_line' id='line_1_26' title="bbox 283 1779 1390 1841; baseline -0.004 -14"><span class='ocrx_word' id='word_1_176' title='bbox 283 1803 536 1841; x_wconf 85' lang='lat' dir='ltr'><strong>nequaquam,</strong></span> <span class='ocrx_word' id='word_1_177' title='bbox 557 1799 599 1828; x_wconf 83' lang='lat' dir='ltr'><strong>ut</strong></span> <span class='ocrx_word' id='word_1_178' title='bbox 619 1799 720 1828; x_wconf 82' lang='lat' dir='ltr'><strong>ratus</strong></span> <span class='ocrx_word' id='word_1_179' title='bbox 739 1798 833 1836; x_wconf 87' lang='lat' dir='ltr'><strong>erat,</strong></span> <span class='ocrx_word' id='word_1_180' title='bbox 859 1779 1016 1841; x_wconf 34' lang='lat' dir='ltr'><strong>exple-tis</strong></span> <span class='ocrx_word' id='word_1_181' title='bbox 1040 1790 1201 1826; x_wconf 84' lang='lat' dir='ltr'><strong>militum</strong></span> <span class='ocrx_word' id='word_1_182' title='bbox 1227 1789 1360 1825; x_wconf 85' lang='lat' dir='ltr'><strong>animis</strong></span> <span class='ocrx_word' id='word_1_183' title='bbox 1381 1803 1390 1824; x_wconf 77' lang='lat' dir='ltr'><em>z</em></span> 
     </span>
    </p>

    <p class='ocr_par' dir='ltr' id='par_1_16' title="bbox 284 1852 1389 1904">
     <span class='ocr_line' id='line_1_27' title="bbox 284 1852 1389 1904; baseline -0.002 -14"><span class='ocrx_word' id='word_1_184' title='bbox 284 1856 362 1904; x_wconf 88' lang='lat' dir='ltr'><strong>qui,</strong></span> <span class='ocrx_word' id='word_1_185' title='bbox 383 1861 576 1904; x_wconf 85' lang='lat' dir='ltr'><strong>tamquam</strong></span> <span class='ocrx_word' id='word_1_186' title='bbox 606 1855 750 1891; x_wconf 88' lang='lat' dir='ltr'><strong>nullum</strong></span> <span class='ocrx_word' id='word_1_187' title='bbox 781 1856 819 1890; x_wconf 91' lang='lat' dir='ltr'><strong>in</strong></span> <span class='ocrx_word' id='word_1_188' title='bbox 838 1855 1066 1891; x_wconf 79' lang='lat' dir='ltr'><strong>Macedonia</strong></span> <span class='ocrx_word' id='word_1_189' title='bbox 1085 1853 1289 1902; x_wconf 81' lang='lat' dir='ltr'><strong>gessissent</strong></span> <span class='ocrx_word' id='word_1_190' title='bbox 1309 1852 1389 1888; x_wconf 86' lang='lat' dir='ltr'><strong>bel-</strong></span> 
     </span>
    </p>

    <p class='ocr_par' dir='ltr' id='par_1_17' title="bbox 283 1916 1390 1971">
     <span class='ocr_line' id='line_1_28' title="bbox 283 1916 1390 1971; baseline -0.003 -15"><span class='ocrx_word' id='word_1_191' title='bbox 283 1919 375 1963; x_wconf 83' lang='lat' dir='ltr'><strong>lum,</strong></span> <span class='ocrx_word' id='word_1_192' title='bbox 414 1927 584 1971; x_wconf 85' lang='lat' dir='ltr'><strong>expertes</strong></span> <span class='ocrx_word' id='word_1_193' title='bbox 622 1920 733 1969; x_wconf 69' lang='lat' dir='ltr'><strong>regiae</strong></span> <span class='ocrx_word' id='word_1_194' title='bbox 775 1920 909 1969; x_wconf 80' lang='lat' dir='ltr'><strong>praedae</strong></span> <span class='ocrx_word' id='word_1_195' title='bbox 959 1931 1039 1955; x_wconf 79' lang='lat' dir='ltr'><strong>esse</strong></span> <span class='ocrx_word' id='word_1_196' title='bbox 1083 1916 1390 1965; x_wconf 80' lang='lat' dir='ltr'><strong>indignabantur.</strong></span> 
     </span>
    </p>

    <p class='ocr_par' dir='ltr' id='par_1_18' title="bbox 63 1972 1417 2225">
     <span class='ocr_line' id='line_1_29' title="bbox 67 1972 1390 2047; baseline -0.004 -27"><span class='ocrx_word' id='word_1_197' title='bbox 67 1973 198 2047; x_wconf 45' lang='lat' dir='ltr'><strong>{ffiilgums</strong></span> <span class='ocrx_word' id='word_1_198' title='bbox 209 1972 269 2045; x_wconf 44' lang='grc' dir='ltr'><strong>ἐζ-</strong></span> <span class='ocrx_word' id='word_1_199' title='bbox 284 1984 389 2020; x_wconf 83' lang='lat' dir='ltr'><strong>Orici</strong></span> <span class='ocrx_word' id='word_1_200' title='bbox 409 1997 523 2034; x_wconf 90' lang='lat' dir='ltr'><strong>quum</strong></span> <span class='ocrx_word' id='word_1_201' title='bbox 557 1985 688 2020; x_wconf 83' lang='lat' dir='ltr'><strong>missas</strong></span> <span class='ocrx_word' id='word_1_202' title='bbox 719 1996 803 2019; x_wconf 88' lang='lat' dir='ltr'><strong>cum</strong></span> <span class='ocrx_word' id='word_1_203' title='bbox 834 1983 1010 2033; x_wconf 88' lang='lat' dir='ltr'><strong>Scipione</strong></span> <span class='ocrx_word' id='word_1_204' title='bbox 1038 1982 1178 2018; x_wconf 78' lang='lat' dir='ltr'><strong>Nasica</strong></span> <span class='ocrx_word' id='word_1_205' title='bbox 1196 1981 1390 2017; x_wconf 81' lang='lat' dir='ltr'><strong>Maximo-</strong></span> 
     </span>
     <span class='ocr_line' id='line_1_30' title="bbox 63 2045 1389 2098; baseline -0.006 -12"><span class='ocrx_word' id='word_1_206' title='bbox 63 2060 146 2098; x_wconf 57' lang='lat' dir='ltr'><strong>⁸ficit,</strong></span> <span class='ocrx_word' id='word_1_207' title='bbox 161 2065 241 2089; x_wconf 89' lang='lat' dir='ltr'><strong>utet</strong></span> <span class='ocrx_word' id='word_1_208' title='bbox 283 2061 355 2098; x_wconf 84' lang='lat' dir='ltr'><strong>que</strong></span> <span class='ocrx_word' id='word_1_209' title='bbox 384 2048 462 2085; x_wconf 93' lang='lat' dir='ltr'><strong>filio</strong></span> <span class='ocrx_word' id='word_1_210' title='bbox 491 2049 619 2098; x_wconf 87' lang='lat' dir='ltr'><strong>copias</strong></span> <span class='ocrx_word' id='word_1_211' title='bbox 651 2048 868 2091; x_wconf 86' lang='lat' dir='ltr'><strong>invenisset,</strong></span> <span class='ocrx_word' id='word_1_212' title='bbox 903 2046 1127 2083; x_wconf 78' lang='lat' dir='ltr'><strong>exercituin</strong></span> <span class='ocrx_word' id='word_1_213' title='bbox 1147 2057 1258 2081; x_wconf 86' lang='lat' dir='ltr'><strong>naves</strong></span> <span class='ocrx_word' id='word_1_214' title='bbox 1281 2045 1389 2093; x_wconf 85' lang='lat' dir='ltr'><strong>inpo-</strong></span> 
     </span>
     <span class='ocr_line' id='line_1_31' title="bbox 66 2103 1387 2161; baseline -0.005 -13"><span class='ocrx_word' id='word_1_215' title='bbox 66 2103 212 2133; x_wconf 64' lang='lat' dir='ltr'><strong>Anicms&#39;</strong></span> <span class='ocrx_word' id='word_1_216' title='bbox 282 2113 370 2155; x_wconf 86' lang='lat' dir='ltr'><strong>sito,</strong></span> <span class='ocrx_word' id='word_1_217' title='bbox 392 2113 430 2148; x_wconf 92' lang='lat' dir='ltr'><strong>in</strong></span> <span class='ocrx_word' id='word_1_218' title='bbox 451 2112 599 2148; x_wconf 84' lang='lat' dir='ltr'><strong>Italiam</strong></span> <span class='ocrx_word' id='word_1_219' title='bbox 622 2111 781 2161; x_wconf 81' lang='lat' dir='ltr'><strong>trajecit.</strong></span> <span class='ocrx_word' id='word_1_220' title='bbox 837 2110 890 2146; x_wconf 85' lang='lat' dir='ltr'><strong>Et</strong></span> <span class='ocrx_word' id='word_1_221' title='bbox 916 2117 1002 2160; x_wconf 85' lang='lat' dir='ltr'><strong>post</strong></span> <span class='ocrx_word' id='word_1_222' title='bbox 1022 2120 1161 2158; x_wconf 77' lang='lat' dir='ltr'><strong>paucos</strong></span> <span class='ocrx_word' id='word_1_223' title='bbox 1195 2108 1271 2143; x_wconf 82' lang='lat' dir='ltr'><strong>dies</strong></span> <span class='ocrx_word' id='word_1_224' title='bbox 1292 2108 1387 2143; x_wconf 86' lang='lat' dir='ltr'><strong>Ani-</strong></span> 
     </span>
     <span class='ocr_line' id='line_1_32' title="bbox 282 2171 1417 2225; baseline -0.006 -12"><span class='ocrx_word' id='word_1_225' title='bbox 282 2177 375 2219; x_wconf 86' lang='lat' dir='ltr'><strong>cius,</strong></span> <span class='ocrx_word' id='word_1_226' title='bbox 397 2171 587 2214; x_wconf 81' lang='lat' dir='ltr'><strong>conveutu</strong></span> <span class='ocrx_word' id='word_1_227' title='bbox 614 2176 843 2225; x_wconf 81' lang='lat' dir='ltr'><strong>reliquorum</strong></span> <span class='ocrx_word' id='word_1_228' title='bbox 862 2174 1107 2225; x_wconf 81' lang='lat' dir='ltr'><strong>Epirotarum</strong></span> <span class='ocrx_word' id='word_1_229' title='bbox 1128 2173 1389 2208; x_wconf 82' lang='lat' dir='ltr'><strong>Acarnanum·</strong></span> <span class='ocrx_word' id='word_1_230' title='bbox 1414 2215 1417 2218; x_wconf 26' lang='grc' dir='ltr'>Ι</span> 
     </span>
    </p>

    <p class='ocr_par' dir='ltr' id='par_1_19' title="bbox 279 2231 1386 2291">
     <span class='ocr_line' id='line_1_33' title="bbox 279 2231 1386 2291; baseline -0.005 -15"><span class='ocrx_word' id='word_1_231' title='bbox 279 2231 352 2289; x_wconf 87' lang='lat' dir='ltr'><strong>que</strong></span> <span class='ocrx_word' id='word_1_232' title='bbox 389 2247 490 2284; x_wconf 79' lang='lat' dir='ltr'><strong>acto,</strong></span> <span class='ocrx_word' id='word_1_233' title='bbox 520 2233 714 2291; x_wconf 72' lang='lat' dir='ltr'><strong>jussisque</strong></span> <span class='ocrx_word' id='word_1_234' title='bbox 747 2240 786 2275; x_wconf 88' lang='lat' dir='ltr'><strong>in</strong></span> <span class='ocrx_word' id='word_1_235' title='bbox 823 2238 973 2274; x_wconf 83' lang='lat' dir='ltr'><strong>Italiam</strong></span> <span class='ocrx_word' id='word_1_236' title='bbox 1006 2237 1108 2286; x_wconf 83' lang='lat' dir='ltr'><strong>sequi</strong></span> <span class='ocrx_word' id='word_1_237' title='bbox 1140 2235 1386 2286; x_wconf 66' lang='lat' dir='ltr'><strong>principibusx,</strong></span> 
     </span>
    </p>

    <p class='ocr_par' dir='ltr' id='par_1_20' title="bbox 280 2300 1385 2355">
     <span class='ocr_line' id='line_1_34' title="bbox 280 2300 1385 2355; baseline -0.006 -14"><span class='ocrx_word' id='word_1_238' title='bbox 280 2319 439 2354; x_wconf 78' lang='lat' dir='ltr'><strong>quorum</strong></span> <span class='ocrx_word' id='word_1_239' title='bbox 461 2305 718 2355; x_wconf 78' lang='lat' dir='ltr'><strong>cognitionem</strong></span> <span class='ocrx_word' id='word_1_240' title='bbox 740 2315 879 2340; x_wconf 75' lang='lat' dir='ltr'><strong>caussae</strong></span> <span class='ocrx_word' id='word_1_241' title='bbox 901 2309 1121 2344; x_wconf 72' lang='lat' dir='ltr'><strong>reservarat,</strong></span> <span class='ocrx_word' id='word_1_242' title='bbox 1143 2307 1178 2336; x_wconf 79' lang='lat' dir='ltr'><strong>et</strong></span> <span class='ocrx_word' id='word_1_243' title='bbox 1207 2300 1297 2349; x_wconf 82' lang='lat' dir='ltr'><strong>ipse,</strong></span> <span class='ocrx_word' id='word_1_244' title='bbox 1318 2312 1385 2334; x_wconf 80' lang='lat' dir='ltr'><strong>ua-</strong></span> 
     </span>
    </p>
   </div>
   <div class='ocr_carea' id='block_1_3' title="bbox 1504 0 1546 1632">
    <p class='ocr_par' dir='ltr' id='par_1_21' title="bbox 1504 0 1546 1632">
     <span class='ocr_line' id='line_1_35' title="bbox 1504 0 1546 1632; baseline 0 0"><span class='ocrx_word' id='word_1_245' title='bbox 1504 0 1546 1632; x_wconf 95' lang='lat' dir='ltr'><strong> </strong></span> 
     </span>
    </p>
   </div>
   <div class='ocr_carea' id='block_1_4' title="bbox 1535 1611 1546 2648">
    <p class='ocr_par' dir='ltr' id='par_1_22' title="bbox 1535 1611 1546 2648">
     <span class='ocr_line' id='line_1_36' title="bbox 1535 1611 1546 2648; baseline 0 0"><span class='ocrx_word' id='word_1_246' title='bbox 1535 1611 1546 2648; x_wconf 95' lang='lat' dir='ltr'><strong> </strong></span> 
     </span>
    </p>
   </div>
  </div>
 </body>
</html>
