1546 2648
356 139 512 169 LIBER
534 138 674 168 XLIV.
707 138 814 168 CAP.
836 138 885 167 V·
1092 139 1175 183 429

66 228 194 280 paullo
210 228 307 279 plus,
324 241 435 278 quam
450 235 592 278 quanta
609 226 745 264 belluae
764 226 926 264 latitudo
947 233 1003 263 est
1019 243 1026 264 ε
1049 228 1088 264 in
1108 241 1173 265 eos
1190 236 1233 266 U.
1247 235 1283 266 C.
1301 241 1372 267 553.

66 294 269 330 transversi
283 292 543 329 incumbentes
556 291 667 341 tigni,
682 291 728 328 ad
744 291 908 327 tricenos
925 290 1029 340 longi
1045 292 1174 342 pedeS,
1188 281 1227 310 Α·
1242 279 1279 310 C·
1295 282 1367 311 ²⁶9‘

66 363 108 392 ut
127 369 223 407 pons
244 363 355 400 esset,
373 354 695 406 injungebantur5
717 356 929 404 humusque
946 355 1099 405 insuper
1117 357 1176 393 in-

58 420 287 471 jiciebatur:
325 421 476 457 modico
509 421 643 457 deinde
676 419 776 456 infra
812 419 1011 456 intervallo
1045 420 1176 457 similis

65 484 160 521 alter
181 497 276 534 pons
292 498 300 520 z
333 485 419 521 dein
450 484 600 527 tertius,
630 491 667 520 et
696 483 821 534 plures
851 496 898 519 ex
927 483 1073 526 ordine,
1104 497 1179 533 qua

62 560 173 598 rupes
193 547 349 585 abscisae
366 555 488 592 erant,
504 548 658 586 fiebant.
675 540 681 545 ¹
703 548 833 584 Solido
853 547 1083 598 procedebat
1103 548 1178 584 ele-

61 612 156 662 phas
177 612 214 648 in
231 619 411 663 pontem:
444 611 550 662 cujus
570 613 787 662 priusquam
808 613 847 648 in
864 617 1073 648 extremum
1088 625 1179 662 pro-

64 676 227 719 cederet,
249 676 407 713 subcisis
427 677 614 713 asseribus
635 676 835 726 conlapsus
856 689 965 726 pons,
986 689 1104 725 usque
1124 676 1179 712 al-

65 739 182 776 terius
202 741 351 777 initium
379 741 522 790 pontis,
553 740 704 790 prolabi*
721 753 805 776 eum
834 739 971 776 leniter
991 739 1176 788 cogebat:

67 803 130 839 alii
146 803 337 854 elephanti
353 804 511 854 pedibus
532 805 765 846 insistentes,
783 804 845 840 alii
867 803 1039 840 clunibus
1057 803 1180 840 subsi-

65 867 211 910 dentes,
241 868 561 918 prolabebantur:
594 868 657 904 ubi
692 867 873 918 planicies
904 868 1022 904 altera
1051 869 1180 918 pontis

66 930 272 980 accepisset
299 944 377 974 eos,
398 944 525 967 rursus
555 931 669 967 simili
697 932 804 966 ruina
835 931 1023 967 inferioris
1051 932 1180 980 pontis

66 993 346 1039 deferebantur,
367 995 487 1031 donec
507 995 554 1032 ad
575 995 776 1044 aequiorern
799 994 932 1039 vallem
958 1003 1181 1045 perventum

68 1064 137 1094 est.
173 1058 309 1094 Paullo
323 1058 407 1109 plus
423 1065 568 1108 septem
587 1058 706 1094 millia
722 1059 780 1094 die
800 1057 968 1102 Romani
986 1071 1182 1108 processe-

66 1126 156 1157 runt
167 1136 179 1166 3
202 1121 398 1157 minimum
415 1121 573 1171 pedibus
589 1122 733 1157 itineris
752 1121 991 1158 confectum:
1017 1121 1182 1172 plerum-

68 1196 140 1231 que
160 1183 426 1233 provolventes
445 1197 485 1220 se
505 1185 616 1221 simul
635 1197 721 1221 cum
745 1186 856 1221 armis
877 1185 1036 1234 aliisque
1055 1186 1182 1222 oneri-

66 1246 152 1291 bus,
170 1260 253 1284 cum
270 1248 375 1284 omni
386 1260 525 1297 genere
536 1249 762 1291 vexationis,
779 1255 1066 1298 processerunt:
1089 1249 1183 1285 adeo

70 1317 113 1348 ut
127 1324 175 1348 ne
190 1312 265 1349 dux
280 1312 432 1362 quidem
447 1320 485 1348 et
499 1318 632 1348 auctor
646 1313 790 1349 itineris
808 1312 1052 1356 inficiaretur,
1069 1325 1186 1362 parva

70 1390 184 1414 manu
205 1377 319 1414 deleri
339 1390 492 1415 omnem
517 1380 725 1415 exercitum
751 1378 934 1428 potuisse.
988 1376 1117 1412 Nocte
1136 1376 1185 1412 ad

71 1442 258 1478 modicam
274 1442 472 1492 planiciem
494 1450 770 1493 pervenerunt:
802 1454 938 1491 neque,
956 1453 1002 1476 an
1024 1439 1184 1476 infestus

72 1505 103 1542 is
123 1505 228 1542 locus
249 1513 361 1549 esset,
387 1514 515 1557 septus
543 1507 722 1556 undique,
742 1504 1069 1555 circumspiciendi
1099 1515 1186 1553 spa-

73 1569 169 1606 tIum
188 1569 274 1606 fuit.
333 1570 405 1607 Vix
424 1571 577 1607 tandem
596 1584 642 1608 ex
658 1572 851 1622 insperato
867 1569 1042 1607 stabilem
1062 1568 1108 1605 ad
1128 1568 1187 1603 in·
1234 1613 1239 1618 l

75 1632 282 1669 sistendum
298 1635 419 1670 nactis
449 1634 590 1678 locum,
617 1640 772 1684 postero
791 1645 942 1683 quoque
960 1632 1021 1668 die
1048 1632 1089 1667 in
1109 1638 1188 1667 tam

75 1709 168 1733 cava
185 1696 280 1733 valle
300 1697 465 1748 obperiri
480 1697 701 1748 Popillium,
718 1711 762 1734 ac
781 1696 930 1733 relictas
951 1708 1037 1732 cum
1056 1707 1102 1731 eo
1121 1706 1187 1730 co-

73 1759 339 1812 pias,‘necesse
354 1761 427 1798 fuit
442 1776 450 1797 :
474 1773 568 1811 quos
584 1769 622 1797 et
636 1761 754 1811 ipsos,
771 1772 886 1810 quum
902 1759 949 1795 ab
962 1758 1066 1794 nulla
1081 1755 1188 1807 parte

74 1826 195 1864 hostis
211 1826 420 1869 terruisset,
436 1825 608 1863 locorum
623 1824 805 1876 asperitas
823 1822 1014 1860 hostiliter
1025 1821 1188 1858 vexavit.

73 1892 206 1930 Tertio
226 1893 284 1928 die
315 1891 529 1943 conjunctis
549 1892 669 1942 copiis
699 1895 790 1927 eunt
818 1902 885 1940 per
904 1888 1056 1930 saltum,
1076 1899 1188 1937 quem

75 1957 210 1994 incolae
240 1957 483 2007 Callipeucen
512 1956 724 2006 adpellant:
758 1961 894 2004 quarto
923 1953 1011 1989 inde
1033 1952 1094 1987 die
1122 1962 1190 2000 per

79 2034 183 2070 aeque
202 2021 316 2064 invia,
333 2020 397 2056 sed
413 2019 659 2056 adsuetudine
679 2018 850 2068 peritiuS,
871 2022 910 2052 et
927 2015 1082 2052 meliore
1102 2025 1188 2050 cum

81 2098 161 2134 spe,
191 2086 292 2134 quod
318 2097 388 2121 nec
416 2084 538 2120 hostis
568 2095 746 2132 umquam
776 2079 996 2131 adparebat,
1027 2085 1065 2114 et
1093 2077 1189 2113 mari

82 2148 450 2198 adpropinquabant,
470 2147 643 2197 'degressi
670 2147 711 2182 in
740 2156 907 2195 campos,
937 2143 1037 2178 inter
1064 2140 1190 2177 Hera-

83 2212 204 2249 cleum
222 2219 259 2248 et
275 2212 500 2249 Libethrum
516 2217 724 2263 posuerunt
740 2215 864 2247 castra
879 2208 1046 2258 peditum
1060 2221 1071 2250 3
1095 2217 1190 2253 quo-

81 2290 164 2315 rum
182 2289 267 2330 pars
298 2275 420 2328 major
444 2276 609 2314 tumulos
635 2274 814 2312 tenebat:
848 2274 875 2309 ii
895 2270 1043 2314 vallem,
1065 2268 1188 2318 campi
