<?xml version="1.0" encoding="UTF-8"?>
<!DOCTYPE html PUBLIC "-//W3C//DTD XHTML 1.0 Transitional//EN"
    "http://www.w3.org/TR/xhtml1/DTD/xhtml1-transitional.dtd">
<html xmlns="http://www.w3.org/1999/xhtml" xml:lang="en" lang="en">
 <head>
  <title>
</title>
<meta http-equiv="Content-Type" content="text/html;charset=utf-8" />
  <meta name='ocr-system' content='tesseract 3.04.00' />
  <meta name='ocr-capabilities' content='ocr_page ocr_carea ocr_par ocr_line ocrx_word'/>
</head>
<body>
  <div class='ocr_page' id='page_1' title='image "./historiarumquaes04livyuoft/historiarumquaes04livyuoft_0444.png"; bbox 0 0 1546 2648; ppageno 0'>
   <div class='ocr_carea' id='block_1_1' title="bbox 191 300 371 378">
    <p class='ocr_par' dir='ltr' id='par_1_1' title="bbox 191 300 371 378">
     <span class='ocr_line' id='line_1_1' title="bbox 192 300 371 333; baseline -0.006 -2"><span class='ocrx_word' id='word_1_1' title='bbox 192 300 234 331; x_wconf 90' lang='lat' dir='ltr'>U.</span> <span class='ocrx_word' id='word_1_2' title='bbox 246 300 282 332; x_wconf 92' lang='lat' dir='ltr'>C.</span> <span class='ocrx_word' id='word_1_3' title='bbox 298 308 371 333; x_wconf 80' lang='lat'>583.</span> 
     </span>
     <span class='ocr_line' id='line_1_2' title="bbox 191 344 370 378; baseline 0.011 -4"><span class='ocrx_word' id='word_1_4' title='bbox 191 345 232 375; x_wconf 84' lang='lat' dir='ltr'>A.</span> <span class='ocrx_word' id='word_1_5' title='bbox 245 344 282 375; x_wconf 92' lang='lat' dir='ltr'>C.</span> <span class='ocrx_word' id='word_1_6' title='bbox 300 351 370 378; x_wconf 85' lang='lat'>169.</span> 
     </span>
    </p>
   </div>
   <div class='ocr_carea' id='block_1_2' title="bbox 381 205 1035 249">
    <p class='ocr_par' dir='ltr' id='par_1_2' title="bbox 381 205 1035 249">
     <span class='ocr_line' id='line_1_3' title="bbox 381 205 1035 249; baseline 0.002 -15"><span class='ocrx_word' id='word_1_7' title='bbox 381 205 468 249; x_wconf 87' lang='lat'>434</span> <span class='ocrx_word' id='word_1_8' title='bbox 836 206 882 235; x_wconf 77' lang='grc' dir='ltr'>τ.</span> <span class='ocrx_word' id='word_1_9' title='bbox 905 206 1035 236; x_wconf 77' lang='lat' dir='ltr'>mvn</span> 
     </span>
    </p>
   </div>
   <div class='ocr_carea' id='block_1_3' title="bbox 367 293 1492 2404">
    <p class='ocr_par' dir='ltr' id='par_1_3' title="bbox 367 293 1492 2404">
     <span class='ocr_line' id='line_1_4' title="bbox 385 293 1491 345; baseline 0.004 -15"><span class='ocrx_word' id='word_1_10' title='bbox 385 295 488 331; x_wconf 89' lang='lat' dir='ltr'>varia</span> <span class='ocrx_word' id='word_1_11' title='bbox 510 293 811 345; x_wconf 86' lang='lat' dir='ltr'>spectaculorum</span> <span class='ocrx_word' id='word_1_12' title='bbox 836 296 1059 344; x_wconf 78' lang='lat' dir='ltr'>conquirere</span> <span class='ocrx_word' id='word_1_13' title='bbox 1079 308 1240 344; x_wconf 85' lang='lat' dir='ltr'>genera:</span> <span class='ocrx_word' id='word_1_14' title='bbox 1271 308 1356 340; x_wconf 92' lang='lat' dir='ltr'>nec,</span> <span class='ocrx_word' id='word_1_15' title='bbox 1376 296 1491 334; x_wconf 88' lang='lat' dir='ltr'>semel</span> 
     </span>
     <span class='ocr_line' id='line_1_5' title="bbox 384 358 1490 409; baseline 0.002 -15"><span class='ocrx_word' id='word_1_16' title='bbox 384 358 590 409; x_wconf 81' lang='lat' dir='ltr'>quadrigis,</span> <span class='ocrx_word' id='word_1_17' title='bbox 624 358 739 395; x_wconf 85' lang='lat' dir='ltr'>semel</span> <span class='ocrx_word' id='word_1_18' title='bbox 767 358 958 395; x_wconf 84' lang='lat' dir='ltr'>desultore</span> <span class='ocrx_word' id='word_1_19' title='bbox 989 360 1118 402; x_wconf 90' lang='lat' dir='ltr'>misso,</span> <span class='ocrx_word' id='word_1_20' title='bbox 1153 360 1216 396; x_wconf 78' lang='lat' dir='ltr'>vix</span> <span class='ocrx_word' id='word_1_21' title='bbox 1248 360 1357 396; x_wconf 86' lang='lat' dir='ltr'>unius</span> <span class='ocrx_word' id='word_1_22' title='bbox 1386 360 1490 397; x_wconf 87' lang='lat' dir='ltr'>horae</span> 
     </span>
     <span class='ocr_line' id='line_1_6' title="bbox 384 423 1491 474; baseline 0.002 -15"><span class='ocrx_word' id='word_1_23' title='bbox 384 430 532 474; x_wconf 89' lang='lat' dir='ltr'>tempus</span> <span class='ocrx_word' id='word_1_24' title='bbox 553 430 752 473; x_wconf 86' lang='lat' dir='ltr'>utrumque</span> <span class='ocrx_word' id='word_1_25' title='bbox 772 423 999 460; x_wconf 88' lang='lat' dir='ltr'>curriculum</span> <span class='ocrx_word' id='word_1_26' title='bbox 1021 423 1249 474; x_wconf 86' lang='lat' dir='ltr'>complebat.</span> <span class='ocrx_word' id='word_1_27' title='bbox 1306 424 1412 461; x_wconf 90' lang='lat' dir='ltr'>Inter</span> <span class='ocrx_word' id='word_1_28' title='bbox 1430 437 1491 461; x_wconf 88' lang='lat' dir='ltr'>ce-</span> 
     </span>
     <span class='ocr_line' id='line_1_7' title="bbox 382 487 1491 539; baseline 0.001 -15"><span class='ocrx_word' id='word_1_29' title='bbox 382 495 465 525; x_wconf 91' lang='lat' dir='ltr'>tera</span> <span class='ocrx_word' id='word_1_30' title='bbox 483 488 662 537; x_wconf 83' lang='lat' dir='ltr'>sexageni</span> <span class='ocrx_word' id='word_1_31' title='bbox 680 488 798 524; x_wconf 85' lang='lat' dir='ltr'>ferme</span> <span class='ocrx_word' id='word_1_32' title='bbox 809 487 985 539; x_wconf 72' lang='lat' dir='ltr'>juvenes,</span> <span class='ocrx_word' id='word_1_33' title='bbox 1010 489 1198 525; x_wconf 85' lang='lat' dir='ltr'>interdum</span> <span class='ocrx_word' id='word_1_34' title='bbox 1217 488 1355 539; x_wconf 82' lang='lat' dir='ltr'>plureS,</span> <span class='ocrx_word' id='word_1_35' title='bbox 1376 488 1491 539; x_wconf 87' lang='lat' dir='ltr'>adpa-</span> 
     </span>
     <span class='ocr_line' id='line_1_8' title="bbox 381 552 1492 590; baseline 0.002 -2"><span class='ocrx_word' id='word_1_36' title='bbox 381 552 563 589; x_wconf 91' lang='lat' dir='ltr'>ritoribus</span> <span class='ocrx_word' id='word_1_37' title='bbox 581 552 659 589; x_wconf 91' lang='lat' dir='ltr'>ludi</span> <span class='ocrx_word' id='word_1_38' title='bbox 679 553 812 589; x_wconf 79' lang='lat' dir='ltr'>armati</span> <span class='ocrx_word' id='word_1_39' title='bbox 832 553 1130 590; x_wconf 87' lang='lat' dir='ltr'>inducebantur:</span> <span class='ocrx_word' id='word_1_40' title='bbox 1162 554 1299 590; x_wconf 89' lang='lat' dir='ltr'>horum</span> <span class='ocrx_word' id='word_1_41' title='bbox 1320 554 1492 590; x_wconf 85' lang='lat' dir='ltr'>inductio</span> 
     </span>
     <span class='ocr_line' id='line_1_9' title="bbox 381 616 1492 667; baseline 0.002 -14"><span class='ocrx_word' id='word_1_42' title='bbox 381 618 421 653; x_wconf 88' lang='lat' dir='ltr'>in</span> <span class='ocrx_word' id='word_1_43' title='bbox 442 623 549 667; x_wconf 86' lang='lat' dir='ltr'>parte</span> <span class='ocrx_word' id='word_1_44' title='bbox 574 616 814 652; x_wconf 86' lang='lat' dir='ltr'>simulacrum</span> <span class='ocrx_word' id='word_1_45' title='bbox 833 616 1064 653; x_wconf 85' lang='lat' dir='ltr'>decurrentis</span> <span class='ocrx_word' id='word_1_46' title='bbox 1094 619 1278 654; x_wconf 81' lang='lat' dir='ltr'>exercitus</span> <span class='ocrx_word' id='word_1_47' title='bbox 1308 624 1412 664; x_wconf 77' lang='lat' dir='ltr'>erat5</span> <span class='ocrx_word' id='word_1_48' title='bbox 1445 630 1492 655; x_wconf 90' lang='lat' dir='ltr'>ex</span> 
     </span>
     <span class='ocr_line' id='line_1_10' title="bbox 381 679 1490 732; baseline 0.002 -16"><span class='ocrx_word' id='word_1_49' title='bbox 381 686 490 732; x_wconf 88' lang='lat' dir='ltr'>parte</span> <span class='ocrx_word' id='word_1_50' title='bbox 505 679 747 728; x_wconf 83' lang='lat' dir='ltr'>elegantioris</span> <span class='ocrx_word' id='word_1_51' title='bbox 764 681 948 723; x_wconf 83' lang='lat' dir='ltr'>exercitii,</span> <span class='ocrx_word' id='word_1_52' title='bbox 966 693 1078 729; x_wconf 89' lang='lat' dir='ltr'>quam</span> <span class='ocrx_word' id='word_1_53' title='bbox 1093 681 1265 717; x_wconf 87' lang='lat' dir='ltr'>militaris</span> <span class='ocrx_word' id='word_1_54' title='bbox 1282 682 1386 725; x_wconf 88' lang='lat' dir='ltr'>artis,</span> <span class='ocrx_word' id='word_1_55' title='bbox 1402 694 1490 732; x_wconf 90' lang='lat' dir='ltr'>pro-</span> 
     </span>
     <span class='ocr_line' id='line_1_11' title="bbox 379 743 1490 795; baseline 0.002 -15"><span class='ocrx_word' id='word_1_56' title='bbox 379 745 540 795; x_wconf 90' lang='lat' dir='ltr'>piorque</span> <span class='ocrx_word' id='word_1_57' title='bbox 559 743 825 793; x_wconf 85' lang='lat' dir='ltr'>gladiatorium</span> <span class='ocrx_word' id='word_1_58' title='bbox 852 757 1042 781; x_wconf 88' lang='lat' dir='ltr'>armorum</span> <span class='ocrx_word' id='word_1_59' title='bbox 1072 757 1193 782; x_wconf 84' lang='lat' dir='ltr'>usum.</span> <span class='ocrx_word' id='word_1_60' title='bbox 1249 745 1377 784; x_wconf 89' lang='lat' dir='ltr'>Quum</span> <span class='ocrx_word' id='word_1_61' title='bbox 1396 745 1490 782; x_wconf 89' lang='lat' dir='ltr'>alios</span> 
     </span>
     <span class='ocr_line' id='line_1_12' title="bbox 380 808 1490 858; baseline 0 -12"><span class='ocrx_word' id='word_1_62' title='bbox 380 809 558 846; x_wconf 91' lang='lat' dir='ltr'>decursus</span> <span class='ocrx_word' id='word_1_63' title='bbox 589 808 794 845; x_wconf 88' lang='lat' dir='ltr'>edidissent</span> <span class='ocrx_word' id='word_1_64' title='bbox 823 815 963 852; x_wconf 78' lang='lat' dir='ltr'>motus,</span> <span class='ocrx_word' id='word_1_65' title='bbox 983 808 1168 858; x_wconf 82' lang='lat' dir='ltr'>quadrato</span> <span class='ocrx_word' id='word_1_66' title='bbox 1199 810 1347 858; x_wconf 84' lang='lat' dir='ltr'>agmine</span> <span class='ocrx_word' id='word_1_67' title='bbox 1372 809 1490 853; x_wconf 90' lang='lat' dir='ltr'>facto,</span> 
     </span>
     <span class='ocr_line' id='line_1_13' title="bbox 380 873 1491 924; baseline 0 -14"><span class='ocrx_word' id='word_1_68' title='bbox 380 874 496 910; x_wconf 87' lang='lat' dir='ltr'>scutis</span> <span class='ocrx_word' id='word_1_69' title='bbox 527 886 639 923; x_wconf 86' lang='lat' dir='ltr'>super</span> <span class='ocrx_word' id='word_1_70' title='bbox 666 873 793 923; x_wconf 86' lang='lat' dir='ltr'>capita</span> <span class='ocrx_word' id='word_1_71' title='bbox 820 873 999 916; x_wconf 81' lang='lat' dir='ltr'>densatis,</span> <span class='ocrx_word' id='word_1_72' title='bbox 1030 873 1218 910; x_wconf 86' lang='lat' dir='ltr'>stantibus</span> <span class='ocrx_word' id='word_1_73' title='bbox 1251 874 1395 924; x_wconf 89' lang='lat' dir='ltr'>primis,</span> <span class='ocrx_word' id='word_1_74' title='bbox 1432 886 1491 910; x_wconf 84' lang='lat' dir='ltr'>se-</span> 
     </span>
     <span class='ocr_line' id='line_1_14' title="bbox 380 937 1488 988; baseline 0.001 -15"><span class='ocrx_word' id='word_1_75' title='bbox 380 938 512 974; x_wconf 88' lang='lat' dir='ltr'>cundis</span> <span class='ocrx_word' id='word_1_76' title='bbox 531 937 853 981; x_wconf 83' lang='lat' dir='ltr'>submissioribus,</span> <span class='ocrx_word' id='word_1_77' title='bbox 874 938 994 973; x_wconf 85' lang='lat' dir='ltr'>tertiis</span> <span class='ocrx_word' id='word_1_78' title='bbox 1010 938 1129 987; x_wconf 90' lang='lat' dir='ltr'>magis</span> <span class='ocrx_word' id='word_1_79' title='bbox 1147 944 1184 974; x_wconf 89' lang='lat' dir='ltr'>et</span> <span class='ocrx_word' id='word_1_80' title='bbox 1203 938 1361 987; x_wconf 83' lang='lat' dir='ltr'>quartiS,</span> <span class='ocrx_word' id='word_1_81' title='bbox 1380 945 1488 988; x_wconf 87' lang='lat' dir='ltr'>post-</span> 
     </span>
     <span class='ocr_line' id='line_1_15' title="bbox 376 1001 1488 1050; baseline 0.002 -13"><span class='ocrx_word' id='word_1_82' title='bbox 376 1002 490 1038; x_wconf 84' lang='lat' dir='ltr'>remis</span> <span class='ocrx_word' id='word_1_83' title='bbox 510 1001 623 1038; x_wconf 87' lang='lat' dir='ltr'>etiam</span> <span class='ocrx_word' id='word_1_84' title='bbox 645 1013 746 1050; x_wconf 88' lang='lat' dir='ltr'>genu</span> <span class='ocrx_word' id='word_1_85' title='bbox 763 1002 870 1045; x_wconf 90' lang='lat' dir='ltr'>nisis,</span> <span class='ocrx_word' id='word_1_86' title='bbox 891 1002 1124 1050; x_wconf 86' lang='lat' dir='ltr'>fastigatam,</span> <span class='ocrx_word' id='word_1_87' title='bbox 1155 1003 1253 1038; x_wconf 89' lang='lat' dir='ltr'>sicut</span> <span class='ocrx_word' id='word_1_88' title='bbox 1278 1009 1380 1039; x_wconf 89' lang='lat' dir='ltr'>tecta</span> <span class='ocrx_word' id='word_1_89' title='bbox 1399 1003 1488 1039; x_wconf 85' lang='lat' dir='ltr'>aedi-</span> 
     </span>
     <span class='ocr_line' id='line_1_16' title="bbox 376 1066 1488 1116; baseline 0.001 -14"><span class='ocrx_word' id='word_1_90' title='bbox 376 1066 550 1102; x_wconf 86' lang='lat' dir='ltr'>ficiorum</span> <span class='ocrx_word' id='word_1_91' title='bbox 569 1072 670 1109; x_wconf 89' lang='lat' dir='ltr'>sunt,</span> <span class='ocrx_word' id='word_1_92' title='bbox 684 1066 913 1102; x_wconf 85' lang='lat' dir='ltr'>testudinem</span> <span class='ocrx_word' id='word_1_93' title='bbox 930 1066 1135 1104; x_wconf 84' lang='lat' dir='ltr'>faciebant.</span> <span class='ocrx_word' id='word_1_94' title='bbox 1182 1066 1286 1103; x_wconf 87' lang='lat' dir='ltr'>Hinc</span> <span class='ocrx_word' id='word_1_95' title='bbox 1302 1068 1488 1116; x_wconf 81' lang='lat' dir='ltr'>quinqua-</span> 
     </span>
     <span class='ocr_line' id='line_1_17' title="bbox 376 1132 1487 1184; baseline -0.002 -14"><span class='ocrx_word' id='word_1_96' title='bbox 376 1136 485 1184; x_wconf 85' lang='lat' dir='ltr'>ginta</span> <span class='ocrx_word' id='word_1_97' title='bbox 502 1134 620 1171; x_wconf 89' lang='lat' dir='ltr'>ferme</span> <span class='ocrx_word' id='word_1_98' title='bbox 639 1135 777 1184; x_wconf 88' lang='lat' dir='ltr'>pedum</span> <span class='ocrx_word' id='word_1_99' title='bbox 794 1135 919 1184; x_wconf 88' lang='lat' dir='ltr'>spatio</span> <span class='ocrx_word' id='word_1_100' title='bbox 938 1135 1122 1170; x_wconf 88' lang='lat' dir='ltr'>distantes</span> <span class='ocrx_word' id='word_1_101' title='bbox 1143 1133 1218 1169; x_wconf 87' lang='lat' dir='ltr'>duo</span> <span class='ocrx_word' id='word_1_102' title='bbox 1238 1132 1373 1168; x_wconf 85' lang='lat' dir='ltr'>armati</span> <span class='ocrx_word' id='word_1_103' title='bbox 1398 1143 1487 1181; x_wconf 90' lang='lat' dir='ltr'>pro-</span> 
     </span>
     <span class='ocr_line' id='line_1_18' title="bbox 376 1197 1487 1247; baseline -0.003 -13"><span class='ocrx_word' id='word_1_104' title='bbox 376 1198 592 1240; x_wconf 86' lang='lat' dir='ltr'>currebant,</span> <span class='ocrx_word' id='word_1_105' title='bbox 607 1199 903 1247; x_wconf 86' lang='lat' dir='ltr'>comminatique</span> <span class='ocrx_word' id='word_1_106' title='bbox 916 1199 1015 1234; x_wconf 88' lang='lat' dir='ltr'>inter</span> <span class='ocrx_word' id='word_1_107' title='bbox 1027 1210 1079 1240; x_wconf 87' lang='lat' dir='ltr'>se,</span> <span class='ocrx_word' id='word_1_108' title='bbox 1097 1197 1144 1233; x_wconf 90' lang='lat' dir='ltr'>ab</span> <span class='ocrx_word' id='word_1_109' title='bbox 1162 1197 1285 1232; x_wconf 85' lang='lat' dir='ltr'>imain</span> <span class='ocrx_word' id='word_1_110' title='bbox 1303 1207 1487 1232; x_wconf 86' lang='lat' dir='ltr'>summam</span> 
     </span>
     <span class='ocr_line' id='line_1_19' title="bbox 373 1261 1484 1312; baseline -0.003 -14"><span class='ocrx_word' id='word_1_111' title='bbox 373 1263 602 1299; x_wconf 84' lang='lat' dir='ltr'>testudinem</span> <span class='ocrx_word' id='word_1_112' title='bbox 622 1275 688 1312; x_wconf 87' lang='lat' dir='ltr'>per</span> <span class='ocrx_word' id='word_1_113' title='bbox 707 1261 863 1300; x_wconf 82' lang='lat' dir='ltr'>densata</span> <span class='ocrx_word' id='word_1_114' title='bbox 883 1269 990 1299; x_wconf 88' lang='lat' dir='ltr'>scuta</span> <span class='ocrx_word' id='word_1_115' title='bbox 1009 1275 1124 1312; x_wconf 89' lang='lat' dir='ltr'>quum</span> <span class='ocrx_word' id='word_1_116' title='bbox 1144 1262 1363 1303; x_wconf 83' lang='lat' dir='ltr'>evasissent,</span> <span class='ocrx_word' id='word_1_117' title='bbox 1383 1272 1484 1296; x_wconf 91' lang='lat' dir='ltr'>nunc</span> 
     </span>
     <span class='ocr_line' id='line_1_20' title="bbox 371 1324 1486 1378; baseline -0.004 -15"><span class='ocrx_word' id='word_1_118' title='bbox 371 1327 475 1363; x_wconf 89' lang='lat' dir='ltr'>velut</span> <span class='ocrx_word' id='word_1_119' title='bbox 510 1335 795 1377; x_wconf 77' lang='lat' dir='ltr'>propugnantes</span> <span class='ocrx_word' id='word_1_120' title='bbox 832 1340 900 1378; x_wconf 88' lang='lat' dir='ltr'>per</span> <span class='ocrx_word' id='word_1_121' title='bbox 936 1339 1020 1363; x_wconf 90' lang='lat' dir='ltr'>oras</span> <span class='ocrx_word' id='word_1_122' title='bbox 1057 1333 1233 1363; x_wconf 84' lang='lat' dir='ltr'>extremae</span> <span class='ocrx_word' id='word_1_123' title='bbox 1268 1324 1486 1367; x_wconf 83' lang='lat' dir='ltr'>testudinis,</span> 
     </span>
     <span class='ocr_line' id='line_1_21' title="bbox 371 1388 1484 1432; baseline -0.004 -5"><span class='ocrx_word' id='word_1_124' title='bbox 371 1404 472 1427; x_wconf 88' lang='lat' dir='ltr'>nunc</span> <span class='ocrx_word' id='word_1_125' title='bbox 505 1391 544 1426; x_wconf 88' lang='lat' dir='ltr'>in</span> <span class='ocrx_word' id='word_1_126' title='bbox 574 1390 697 1426; x_wconf 84' lang='lat' dir='ltr'>media</span> <span class='ocrx_word' id='word_1_127' title='bbox 726 1391 826 1426; x_wconf 87' lang='lat' dir='ltr'>inter</span> <span class='ocrx_word' id='word_1_128' title='bbox 854 1403 894 1427; x_wconf 89' lang='lat' dir='ltr'>se</span> <span class='ocrx_word' id='word_1_129' title='bbox 924 1396 1206 1432; x_wconf 83' lang='lat' dir='ltr'>concurrentes,</span> <span class='ocrx_word' id='word_1_130' title='bbox 1243 1388 1344 1425; x_wconf 86' lang='lat' dir='ltr'>haud</span> <span class='ocrx_word' id='word_1_131' title='bbox 1378 1399 1484 1424; x_wconf 91' lang='lat' dir='ltr'>secus</span> 
     </span>
     <span class='ocr_line' id='line_1_22' title="bbox 372 1453 1486 1504; baseline -0.004 -13"><span class='ocrx_word' id='word_1_132' title='bbox 372 1467 486 1504; x_wconf 92' lang='lat' dir='ltr'>quam</span> <span class='ocrx_word' id='word_1_133' title='bbox 506 1454 632 1491; x_wconf 84' lang='lat' dir='ltr'>stabili</span> <span class='ocrx_word' id='word_1_134' title='bbox 660 1453 743 1490; x_wconf 84' lang='lat' dir='ltr'>solo</span> <span class='ocrx_word' id='word_1_135' title='bbox 771 1454 1046 1504; x_wconf 86' lang='lat' dir='ltr'>persultabant.</span> <span class='ocrx_word' id='word_1_136' title='bbox 1101 1454 1205 1490; x_wconf 89' lang='lat' dir='ltr'>Huic</span> <span class='ocrx_word' id='word_1_137' title='bbox 1224 1453 1406 1489; x_wconf 84' lang='lat' dir='ltr'>testudini</span> <span class='ocrx_word' id='word_1_138' title='bbox 1435 1453 1486 1488; x_wconf 87' lang='lat' dir='ltr'>si·</span> 
     </span>
     <span class='ocr_line' id='line_1_23' title="bbox 373 1518 1484 1569; baseline -0.003 -14"><span class='ocrx_word' id='word_1_139' title='bbox 373 1519 534 1555; x_wconf 86' lang='lat' dir='ltr'>millima</span> <span class='ocrx_word' id='word_1_140' title='bbox 553 1520 651 1569; x_wconf 86' lang='lat' dir='ltr'>parti</span> <span class='ocrx_word' id='word_1_141' title='bbox 671 1519 767 1554; x_wconf 87' lang='lat' dir='ltr'>muri</span> <span class='ocrx_word' id='word_1_142' title='bbox 788 1519 953 1561; x_wconf 88' lang='lat' dir='ltr'>admota,</span> <span class='ocrx_word' id='word_1_143' title='bbox 974 1531 1090 1567; x_wconf 90' lang='lat' dir='ltr'>quum</span> <span class='ocrx_word' id='word_1_144' title='bbox 1112 1518 1247 1554; x_wconf 88' lang='lat' dir='ltr'>armati</span> <span class='ocrx_word' id='word_1_145' title='bbox 1267 1524 1484 1568; x_wconf 86' lang='lat' dir='ltr'>superstan-</span> 
     </span>
     <span class='ocr_line' id='line_1_24' title="bbox 372 1580 1483 1632; baseline -0.003 -14"><span class='ocrx_word' id='word_1_146' title='bbox 372 1590 430 1619; x_wconf 85' lang='lat' dir='ltr'>tes</span> <span class='ocrx_word' id='word_1_147' title='bbox 446 1582 649 1624; x_wconf 82' lang='lat' dir='ltr'>subissent,</span> <span class='ocrx_word' id='word_1_148' title='bbox 664 1581 1012 1632; x_wconf 83' lang='lat' dir='ltr'>propugnatoribus</span> <span class='ocrx_word' id='word_1_149' title='bbox 1029 1582 1126 1618; x_wconf 89' lang='lat' dir='ltr'>muri</span> <span class='ocrx_word' id='word_1_150' title='bbox 1141 1580 1295 1630; x_wconf 84' lang='lat' dir='ltr'>fastigio</span> <span class='ocrx_word' id='word_1_151' title='bbox 1314 1580 1483 1616; x_wconf 87' lang='lat' dir='ltr'>altitudi-</span> 
     </span>
     <span class='ocr_line' id='line_1_25' title="bbox 372 1645 1484 1696; baseline -0.003 -12"><span class='ocrx_word' id='word_1_152' title='bbox 372 1648 431 1684; x_wconf 86' lang='lat' dir='ltr'>nis</span> <span class='ocrx_word' id='word_1_153' title='bbox 459 1645 726 1696; x_wconf 87' lang='lat' dir='ltr'>aequabantur:</span> <span class='ocrx_word' id='word_1_154' title='bbox 761 1646 999 1696; x_wconf 85' lang='lat' dir='ltr'>depulsisque</span> <span class='ocrx_word' id='word_1_155' title='bbox 1023 1647 1082 1690; x_wconf 84' lang='lat' dir='ltr'>iis,</span> <span class='ocrx_word' id='word_1_156' title='bbox 1104 1647 1143 1682; x_wconf 91' lang='lat' dir='ltr'>in</span> <span class='ocrx_word' id='word_1_157' title='bbox 1170 1645 1300 1682; x_wconf 91' lang='lat' dir='ltr'>urbem</span> <span class='ocrx_word' id='word_1_158' title='bbox 1323 1645 1484 1681; x_wconf 84' lang='lat' dir='ltr'>duorum</span> 
     </span>
     <span class='ocr_line' id='line_1_26' title="bbox 373 1709 1483 1760; baseline -0.004 -12"><span class='ocrx_word' id='word_1_159' title='bbox 373 1713 569 1760; x_wconf 86' lang='lat' dir='ltr'>signorum</span> <span class='ocrx_word' id='word_1_160' title='bbox 588 1710 725 1747; x_wconf 87' lang='lat' dir='ltr'>milites</span> <span class='ocrx_word' id='word_1_161' title='bbox 752 1711 1078 1748; x_wconf 82' lang='lat' dir='ltr'>transcenderunt.</span> <span class='ocrx_word' id='word_1_162' title='bbox 1135 1710 1180 1746; x_wconf 92' lang='lat' dir='ltr'>Id</span> <span class='ocrx_word' id='word_1_163' title='bbox 1205 1716 1354 1747; x_wconf 89' lang='lat' dir='ltr'>tantum</span> <span class='ocrx_word' id='word_1_164' title='bbox 1374 1709 1483 1745; x_wconf 87' lang='lat' dir='ltr'>dissi-</span> 
     </span>
     <span class='ocr_line' id='line_1_27' title="bbox 372 1773 1481 1825; baseline -0.004 -13"><span class='ocrx_word' id='word_1_165' title='bbox 372 1776 461 1813; x_wconf 91' lang='lat' dir='ltr'>mile</span> <span class='ocrx_word' id='word_1_166' title='bbox 479 1776 566 1819; x_wconf 81' lang='lat' dir='ltr'>fuit,</span> <span class='ocrx_word' id='word_1_167' title='bbox 580 1775 695 1825; x_wconf 92' lang='lat' dir='ltr'>quod,</span> <span class='ocrx_word' id='word_1_168' title='bbox 713 1782 751 1812; x_wconf 84' lang='lat' dir='ltr'>ct</span> <span class='ocrx_word' id='word_1_169' title='bbox 771 1776 809 1812; x_wconf 90' lang='lat' dir='ltr'>in</span> <span class='ocrx_word' id='word_1_170' title='bbox 822 1775 948 1812; x_wconf 88' lang='lat' dir='ltr'>fronte</span> <span class='ocrx_word' id='word_1_171' title='bbox 965 1782 1148 1818; x_wconf 88' lang='lat' dir='ltr'>extrema,</span> <span class='ocrx_word' id='word_1_172' title='bbox 1165 1781 1202 1811; x_wconf 92' lang='lat' dir='ltr'>et</span> <span class='ocrx_word' id='word_1_173' title='bbox 1221 1787 1267 1810; x_wconf 85' lang='lat' dir='ltr'>ex</span> <span class='ocrx_word' id='word_1_174' title='bbox 1286 1773 1481 1816; x_wconf 88' lang='lat' dir='ltr'>lateribus,</span> 
     </span>
     <span class='ocr_line' id='line_1_28' title="bbox 372 1838 1479 1889; baseline -0.004 -13"><span class='ocrx_word' id='word_1_175' title='bbox 372 1839 443 1876; x_wconf 91' lang='lat' dir='ltr'>soli</span> <span class='ocrx_word' id='word_1_176' title='bbox 463 1852 542 1876; x_wconf 91' lang='lat' dir='ltr'>non</span> <span class='ocrx_word' id='word_1_177' title='bbox 559 1839 753 1875; x_wconf 86' lang='lat' dir='ltr'>habebant</span> <span class='ocrx_word' id='word_1_178' title='bbox 780 1851 892 1889; x_wconf 89' lang='lat' dir='ltr'>super</span> <span class='ocrx_word' id='word_1_179' title='bbox 917 1839 1042 1888; x_wconf 89' lang='lat' dir='ltr'>capita</span> <span class='ocrx_word' id='word_1_180' title='bbox 1061 1838 1185 1874; x_wconf 90' lang='lat' dir='ltr'>delata</span> <span class='ocrx_word' id='word_1_181' title='bbox 1207 1844 1313 1874; x_wconf 88' lang='lat' dir='ltr'>scuta</span> <span class='ocrx_word' id='word_1_182' title='bbox 1332 1849 1379 1873; x_wconf 88' lang='lat' dir='ltr'>ne</span> <span class='ocrx_word' id='word_1_183' title='bbox 1408 1849 1479 1873; x_wconf 91' lang='lat' dir='ltr'>nu-</span> 
     </span>
     <span class='ocr_line' id='line_1_29' title="bbox 372 1903 1477 1954; baseline -0.005 -13"><span class='ocrx_word' id='word_1_184' title='bbox 372 1905 505 1941; x_wconf 83' lang='lat' dir='ltr'>darent</span> <span class='ocrx_word' id='word_1_185' title='bbox 534 1916 717 1954; x_wconf 85' lang='lat' dir='ltr'>corpora3</span> <span class='ocrx_word' id='word_1_186' title='bbox 750 1903 814 1939; x_wconf 90' lang='lat' dir='ltr'>sed</span> <span class='ocrx_word' id='word_1_187' title='bbox 851 1909 1031 1953; x_wconf 85' lang='lat' dir='ltr'>praetecta</span> <span class='ocrx_word' id='word_1_188' title='bbox 1066 1903 1317 1952; x_wconf 87' lang='lat' dir='ltr'>pugnantium</span> <span class='ocrx_word' id='word_1_189' title='bbox 1349 1913 1477 1937; x_wconf 88' lang='lat' dir='ltr'>more:</span> 
     </span>
     <span class='ocr_line' id='line_1_30' title="bbox 369 1965 1478 2016; baseline -0.003 -12"><span class='ocrx_word' id='word_1_190' title='bbox 369 1969 423 2004; x_wconf 86' lang='lat' dir='ltr'>ita</span> <span class='ocrx_word' id='word_1_191' title='bbox 443 1980 514 2004; x_wconf 89' lang='lat' dir='ltr'>nec</span> <span class='ocrx_word' id='word_1_192' title='bbox 533 1968 633 2016; x_wconf 89' lang='lat' dir='ltr'>ipsos</span> <span class='ocrx_word' id='word_1_193' title='bbox 655 1965 731 2002; x_wconf 86' lang='lat' dir='ltr'>tela</span> <span class='ocrx_word' id='word_1_194' title='bbox 749 1979 794 2002; x_wconf 88' lang='lat' dir='ltr'>ex</span> <span class='ocrx_word' id='word_1_195' title='bbox 813 1979 922 2003; x_wconf 88' lang='lat' dir='ltr'>muro</span> <span class='ocrx_word' id='word_1_196' title='bbox 939 1967 1052 2002; x_wconf 83' lang='lat' dir='ltr'>missa</span> <span class='ocrx_word' id='word_1_197' title='bbox 1067 1965 1270 2002; x_wconf 88' lang='lat' dir='ltr'>subeuntes</span> <span class='ocrx_word' id='word_1_198' title='bbox 1287 1965 1478 2007; x_wconf 83' lang='lat' dir='ltr'>laeserunt,</span> 
     </span>
     <span class='ocr_line' id='line_1_31' title="bbox 370 2029 1478 2081; baseline -0.004 -13"><span class='ocrx_word' id='word_1_199' title='bbox 370 2039 408 2069; x_wconf 92' lang='lat' dir='ltr'>et</span> <span class='ocrx_word' id='word_1_200' title='bbox 426 2031 609 2068; x_wconf 87' lang='lat' dir='ltr'>testudini</span> <span class='ocrx_word' id='word_1_201' title='bbox 629 2029 768 2081; x_wconf 89' lang='lat' dir='ltr'>injecta</span> <span class='ocrx_word' id='word_1_202' title='bbox 786 2029 916 2066; x_wconf 87' lang='lat' dir='ltr'>imbris</span> <span class='ocrx_word' id='word_1_203' title='bbox 933 2031 971 2066; x_wconf 91' lang='lat' dir='ltr'>in</span> <span class='ocrx_word' id='word_1_204' title='bbox 991 2030 1144 2066; x_wconf 87' lang='lat' dir='ltr'>modum</span> <span class='ocrx_word' id='word_1_205' title='bbox 1163 2029 1308 2066; x_wconf 92' lang='lat' dir='ltr'>lubrico</span> <span class='ocrx_word' id='word_1_206' title='bbox 1323 2029 1478 2077; x_wconf 85' lang='lat' dir='ltr'>fastigio</span> 
     </span>
     <span class='ocr_line' id='line_1_32' title="bbox 369 2092 1476 2143; baseline -0.004 -10"><span class='ocrx_word' id='word_1_207' title='bbox 369 2097 528 2133; x_wconf 82' lang='lat' dir='ltr'>innoxia</span> <span class='ocrx_word' id='word_1_208' title='bbox 547 2095 592 2132; x_wconf 90' lang='lat' dir='ltr'>ad</span> <span class='ocrx_word' id='word_1_209' title='bbox 611 2095 725 2131; x_wconf 90' lang='lat' dir='ltr'>imum</span> <span class='ocrx_word' id='word_1_210' title='bbox 747 2093 982 2131; x_wconf 87' lang='lat' dir='ltr'>labebantur.</span> <span class='ocrx_word' id='word_1_211' title='bbox 1028 2094 1082 2130; x_wconf 84' lang='lat' dir='ltr'>Et</span> <span class='ocrx_word' id='word_1_212' title='bbox 1101 2093 1246 2136; x_wconf 89' lang='lat' dir='ltr'>consul,</span> <span class='ocrx_word' id='word_1_213' title='bbox 1268 2099 1380 2143; x_wconf 89' lang='lat' dir='ltr'>capto</span> <span class='ocrx_word' id='word_1_214' title='bbox 1393 2092 1476 2143; x_wconf 87' lang='lat' dir='ltr'>jam</span> 
     </span>
     <span class='ocr_line' id='line_1_33' title="bbox 370 2157 1476 2209; baseline -0.004 -12"><span class='ocrx_word' id='word_1_215' title='bbox 370 2159 574 2202; x_wconf 82' lang='lat' dir='ltr'>Heracleo,</span> <span class='ocrx_word' id='word_1_216' title='bbox 596 2166 718 2195; x_wconf 88' lang='lat' dir='ltr'>castra</span> <span class='ocrx_word' id='word_1_217' title='bbox 737 2172 783 2195; x_wconf 89' lang='lat' dir='ltr'>eo</span> <span class='ocrx_word' id='word_1_218' title='bbox 809 2159 1021 2209; x_wconf 82' lang='lat' dir='ltr'>promovit3</span> <span class='ocrx_word' id='word_1_219' title='bbox 1054 2166 1246 2208; x_wconf 87' lang='lat' dir='ltr'>tamquam</span> <span class='ocrx_word' id='word_1_220' title='bbox 1265 2157 1397 2201; x_wconf 87' lang='lat' dir='ltr'>Dium,</span> <span class='ocrx_word' id='word_1_221' title='bbox 1418 2165 1476 2194; x_wconf 87' lang='lat' dir='ltr'>at·</span> 
     </span>
     <span class='ocr_line' id='line_1_34' title="bbox 368 2223 1475 2275; baseline -0.003 -15"><span class='ocrx_word' id='word_1_222' title='bbox 368 2238 455 2275; x_wconf 90' lang='lat' dir='ltr'>que,</span> <span class='ocrx_word' id='word_1_223' title='bbox 476 2224 563 2260; x_wconf 88' lang='lat' dir='ltr'>inde</span> <span class='ocrx_word' id='word_1_224' title='bbox 582 2223 759 2260; x_wconf 84' lang='lat' dir='ltr'>submoto</span> <span class='ocrx_word' id='word_1_225' title='bbox 787 2237 887 2273; x_wconf 82' lang='lat' dir='ltr'>rege,</span> <span class='ocrx_word' id='word_1_226' title='bbox 914 2224 953 2260; x_wconf 90' lang='lat' dir='ltr'>in</span> <span class='ocrx_word' id='word_1_227' title='bbox 974 2223 1136 2260; x_wconf 89' lang='lat' dir='ltr'>Pieriam</span> <span class='ocrx_word' id='word_1_228' title='bbox 1159 2224 1272 2259; x_wconf 89' lang='lat' dir='ltr'>etiam</span> <span class='ocrx_word' id='word_1_229' title='bbox 1300 2234 1475 2273; x_wconf 87' lang='lat' dir='ltr'>progres-</span> 
     </span>
     <span class='ocr_line' id='line_1_35' title="bbox 368 2286 1472 2338; baseline -0.004 -13"><span class='ocrx_word' id='word_1_230' title='bbox 368 2301 488 2325; x_wconf 88' lang='lat' dir='ltr'>surus.</span> <span class='ocrx_word' id='word_1_231' title='bbox 546 2287 617 2323; x_wconf 89' lang='lat' dir='ltr'>Sed</span> <span class='ocrx_word' id='word_1_232' title='bbox 636 2286 794 2323; x_wconf 85' lang='lat' dir='ltr'>hiberna</span> <span class='ocrx_word' id='word_1_233' title='bbox 806 2287 888 2337; x_wconf 89' lang='lat' dir='ltr'>jam</span> <span class='ocrx_word' id='word_1_234' title='bbox 909 2300 1138 2338; x_wconf 72' lang='lat' dir='ltr'>praeparans,</span> <span class='ocrx_word' id='word_1_235' title='bbox 1156 2287 1232 2323; x_wconf 90' lang='lat' dir='ltr'>vias</span> <span class='ocrx_word' id='word_1_236' title='bbox 1253 2286 1472 2322; x_wconf 84' lang='lat' dir='ltr'>commeati-</span> 
     </span>
     <span class='ocr_line' id='line_1_36' title="bbox 367 2350 1470 2404; baseline -0.004 -14"><span class='ocrx_word' id='word_1_237' title='bbox 367 2353 437 2390; x_wconf 89' lang='lat' dir='ltr'>bus</span> <span class='ocrx_word' id='word_1_238' title='bbox 455 2352 702 2389; x_wconf 88' lang='lat' dir='ltr'>subvehendis</span> <span class='ocrx_word' id='word_1_239' title='bbox 730 2365 776 2390; x_wconf 89' lang='lat' dir='ltr'>ex</span> <span class='ocrx_word' id='word_1_240' title='bbox 793 2352 991 2390; x_wconf 88' lang='lat' dir='ltr'>Thessalia</span> <span class='ocrx_word' id='word_1_241' title='bbox 1020 2353 1156 2391; x_wconf 86' lang='lat' dir='ltr'>muniri</span> <span class='ocrx_word' id='word_1_242' title='bbox 1170 2351 1296 2404; x_wconf 89' lang='lat' dir='ltr'>jubet,</span> <span class='ocrx_word' id='word_1_243' title='bbox 1317 2357 1355 2388; x_wconf 91' lang='lat' dir='ltr'>et</span> <span class='ocrx_word' id='word_1_244' title='bbox 1384 2350 1470 2401; x_wconf 81' lang='lat' dir='ltr'>eligi</span> 
     </span>
    </p>
   </div>
  </div>
 </body>
</html>
