1546 2648
294 154 379 198 332
464 168 468 174 -
752 153 797 183 τ.
822 152 955 183 mvn

104 248 146 278 U.
160 247 196 277 C.
212 253 284 278 580.
296 242 391 293 lippi
409 241 590 286 consiliis,
610 254 728 279 necem
743 243 924 279 Demetrii
929 243 1009 292 filii
1027 240 1170 286 retulit,
1187 243 1406 283 adversantis

102 291 143 321 A.
161 290 197 319 C.
214 296 273 325 172

104 345 258 375 Perseum

102 394 234 425 suspec-

105 436 177 458 tum
192 429 267 459 facit

105 471 273 504 Romanis.

278 306 464 342 'Romano
492 306 606 350 bello,·
636 307 900 343 Bastarnarum
921 311 1063 354 gentem
1091 308 1244 343 excitam
1271 309 1409 346 sedibus

297 371 383 413 suis,
400 382 549 418 quorum
567 371 712 406 auxiliis
719 369 844 418 fretus
862 371 899 405 in
914 371 1063 406 Italiam
1084 371 1263 407 transiret.
1317 372 1407 408 Haec
1420 364 1429 369 ⁸

300 446 380 470 eum
405 435 627 471 volutantem
655 436 693 470 in
715 436 849 477 animo,
867 435 1069 482 obpressum
1085 434 1190 482 fato,
1211 447 1360 483 regnum
1378 437 1414 472 ei

298 499 492 546 reliquisse,
513 511 615 546 quem
643 497 910 546 infestissimum
936 510 1008 534 esse
1034 500 1193 534 sensisset
1212 499 1410 537 Romanis:

298 564 421 610 itaque
438 563 585 604 Persea,
614 563 882 598 haereditarium
899 574 923 597 a
946 566 1054 609 patre
1080 563 1244 598 relictum
1263 562 1408 606 bellum,

299 630 335 662 et
351 625 460 661 simul
477 637 558 660 cum
583 626 730 672 imperio
757 625 945 666 traditum,
957 623 1114 669 jamjam
1136 626 1295 671 primum
1314 627 1411 663 alere

299 701 343 725 ac
349 687 481 737 fovere
494 688 654 724 omnibus
667 688 833 724 consiliis.
872 686 1018 723 Florere
1029 691 1206 735 praeterea
1209 686 1412 734 juventute,

301 764 410 799 quam
432 753 579 800 stirpem
597 752 706 799 longa
726 763 803 800 pax
820 752 983 794 ediderit,
991 751 1129 800 florere
1153 751 1275 799 opibus
1298 755 1413 801 regni,

286 816 423 865 florere
441 817 549 852 etiam
567 820 684 852 oetate.
742 815 829 856 Quae
853 827 960 863 quum
977 817 1135 862 corporis
1158 815 1282 852 robore
1299 829 1343 853 ac
1359 818 1415 852 vi-

302 880 397 916 ribus
413 881 547 927 vigeat,
568 881 729 916 animum
751 890 822 915 esse
847 880 1082 915 inveteratum
1101 879 1241 915 diutina
1258 885 1338 916 arte
1355 885 1414 917 at-

302 955 368 992 que
386 955 450 980 usu
469 944 563 981 belli.
619 943 706 980 Jam
726 944 807 979 inde
834 956 858 979 a
882 955 1009 991 puero,
1026 945 1144 991 patris
1172 945 1413 989 contubernio,

303 1005 477 1043 Romanis
495 1018 631 1055 quoque
645 1007 754 1049 bellis,
775 1018 845 1042 non
851 1007 1023 1055 finitimis
1043 1010 1198 1049 tantum,
1214 1008 1412 1051 adsuetum,

302 1072 446 1106 missum
459 1083 483 1107 a
498 1075 605 1119 patre
623 1072 660 1106 in
678 1071 915 1118 expeditiones
932 1070 1066 1105 multas
1081 1071 1281 1118 variasque.
1326 1071 1416 1109 Jam

301 1146 345 1170 ex
363 1147 431 1182 quo
450 1136 524 1182 ipse
542 1136 732 1182 accepisset
756 1145 917 1181 regnum,
937 1134 1066 1175 multa,
1087 1145 1166 1181 quoe
1181 1146 1252 1169 non
1276 1136 1325 1178 vi,
1346 1147 1417 1173 non

301 1198 397 1240 dolo,
419 1198 626 1247 Philippus,
652 1199 773 1234 omnia
798 1202 975 1245 expertus,
998 1199 1171 1245 potuisset
1192 1199 1326 1241 moliri,
1347 1201 1415 1236 ad-

302 1263 468 1298 mirando
495 1275 614 1298 rerum
637 1273 795 1298 successu
825 1264 986 1297 tenuisse.
1042 1262 1234 1298 Accessisse
1251 1264 1300 1298 acl
1325 1266 1416 1299 vires

301 1337 396 1369 eam,
417 1338 494 1374 quae
513 1327 617 1374 longo
637 1331 806 1375 tempore,
825 1326 949 1362 multis
972 1326 1179 1374 magnisque
1196 1328 1330 1362 meritis
1343 1339 1414 1375 pa-

302 1395 454 1433 reretur,
474 1392 737 1427 auctoritatem.
1240 1432 1243 1434 ,

357 1453 455 1491 XII.
484 1455 581 1490 Nam
599 1455 699 1502 apud
723 1454 868 1489 Graeciae
886 1458 994 1502 atque
1011 1454 1106 1489 Asiae
1125 1454 1286 1490 civitates
1303 1455 1416 1490 vereri

303 1516 524 1564 majestatem
555 1516 628 1564 ejus
657 1529 800 1553 omnes:
827 1529 904 1559 nec,
937 1529 1003 1565 pro
1023 1517 1146 1564 quibus
1175 1519 1322 1560 meritis,
1349 1530 1418 1566 pro

304 1594 377 1630 qua
394 1583 637 1631 niunficentia
656 1586 795 1617 tantum
814 1583 847 1617 ei
872 1581 1063 1623 tribuatur,
1088 1593 1228 1617 cernere
1240 1597 1253 1617 .·
1279 1594 1344 1618 nec
1362 1583 1418 1618 di·

306 1657 384 1680 cere
410 1657 477 1692 pro
502 1650 598 1681 certo
624 1657 738 1693 posse,
759 1649 881 1679 utrum
899 1643 1087 1692 felicitate
1108 1645 1147 1679 id
1165 1645 1321 1692 quadam
1345 1643 1420 1691 ejus

305 1710 460 1751 accidat,
480 1722 541 1751 au,
563 1711 657 1756 quod
675 1711 748 1756 ipse
765 1713 930 1744 vereatur
948 1709 1077 1750 dicere,
1099 1709 1235 1743 invidia
1253 1710 1421 1744 adversus

307 1771 490 1808 Romanos
509 1772 680 1820 favorem
709 1773 765 1807 illi
797 1773 971 1808 conciliet.
1030 1772 1131 1807 Inter
1162 1773 1255 1819 ipsos
1283 1784 1420 1820 quoque

305 1847 404 1883 reges
419 1837 593 1882 ingentem
610 1837 851 1878 auctoritate‚·
881 1836 1022 1871 Seleuci
1027 1835 1152 1883 filiam
1169 1836 1306 1870 duxisse
1325 1848 1418 1878 eum,

305 1911 375 1934 non¹
387 1903 578 1946 petentem,
592 1901 653 1935 secl
665 1901 814 1947 petitum
830 1900 925 1934 ultro
934 1916 946 1942 ;
965 1910 1120 1934 sororem
1134 1899 1268 1934 dedisse
1284 1900 1422 1935 Prusioe

302 1964 468 2009 precanti
500 1975 543 1998 ac
575 1954 694 1999 oranti
707 1979 718 1998 :
747 1962 940 1998 celebratas
972 1974 1042 1997 esse
1077 1966 1246 2009 utrasque
1276 1964 1422 2010 nuptias

303 2026 552 2071 gratulatione
584 2027 753 2073 donisque
785 2025 1094 2061 innumerabilium
1127 2025 1357 2072 legationum,
1387 2030 1422 2061 et

306 2090 406 2124 velut
419 2090 617 2137 auspicibus
628 2090 851 2125 nobilissimis
862 2090 1007 2136 populis
1022 2089 1194 2124 deductas
1204 2099 1284 2124 esse.
1315 2089 1419 2124 Boeo-

309 2157 426 2187 torum
443 2157 598 2199 gentem,
626 2157 811 2200 captatam
835 2152 1019 2199 Philippo,
1041 2163 1239 2199 numquam
1258 2153 1305 2187 ad
1332 2153 1420 2188 scri-

309 2215 460 2251 bendum
485 2218 652 2252 amicitioe
669 2217 793 2265 foedus
821 2217 953 2252 adduci
978 2217 1160 2264 potuisse:
1192 2215 1302 2251 tribus
1326 2227 1422 2253 nunc

309 2279 397 2315 Iocis
415 2291 493 2315 cum
510 2280 640 2316 Perseo
648 2279 773 2329 foedus
784 2281 931 2316 incisum
951 2280 1064 2315 literis
1077 2291 1171 2316 esse:
1199 2290 1266 2315 uno
1289 2278 1425 2319 Thebis,
