1546 2648
268 150 353 195 572
705 154 951 184 zmroMAE

681 293 686 296 ’
720 296 930 334 LXXXV.

275 379 464 432 SULLA
492 394 530 429 in
556 393 706 429 Italiam
735 406 815 430 cum
846 394 1000 431 exercitu
1026 391 1179 440 trajecit,
1204 395 1386 443 missisque

271 458 413 506 legatis,
450 458 512 506 qui
543 458 586 493 cle
614 470 706 506 pace
736 462 895 506 agerent,
926 471 949 494 a
981 459 1122 495 consule
1155 459 1193 495 C.
1214 447 1387 495 Norbano

269 523 426 566 violatis,
456 523 616 558 eumdem
644 522 854 558 Norbanum
878 516 1005 570 proelio
1034 524 1131 558 vicit.
1195 523 1246 558 Et
1276 535 1386 571 quum

269 585 315 623 L.
336 586 513 634 Scipionis
537 586 688 621 alterius
716 585 882 628 consulis,
912 597 993 621 cum
1013 597 1081 633 quo
1105 597 1172 633 per
1199 587 1320 622 omnia
1348 586 1388 621 id

268 654 404 698 egerat,
435 655 476 685 ut
510 661 640 697 pacem
658 646 841 696 jungeret,
871 661 936 685 nec
959 654 1146 697 potuerat,
1178 654 1295 685 castra
1327 649 1388 685 ob-

263 717 495 763 pugnaturus
511 717 610 754 esset,
627 713 810 748 universus
828 714 1000 749 exercitus
1028 713 1194 755 consulis,
1213 712 1388 748 sollicita-

269 782 327 813 tus
351 789 417 825 per
435 777 575 812 emissos
589 789 611 812 a
632 776 739 813 Sulla
753 778 897 820 milites,
916 779 1019 825 signa
1037 778 1086 812 ad
1106 777 1246 812 Sullam
1269 781 1386 812 trans-

269 842 366 878 tulit.
424 841 560 889 Scipio,
582 853 691 888 quum
710 843 826 877 occidi
849 847 980 890 posset,
1017 842 1178 877 dimissus
1204 845 1266 876 est.
1324 839 1388 878 Cn.

269 906 475 954 Pompeius,
526 905 589 941 Cn.
622 906 661 941 F.
698 904 785 952 ejus,
826 907 887 954 qui
912 907 1085 942 Asculum
1117 910 1273 953 ceperat,
1304 917 1387 940 con·

267 971 401 1018 scripto
426 970 708 1005 voluntariorum
739 971 906 1012 exercitu,
938 981 1017 1005 cum
1051 968 1161 1004 tribus
1191 968 1385 1016 legionibus

269 1035 320 1085 ad
336 1034 480 1069 Sullam
499 1039 668 1077 venerat‚·
697 1035 746 1069 acl
766 1046 867 1082 quem
885 1045 921 1069 se
939 1033 1107 1068 nobilitas
1127 1034 1240 1068 omnis
1265 1031 1386 1081 confe-

267 1097 382 1140 rebat,
403 1100 456 1134 ita
474 1104 516 1134 ut
534 1101 673 1135 deserta
698 1100 783 1135 urbe
811 1101 860 1135 acl
888 1105 1007 1136 castra
1035 1099 1225 1135 veniretur.
1281 1099 1386 1149 Pfae‘,

269 1166 367 1198 terea
386 1164 626 1210 expeditiones
648 1176 716 1213 per
749 1168 862 1200 totam
883 1164 1034 1202 Italiam
1059 1165 1243 1212 utriusque
1267 1164 1385 1212 partis

271 1227 402 1264 ducum
421 1226 640 1277 referuntur.

712 1351 945 1390 LXXXVI.

277 1425 456 1488 QUUM
481 1449 519 1486 C.
541 1449 694 1492 Marius,
719 1449 756 1486 C.
773 1449 887 1485 Marii
895 1449 1014 1498 filius,
1036 1447 1156 1484 consul
1174 1451 1258 1483 ante
1275 1458 1386 1482 annos

270 1510 399 1558 viginti
413 1526 480 1561 per
498 1515 568 1550 vim
589 1519 729 1550 creatus
747 1518 848 1555 esset,
871 1513 909 1548 C.
928 1512 1054 1548 Fabius
1073 1513 1107 1547 in
1127 1510 1256 1560 Africa
1272 1523 1384 1559 prop-

273 1579 327 1611 ter
355 1578 605 1614 crudelitatem
633 1584 669 1614 et
697 1579 889 1614 avaritiam
924 1579 959 1613 in
994 1578 1162 1624 prcetorio
1191 1588 1255 1612 suo
1286 1577 1386 1611 vivus

270 1644 411 1676 exustus
433 1646 494 1677 est.
552 1642 596 1678 L.
617 1642 810 1690 Philippus
840 1643 976 1688 legatus
1009 1640 1122 1676 Sulla>
1155 1640 1397 1681 Sardiniam„

272 1702 315 1743 Q.
332 1704 490 1739 Antonio
516 1710 670 1753 prcetore
697 1707 799 1753 pulso
818 1709 852 1740 et
878 1706 1002 1746 occiso,
1024 1704 1222 1751 occupavit.
1279 1702 1385 1738 Sulla

270 1778 350 1802 cum
368 1768 506 1804 Italicis
530 1771 686 1817 populis,
711 1781 754 1805 ne
773 1770 957 1804 timeretur
982 1767 1026 1803 ab
1047 1769 1101 1808 iis,
1127 1767 1223 1802 velut
1242 1769 1382 1812 ereptu-

270 1842 331 1866 rus
366 1833 545 1868 civitatem
582 1838 618 1869 et
651 1834 817 1882 suffragii
842 1831 903 1878 jus
936 1843 1050 1878 nuper
1085 1831 1224 1871 datum,
1257 1828 1382 1877 faedus

266 1898 452 1944 percussit.
510 1898 692 1946 Idemque,
723 1910 764 1934 ev
790 1898 932 1946 fiducia
959 1894 1040 1941 jum
1074 1899 1178 1930 certa·
1209 1895 1378 1936 victoriae,

270 1962 482 2010 litigatores,
510 1976 531 1998 a
551 1963 676 2011 quibus
704 1962 883 2003 adibatur,
912 1961 1117 1997 vadimonia
1135 1959 1285 1994 Romam
1307 1957 1382 2006 dif-

256 2025 362 2074 serre
369 2025 492 2072 jussit,
509 2040 617 2075 quum
637 2040 659 2063 a
675 2032 782 2075 parte
800 2027 938 2062 diversa
959 2024 1039 2061 urbs
1058 2023 1176 2058 adhuc
1195 2026 1381 2058 teneretur.

269 2089 314 2125 L.
331 2090 579 2138 Damasippus
605 2096 751 2139 prator,
775 2103 818 2127 ex
835 2091 1017 2127 voluntate
1039 2089 1076 2124 C.
1099 2088 1211 2124 Marii
1232 2088 1384 2123 consulis

268 2164 376 2200 quum
403 2158 564 2189 senatum
593 2155 836 2195 contraxisset,
857 2165 1007 2193 omnem,
1029 2163 1106 2199 (ματ
1130 2153 1166 2186 in
1187 2151 1270 2186 urbe
1289 2155 1380 2192 erat,

267 2215 488 2252 nobilitatem
521 2218 739 2253 trucidavit:
775 2228 816 2252 ex
852 2214 951 2261 cujus
986 2226 1132 2250 numero
1166 2214 1208 2255 Q.
1238 2213 1381 2250 Mucius

268 2279 437 2318 Scaevola.
465 2279 628 2330 pontifex
659 2281 833 2316 maximus
850 2278 1000 2329 fugiens
1033 2279 1067 2314 in
1100 2277 1268 2317 vestibulo
1299 2276 1383 2314 cedis
