1546 2648
283 93 438 122 LIBER
460 92 601 122 XLIV.
633 90 741 120 CAP.
762 91 952 122 XXXIX·
1115 90 1197 135 471

87 194 240 231 parvum
261 182 326 218 hoc
346 183 489 218 tandem
508 193 580 217 esse
598 181 785 224 credimus,
804 183 897 230 quod
916 194 957 218 ex
983 182 1037 218 his
1065 184 1205 227 castris,
1220 198 1311 230 uc,
1327 203 1398 229 584.

89 248 128 283 in
143 247 266 296 quibus
284 246 352 283 hac
369 250 472 283 nocte
489 247 695 290 mansimus,
709 248 841 283 exituri
859 249 895 283 in
913 248 1025 284 aciem
1037 247 1208 285 hodierno
1220 245 1259 275 Α·
1273 243 1309 274 C·
1331 246 1400 272 ¹⁶3·

93 319 158 350 aut
175 325 351 350 summum
379 313 534 348 crastino
563 313 634 355 die,
658 314 688 348 si
714 313 767 348 ita
795 312 985 356 videbitur,
1010 314 1098 350 Diis
1125 315 1210 350 bene

82 377 305 426 juvantibus,
334 378 492 414 sumus.9
519 376 672 413 Nihilne
700 378 857 420 interest,
890 382 1014 414 utrum
1044 380 1207 423 militem,

90 455 192 492 quem
209 454 322 491 neque
339 443 405 478 vice
434 442 533 478 labor
561 441 676 485 hodie,
697 453 807 490 neque
835 443 952 490 operis
972 441 1208 490 fatigaverit,

88 509 302 556 requietum,
318 509 498 555 integrum
511 508 548 543 in
567 507 720 542 tentorio
731 518 795 543 suo
809 519 914 543 arma
933 519 1059 555 capere
1067 507 1208 553 jubeas,

92 576 199 620 atque
217 573 256 607 in
274 573 385 608 aciem
402 572 545 619 plenum
575 571 720 613 virium,
740 571 916 618 vigentem
944 576 979 606 et
1007 584 1152 620 corpore
1176 577 1211 609 et

92 637 213 672 animo
241 637 407 672 educas?
438 648 486 672 an
519 636 623 682 longo
655 635 782 670 itinere
802 633 1025 683 fatigatum,
1045 641 1080 672 et
1107 649 1212 674 onere

82 699 238 750 fessum,
259 701 459 737 madentem
478 702 620 742 sudore,
640 700 847 736 ardentibus
864 701 925 736 siti
941 700 1129 749 sazicibus,
1150 713 1211 738 ore

93 769 201 812 atque
220 765 331 800 oculis
349 765 494 812 repletis
509 764 670 812 pulvere,
692 767 886 799 torrentem
905 766 1104 801 meridiano
1121 766 1209 809 sole,

93 828 185 864 hosti
198 827 342 874 objicias
359 829 506 870 recenti,
524 829 654 875 quieto,
672 828 733 875 qui
745 828 850 863 nulla
863 839 901 863 re
913 833 997 864 ante
1011 834 1212 865 consumtus

91 892 182 927 vires
196 892 244 928 ad
257 892 426 940 proelium
445 890 593 940 adferat
606 892 626 926 ἴ)
652 892 752 932 Quis,
770 903 838 938 pro
857 889 1104 940 Deilmfidem
1121 895 1134 928 J
1157 894 1211 928 ita

91 961 334 1004 comparatus,
354 956 410 992 vel
428 957 519 991 iners
538 959 647 1003 atque
666 955 816 997 inbellis,
829 953 1074 1002 fortissimum
1093 958 1211 992 vir-um

90 1032 162 1058 non
185 1021 344 1056 vicerit?
374 1020 471 1061 Quid
487 1021 508 1056 ,9
536 1021 630 1069 quod
658 1019 770 1055 hostes
796 1031 865 1067 per
891 1031 1069 1056 summum
1097 1022 1210 1056 otium

95 1087 336 1121 instruxerant
355 1086 480 1127 aciem,
501 1089 760 1132 reparaverant
777 1085 926 1126 animos,
945 1084 1089 1120 stabant
1114 1097 1209 1120 com-

90 1150 202 1198 positi
218 1150 291 1185 suis
319 1151 464 1197 quisque
491 1149 715 1184 ordinibus?
732 1148 829 1184 nobis
858 1153 942 1184 tunc
968 1154 1111 1197 repente
1139 1154 1210 1185 tre-

91 1213 292 1261 pidandum
313 1214 350 1248 in
368 1214 445 1249 acie
465 1214 672 1249 instruenda
690 1216 782 1255 erat,
803 1216 838 1248 et
865 1213 1105 1261 incompositis
1126 1226 1210 1250 con-

94 1278 305 1314 currendum
324 1279 346 1312 ?

146 1341 347 1378 XXXIX.
378 1342 443 1383 At,
474 1341 646 1384 Hercule,
672 1342 786 1377 aciem
815 1341 958 1389 quidem
990 1343 1211 1378 inconditam

92 1407 406 1454 inordinatamque
425 1404 663 1441 habuissemus
678 1420 690 1440 .·
719 1408 839 1440 castra
857 1405 1009 1447 munita,
1029 1406 1211 1452 provisam

92 1471 336 1518 aquationem,
359 1474 475 1505 tutum
495 1470 544 1505 ad
563 1481 643 1505 eam
669 1470 739 1504 iter
761 1468 937 1516 praesidiis
956 1469 1129 1516 inpositis,
1151 1481 1211 1505 ex-

89 1535 238 1583 plorata
266 1535 362 1569 circa
380 1535 526 1579 omnia3
555 1545 602 1569 an
627 1533 720 1579 nihil
747 1534 861 1574 nostri
890 1532 1056 1570 habentes
1078 1538 1225 1581 praeter

93 1599 226 1634 nudum
251 1610 430 1645 campum,
452 1599 488 1633 in
517 1610 585 1645 quo
610 1598 890 1646 pugnaremus?
918 1596 1077 1643 Majores
1103 1599 1212 1633 vestri

94 1667 212 1698 castra
231 1662 373 1697 munita
396 1665 543 1709 portum
562 1662 611 1697 ad
639 1673 757 1697 omnes
775 1672 876 1696 casus
903 1662 1077 1697 exercitus
1104 1661 1210 1697 duce-

93 1727 177 1762 bant
195 1737 291 1766 esse:
319 1726 415 1761 unde
443 1727 491 1761 ad
514 1738 678 1773 pugnam
705 1727 854 1768 exirent,
876 1737 943 1773 quo
962 1723 1100 1771 jactati
1123 1729 1212 1761 tem-

86 1779 232 1840 pestate
253 1802 387 1838 pugna?
407 1795 589 1838 receptum
614 1790 809 1826 haberent:
835 1791 932 1832 ideo,
962 1802 1071 1838 quum
1093 1792 1211 1826 muni-

93 1857 222 1892 mentis
238 1867 280 1891 ea
297 1856 478 1903 sepissent,
504 1856 674 1902 praesidio
692 1867 829 1903 quoque
845 1855 968 1891 valido
983 1854 1186 1903 firmabant
1201 1871 1214 1898 ,-

94 1920 199 1968 quod,
232 1919 294 1967 qui
320 1920 447 1954 castris
472 1923 598 1954 exutus
629 1923 721 1961 erat,
748 1920 890 1954 etiamsi
916 1918 1114 1965 pugnando
1139 1918 1216 1953 acie

93 1984 244 2026 vicisset,
269 1994 339 2030 pro
364 1983 457 2018 victo
475 1981 676 2018 haberetur.
735 1981 863 2017 Castra
890 1985 975 2017 sunt
1001 1982 1129 2016 victori
1155 1992 1213 2016 re-

95 2047 331 2094 ceptaculum,
351 2048 445 2083 victo
468 2046 689 2095 perfugium.
750 2046 868 2086 Quam
895 2045 1003 2082 multi
1023 2045 1211 2088 exercitus,

94 2109 216 2158 quibus
233 2111 349 2146 minus
364 2123 540 2160 prospera
563 2122 697 2159 pugnae
715 2109 875 2158 fortuna
892 2108 991 2158 fuit,
1012 2110 1109 2145 intra
1130 2109 1211 2144 val-

96 2173 170 2209 lum
197 2174 380 2221 compulsi,
412 2180 568 2223 tempore
594 2187 672 2217 sua,
695 2175 877 2211 interdum
908 2177 1087 2209 momento
1111 2176 1209 2219 post,

95 2239 279 2286 eruptione
300 2237 425 2287 facta,
445 2241 615 2278 victorem
641 2239 775 2276 hostem
800 2238 1048 2288 pepulerunt?
1076 2237 1210 2274 Patria
