1546 2648
369 100 522 130 LIBER
547 99 630 129 XL.
663 100 770 128 CAP.
794 99 864 129 IV.
1093 99 1173 143 223

66 191 233 226 animum
256 189 417 241 adjecit3
450 201 615 239 ausaque
642 195 700 225 est
724 188 863 231 dicere,
894 199 934 224 se
962 200 1029 224 sua
1061 200 1175 225 manu
1188 193 1371 269 ἕηὲπο.

1219 259 1227 269 .
1270 259 1278 270 .
1297 243 1371 269 182.

68 255 194 303 potius
231 267 361 291 omnes
395 252 696 296 interfecturam,
729 264 843 302 quam
876 252 914 288 in
947 244 1176 302 potestatem

66 316 233 368 Philippi
268 319 454 355 venirent.
509 317 634 362 Poris,
668 317 909 354 abominatus
943 315 1178 365 mentionem

68 386 146 417 tam
172 381 264 418 foedi
292 381 488 424 facinoris,
518 381 690 418 Athenas
721 378 1008 431 deportaturum
1036 391 1101 415 eos
1132 379 1180 415 ad

69 444 160 482 fidos
180 445 348 495 hospites
362 446 472 489 dixit,
486 446 740 494 comitemque
756 445 878 495 ipsum
897 442 997 492 fugae
1009 442 1181 479 futurum

67 520 161 546 esse:
216 509 514 546 Proficiscuntur
551 509 597 545 ab
630 508 905 545 Thessalonica
937 507 1102 543 AEneam
1133 505 1182 543 ad

69 578 210 608 statum
229 572 467 616 sacrificium,
489 572 589 622 quod
609 572 800 609 conditori
814 570 950 608 AEneae
971 583 1056 607 cum
1072 582 1180 619 mag-

67 647 116 671 na
146 637 362 673 ceremonia
397 637 602 686 quotannis
632 636 802 674 faciunt:
835 635 890 672 ibi
921 635 979 671 die
1007 647 1075 685 per
1103 633 1180 670 sol·

65 698 208 736 lemnes
232 701 359 752 epulas
387 707 601 744 consumto,
624 712 760 737 navem
787 704 1038 750 praeparatam
1065 697 1178 735 aPo-

67 765 160 809 ride,
182 768 314 817 sopitis
334 767 526 810 omnibus,
547 767 593 803 de
618 768 733 803 tertia
752 764 882 815 vigilia
903 758 1178 808 conscendunt,

67 835 262 880 tamquam
286 831 442 868 redituri
474 832 514 867 iu
544 830 879 867 Thessalonicam:
913 829 977 866 sed
1006 827 1180 879 trajicere
1235 821 1244 825 ²

68 893 108 930 in
126 894 316 932 Euboeam
336 902 415 931 erat
435 895 687 945 propositum.
735 895 911 930 Ceterum
927 894 965 929 in
985 893 1182 929 adversum

67 963 222 995 ventum
240 959 495 1008 nequidquam
515 971 579 995 eos
599 958 798 994 tendentes
817 969 936 1007 prope
955 962 1095 992 terram
1115 955 1183 992 lux

68 1021 279 1071 obpressit:
312 1030 350 1059 et
375 1024 484 1072 regii,
514 1023 580 1072 qui
608 1028 795 1073 praeerant
824 1020 1005 1057 custodiae
1033 1012 1182 1069 portus,

69 1085 236 1123 lembum
256 1094 442 1124 armatum
471 1087 519 1123 ad
537 1086 828 1137 pertrahendam
852 1098 935 1122 eam
964 1085 1092 1121 navim
1111 1083 1184 1120 mi·

70 1156 213 1195 serunt,
243 1164 328 1187 cum
348 1152 453 1200 gravi
482 1151 621 1195 edicto,
645 1164 692 1187 ne
720 1156 997 1187 reverterentur
1026 1149 1107 1184 sine
1127 1160 1183 1184 ea.

69 1213 198 1253 Quum
208 1213 292 1265 jam
305 1215 675 1267 adpropinquabant,
693 1215 802 1252 Poris
820 1215 971 1264 quidem
986 1213 1032 1250 ad
1050 1212 1183 1249 horta·

68 1272 213 1314 tionem
233 1280 417 1328 remigum
438 1287 714 1329 nautarumque
740 1280 908 1331 intentus
929 1283 1009 1313 erat
1022 1293 1032 1322 3
1065 1277 1183 1312 inter·
1228 1302 1233 1309 .

70 1341 158 1378 dum
174 1355 305 1379 manus
323 1343 370 1380 ad
386 1343 525 1380 coelum
539 1344 696 1380 tendens
709 1343 830 1386 Deos,
848 1349 890 1378 ut
901 1342 1043 1378 ferrent
1056 1332 1183 1391 opem,

70 1405 226 1443 orabat:
259 1397 377 1444 ferox¹
394 1407 546 1444 interim
566 1407 722 1450 femina,
744 1407 791 1443 ad
819 1405 941 1443 multo
970 1412 1059 1442 ante
1086 1417 1184 1458 prae-

70 1466 279 1519 cogitatum
299 1471 471 1509 revoluta
487 1473 649 1516 facinus,
670 1484 858 1508 venenum
877 1469 1002 1513 diluit,
1022 1460 1184 1506 ferrum-

68 1546 141 1582 que
169 1535 334 1584 promit:
366 1542 418 1579 et,
438 1536 565 1586 posito
592 1536 631 1572 in
662 1541 870 1586 conspectu
899 1533 1052 1585 poculo,
1074 1534 1184 1570 stric-

68 1597 192 1646 tisque
214 1597 362 1646 gladiis,
393 1599 507 1642 Mors,
536 1599 673 1648 inquit,
703 1612 774 1635 una
800 1599 959 1635 vindicta
988 1603 1050 1634 est.
1112 1596 1187 1634 Vzae

67 1661 116 1696 ad
133 1666 282 1698 mortem
302 1662 355 1699 hae
367 1668 451 1699 sunt
464 1680 475 1699 .·
504 1676 575 1711 qua
587 1675 758 1711 quemque
772 1661 1017 1711 aninmsfert,
1038 1662 1186 1710 effugite
1242 1664 1245 1665 ’

65 1725 267 1772 superbiam
295 1728 443 1773 regiam.
499 1728 621 1774 Agite,
643 1726 791 1773 juvenes
819 1727 902 1768 mei,
930 1728 1102 1774 primum,
1124 1726 1187 1774 qui

68 1786 222 1834 majores
248 1792 342 1832 estis,
364 1792 482 1838 capite
492 1790 638 1839 ferrum
653 1808 666 1834 ‚·
696 1795 760 1827 aut
786 1790 930 1826 haurite
950 1790 1134 1838 poculum,
1154 1790 1186 1824 si

69 1853 210 1898 segnior
233 1865 326 1888 mors
352 1852 473 1899 juvat.
529 1853 581 1890 Et
614 1854 744 1890 hostes
779 1853 948 1896 aderant,
981 1858 1019 1888 et
1050 1848 1185 1888 auctor

70 1915 202 1951 mortis
222 1916 403 1953 instabat.
459 1916 537 1953 Alii
557 1917 632 1953 alio
655 1917 734 1954 leto
761 1917 925 1954 absumti
945 1916 1184 1953 semianimes

71 1989 91 2012 e
109 1989 204 2014 nave
229 1981 538 2030 praecipitantur:
572 1982 653 2031 ipsa
679 1980 828 2024 deinde,
854 1981 975 2016 virum
1007 1973 1185 2016 comitem

71 2042 202 2077 mortis
229 2043 440 2094 complexa,
462 2047 501 2081 in
528 2058 630 2081 mare
657 2057 738 2081 sese
758 2044 919 2095 dejecit:
952 2056 1048 2080 nave
1066 2040 1186 2080 vacua

72 2103 233 2141 dominis
253 2109 346 2157 regii
365 2110 479 2159 potiti
500 2115 601 2147 sunt.

126 2167 173 2205 V.
202 2168 328 2220 Hujus
358 2174 537 2210 atrocitas
568 2173 749 2209 facinoris
780 2185 917 2209 novam
950 2171 1054 2208 velut
1078 2172 1186 2208 flam-

73 2241 174 2267 mam
194 2233 291 2280 regis
311 2234 459 2273 invidiae
490 2235 644 2286 adjecit,
672 2243 716 2272 ut
736 2234 849 2285 vulgo
874 2236 997 2284 ipsum
1027 2235 1184 2271 liberos-

594 2299 629 2335 L
648 2301 670 2334 4
1144 2295 1146 2298 ’
