1546 2648
293 171 380 218 534
546 193 550 196 -
749 176 797 204 τ,
821 176 956 206 mvn

1336 230 1366 245 ‘K

97 263 192 295 uc.
210 271 281 298 58⁵.
295 262 573 301 Decembribus
597 265 643 301 de
675 277 763 314 rege
795 265 938 303 Perseo
972 266 1143 304 navalem
1173 251 1405 318 triumphum

97 306 137 338 A.
154 307 190 338 c.
210 314 317 365 mame
347 329 355 337 .

318 335 387 377 git.
443 329 482 364 ls
511 329 725 380 triumphus
755 331 835 366 sine
865 332 1022 381 captivis
1049 331 1138 375 fuit,
1159 333 1240 369 sine
1261 331 1404 382 spoliiS.

295 393 414 431 Dedit
439 394 552 431 sociis
577 393 772 431 navalibus
793 396 831 430 in
851 395 1021 444 singulos
1052 397 1223 433 denarios
1253 402 1406 446 septua-

295 471 412 508 genos
428 460 587 509 quinos3
620 459 952 508 gubernatoribus,
985 461 1048 510 qui
1075 461 1114 497 in
1142 461 1302 498 navibus
1321 460 1405 497 fue·

99 532 230 564 Perseus
293 529 393 567 rant,
415 523 550 574 duplex
568 539 579 569 ;
611 524 801 572 magistris
820 524 973 560 navium
993 523 1237 574 quadruplex.
1284 525 1403 561 Sena-

99 576 219 624 Albam

99 627 227 651 missus.

292 594 353 625 tus
382 588 517 626 deinde
548 587 701 625 habitus
733 595 802 624 est.
859 587 991 624 Patres
1021 595 1262 633 censuerunt,
1291 596 1334 625 ut
1352 590 1402 628 Q.

291 652 446 689 Cassius
466 652 604 688 Persea
621 664 749 701 regem
767 664 853 687 cum
868 651 1087 687 Alexandro
1107 651 1186 688 filio
1201 651 1342 689 Albam
1358 653 1399 690 in

290 716 501 753 custodiam
534 715 711 760 duceret,
743 715 915 757 comites,
946 715 1160 764 pecuniam,
1185 722 1399 763 argentum,

287 781 584 816 instrumentum
602 777 704 828 quod
721 778 890 815 haberet.
946 778 1061 821 Eitis,
1090 779 1189 828 regis
1207 779 1400 818 Thracum

287 844 402 888 filius,
433 856 519 880 cum
552 842 746 881 obsidibus
783 844 823 879 in
860 843 1071 879 custodiam
1108 843 1308 880 Carseolos
1340 850 1399 882 est

287 909 437 946 missus.
501 908 658 944 Ceteros
691 908 877 957 captivos,
910 907 974 957 qui
1005 907 1047 943 in
1074 908 1269 959 triumpho
1296 909 1396 946 ducti

288 980 410 1017 erant,
431 973 470 1014 in
489 984 677 1009 carcerem
696 973 810 1009 condi
827 972 982 1022 placuit.
1025 971 1174 1008 Paucos
1194 979 1282 1023 post
1300 973 1394 1019 dies,

286 1050 398 1088 quam
418 1038 499 1074 haec
524 1044 622 1082 acta,
641 1036 758 1086 legati
789 1037 836 1079 ab
864 1038 988 1087 Cotye
1014 1049 1104 1086 rege
1120 1037 1314 1075 Thracum
1331 1052 1396 1077 ve·

284 1109 437 1147 nerunt,
470 1102 669 1153 pecuniam
700 1102 748 1138 ad
779 1102 1039 1140 redimendum
1073 1104 1194 1141 filium
1225 1103 1396 1154 aliosque

283 1168 435 1210 obsides
464 1167 721 1219 adportanteS.
774 1166 858 1211 Eis,
879 1168 918 1203 in
949 1174 1123 1205 senatum
1150 1169 1392 1214 introductis,

281 1239 321 1270 et
339 1232 379 1268 id
396 1232 521 1282 ipsum
532 1231 745 1280 argumenti
760 1231 1082 1281 praetendentibus
1099 1233 1298 1276 orationis,
1314 1245 1393 1270 non

280 1311 351 1334 sua
369 1297 564 1334 voluntate
584 1296 711 1346 Cotyn
736 1295 838 1333 bello
857 1295 1003 1346 juvisse
1021 1296 1173 1341 Persea,
1202 1297 1304 1347 quod
1324 1297 1394 1334 ob-

279 1362 378 1399 sides
398 1362 486 1398 dare
505 1368 659 1398 coactus
674 1367 787 1403 esset,
808 1361 1094 1411 orantibusque,
1110 1367 1153 1398 ut
1168 1374 1233 1398 eos
1252 1362 1391 1412 pretio,

280 1434 464 1477 quantum
490 1427 561 1476 ipsi
590 1427 812 1463 statuissent
830 1427 977 1471 Patres,
996 1428 1128 1465 redimi
1155 1435 1389 1479 paterentur,

279 1503 503 1542 responsum
539 1504 584 1532 ex
621 1492 849 1528 auctoritate
886 1498 1039 1528 senatus
1076 1498 1157 1529 est:
1208 1493 1389 1542 Populum

281 1556 487 1592 Romanum
511 1557 710 1592 meminisse
736 1557 917 1598 amicitiae,
938 1568 1016 1605 quae
1033 1568 1114 1593 cum
1134 1555 1256 1604 Cotye,
1276 1555 1391 1603 majo-

279 1621 442 1668 ribusque
465 1618 552 1666 ejus,
573 1625 608 1656 et
629 1625 734 1668 gente
763 1621 944 1656 Thracum
961 1620 1107 1669 suisset.
1165 1621 1308 1658 Obsides
1324 1622 1391 1658 da-

279 1688 333 1719 tos
369 1685 513 1725 crimen,
553 1694 623 1718 non
665 1682 821 1718 criminis
855 1681 1106 1730 defensionem,
1143 1695 1238 1719 esse:
1283 1695 1392 1731 quum

285 1747 465 1784 Thracum
479 1748 581 1794 genti
599 1759 643 1783 ne
661 1747 799 1795 quietus
817 1748 958 1794 quidem
970 1747 1131 1790 Perseus,
1151 1748 1281 1783 nedum
1299 1747 1391 1784 bollo

278 1811 444 1847 Romano
472 1815 678 1858 occupatuS,
711 1811 887 1846 timendus
913 1809 1047 1859 fuerit.
1119 1809 1295 1852 Ceterum,
1324 1811 1391 1847 etsi

278 1875 386 1924 Cotys
403 1875 523 1910 Persei
549 1876 708 1922 gratiam
734 1875 949 1921 praetulisset
977 1875 1146 1910 amicitiae
1164 1875 1294 1922 populi
1313 1873 1388 1910 Ro-

276 1940 391 1982 mani,
411 1940 539 1986 magis,
561 1938 646 1986 quid
663 1949 699 1973 se
719 1938 865 1984 dignum
883 1942 983 1979 esset,
1010 1949 1118 1985 quam
1146 1938 1233 1985 quid
1263 1940 1390 1975 merito

278 2003 352 2050 ejus
367 2005 456 2053 fieri
480 2008 610 2052 posset,
637 2004 896 2039 oestimaturum
912 2019 924 2038 .·
938 2002 1062 2052 filium
1082 2006 1191 2050 atque
1207 2002 1340 2038 obsides
1357 2004 1391 2038 ei

278 2072 518 2105 remissurum.
562 2068 740 2117 Beneficia
765 2068 931 2114 gratuita.
961 2078 1033 2103 esse
1055 2067 1184 2114 populi
1210 2066 1365 2102 Romani
1379 2082 1392 2102 .-

276 2135 434 2183 pretium
464 2145 584 2169 eorum
615 2133 724 2168 malle
750 2133 949 2180 relinquere
976 2133 1014 2167 in
1039 2131 1287 2178 accipientium
1307 2132 1388 2166 ani-

276 2199 359 2241 mis,
398 2209 504 2245 quam
530 2207 683 2244 praesens
719 2197 868 2243 exigere.
924 2193 1061 2243 Legati
1099 2193 1301 2236 nominati,
1338 2193 1385 2230 T.

278 2262 481 2303 Quinctius
500 2260 750 2303 Flamininus,
772 2260 816 2296 C.
832 2258 1003 2296 Licinius
1030 2258 1173 2301 Nerva,
1193 2257 1250 2295 M.
1270 2257 1385 2294 Cani-

278 2328 364 2365 nius
382 2325 556 2370 Rebilus,
583 2325 646 2376 qui
675 2324 825 2362 obsides
855 2324 895 2361 in
914 2324 1118 2360 Thraciam
1137 2322 1383 2362 reducerent:
