1546 2648
300 133 387 182 500
757 136 788 165 'r
827 136 962 168 mvn

105 226 149 260 U.
163 227 202 259 0.·
216 231 486 271 58⁵.terentu1·,
503 238 664 277 quorum
683 226 729 264 de
748 225 910 264 consilio
928 225 1070 276 sperari
1089 230 1236 277 posset;
1249 227 1412 278 impera·

109 271 198 303 ὥθ’
216 277 289 309 ¹⁶7'
304 296 406 329 tores
435 290 533 328 nihil
561 290 761 340 indignum
789 302 861 327 nec
890 289 1093 326 clementia
1127 302 1198 327 nec
1227 292 1413 340 gravitate

301 356 436 408 populi
468 355 637 393 Romani
668 355 885 392 decreturos
919 366 1015 399 esse,
1045 361 1173 392 tamen
1210 355 1250 392 in
1279 359 1416 393 senatu

302 433 456 470 quoque
473 421 622 470 agitata
642 424 700 456 est
718 431 865 456 summa
884 417 1144 462 consiliorum,
1166 425 1209 455 ut
1233 419 1416 456 inchoata

304 485 435 521 omnia
462 483 580 534 legati
610 482 658 520 ab
691 483 807 520 domo
836 481 936 519 ferre
971 482 1019 519 ad
1047 483 1295 534 imperatores
1324 495 1415 534 pos-

303 538 401 586 seht.

108 620 142 652 S.
155 619 191 650 C-
209 619 249 650 de
356 610 513 650 XVIII.
545 612 714 647 Omnium
731 611 892 657 primum
910 609 1037 646 liberos
1053 621 1124 647 esse
1140 609 1316 660 placebat
1330 611 1415 649 Ma-

107 663 263 737 xjmedo·
303 678 456 714 cedonas
474 675 762 725 atqueIllyrios‚
782 680 823 710 ut
845 673 1006 711 omnibus
1024 675 1187 722 gentibus
1212 676 1417 724 adpareret,

165 727 172 736 ⁶
303 753 407 778 arma
425 740 555 789 populi
573 739 734 776 Romani
750 750 819 775 non
841 738 959 774 liberis
973 740 1195 782 servitutem,
1214 740 1276 776 sed
1293 744 1420 776 contra

301 805 532 842 servientibus
556 805 756 841 libertatem
778 802 924 853 adferre
933 820 948 849 ‚·
975 809 1016 841 ut
1035 809 1071 841 et
1088 805 1127 841 in
1149 804 1312 842 libertate
1330 817 1418 853 geu-

303 874 355 906 tes
372 881 450 918 quoe
466 873 591 912 essent,
614 873 730 905 tutam
749 871 829 905 edm
846 867 912 904 sibi
928 873 1207 917 perpetuamque
1223 868 1286 905 sul>
1304 870 1419 906 tutela

298 935 430 983 populi
449 934 606 972 Romani
626 946 709 977 esse,
730 939 778 976 et,
799 946 877 982 quae
895 933 958 969 sub
980 933 1119 980 regibus
1136 934 1306 977 viverent,
1327 938 1364 970 et
1381 935 1419 970 in

299 1011 454 1047 praesens
469 1004 606 1047 tempus
623 1000 780 1035 mitiores
798 1010 854 1034 eos
864 998 1103 1045 justioresque
1114 999 1419 1046 respectu-populi

301 1063 462 1100 Romani
488 1063 615 1100 habere
638 1075 688 1106 se,
712 1068 760 1106 et,
787 1063 818 1098 si
847 1063 992 1110 quando
1016 1061 1147 1097 bellum
1180 1073 1260 1098 cum
1283 1063 1420 1110 populo

301 1127 468 1164 Romano
487 1127 627 1175 regibus
634 1126 773 1176 fuisset
789 1128 875 1170 suis,
897 1128 1031 1162 exitum
1049 1124 1122 1172 ejus
1139 1125 1421 1163 victoriamRo-

300 1194 431 1235 manis,
457 1192 524 1228 sibi
550 1192 751 1228 libertatem
781 1192 995 1227 adlaturum
1022 1192 1217 1228 crederent.
1273 1191 1422 1228 Metalli

302 1267 442 1305 quoque
461 1256 704 1300 Macedonici,
725 1257 820 1305 quod
827 1258 960 1304 ingens
980 1256 1137 1303 vectigal
1159 1260 1251 1302 erat,
1270 1255 1420 1292 locatio-

301 1331 432 1369 nesque
446 1321 667 1368 praediorum
691 1322 907 1357 rusticorum
925 1321 1007 1356 tolli
1025 1318 1224 1369 placebat:
1255 1331 1341 1355 nam
1357 1331 1420 1356 ne-

303 1395 371 1432 que
397 1385 474 1420 sine
499 1384 692 1432 publicano
717 1387 872 1421 exerceri
899 1396 1025 1432 posse3
1055 1388 1103 1426 et,
1126 1383 1185 1419 uhi
1206 1383 1420 1431 publicanus

303 1451 369 1491 est,
389 1448 440 1484 ibi
464 1453 529 1484 aut
545 1447 609 1495 jus
629 1449 812 1497 publicum
836 1460 982 1491 vanum,
1003 1453 1070 1484 aut
1094 1447 1293 1484 libertatem
1317 1449 1420 1484 sociis

302 1512 444 1548 nullam
465 1524 548 1549 esse.
605 1513 664 1549 Ne
681 1515 775 1562 ipsos
793 1514 938 1563 quidem
963 1513 1184 1550 Macedonas
1203 1513 1296 1548 idem
1320 1524 1420 1548 επεν·

303 1587 381 1612 cere
396 1588 521 1624 posse:
548 1576 609 1613 ubi
630 1578 668 1613 in
689 1578 805 1613 medio
821 1579 947 1625 praeda
967 1575 1299 1615 administrantibus
1316 1581 1419 1620 esset,

300 1640 352 1676 ibi
376 1653 571 1690 numquam
600 1653 744 1678 caussas
767 1644 982 1679 seditionum
1006 1647 1042 1678 et
1063 1642 1267 1678 certaminis
1285 1640 1419 1690 defore.

303 1703 498 1742 Commune
517 1706 707 1742 concilium
729 1708 846 1754 geretis
864 1711 965 1750 esset,
986 1718 1029 1743 ne
1047 1705 1235 1755 inprobum
1251 1706 1380 1754 vulgus
1397 1717 1421 1741 α

299 1773 428 1805 senatu
445 1770 644 1818 aliquando
663 1771 866 1808 libertatem
882 1771 1019 1808 salubri
1036 1771 1280 1807 moderatione
1294 1771 1421 1807 datam

303 1834 351 1870 ad
370 1834 554 1870 licentiam
568 1837 795 1883 pestilentem
815 1836 986 1872 traheret.
1025 1836 1067 1872 In
1087 1839 1243 1884 quatuor
1260 1836 1420 1882 regiones

302 1897 450 1934 describi
475 1898 742 1943 Macedoniam,
763 1905 804 1937 ut
821 1913 924 1937 suum
943 1911 1088 1949 quaeque
1106 1900 1293 1936 concilium
1313 1899 1418 1935 habe-

299 1967 369 2005 ret,
390 1961 533 2013 placuit
545 1979 557 2009 3
589 1969 626 2001 et
651 1965 841 2002 dimidium
868 1966 1006 2007 tributi,
1026 1977 1134 2013 quam
1159 1965 1255 2013 quod
1277 1963 1418 2011 regibus

289 2024 398 2074 ferre
424 2028 524 2063 soliti
549 2033 667 2072 erant,
695 2031 830 2078 populo
855 2029 1022 2066 Romano
1046 2029 1214 2077 pendere.
1271 2026 1418 2063 Similia

300 2089 358 2126 his
380 2095 418 2126 et
436 2091 476 2127 in
496 2090 692 2141 Illyricum
719 2093 920 2131 mandata:
954 2099 1080 2131 cetera
1099 2092 1190 2142 ipsis
1209 2092 1416 2142 imperato-

299 2152 403 2190 ribus
426 2153 637 2205 legatisque
666 2156 812 2201 relicta,
834 2158 872 2194 in
892 2157 1028 2208 quibus
1048 2169 1213 2208 praesens
1234 2157 1414 2193 tractatio

300 2228 425 2253 rerum
444 2219 609 2256 certiora
627 2219 845 2271 subjectum
865 2227 948 2258 erat
967 2220 1139 2258 consilia.

106 2264 233 2296 Attalus
354 2279 472 2320 XIX·
502 2280 609 2320 Inter
627 2284 766 2322 multas
781 2298 912 2336 regum
932 2285 1182 2335 gentiumque
1195 2289 1234 2321 et
1251 2281 1412 2335 populo-

108 2307 235 2339 Romae.
