1546 2648
373 185 529 215 LIBER
552 182 681 212 xmr.
713 180 803 210 cAr
838 181 952 209 va.
1136 179 1217 222 391

116 287 264 327 sparsos
298 289 341 314 ac
374 264 574 325 diSsipatos
608 272 784 310 invadere
815 277 985 321 possent,
1021 275 1221 320 postquam
1232 266 1324 300 U.c,
1342 271 1416 297 ⁵⁸1-

115 340 307 377 confertos
327 339 444 382 abire,
465 339 575 387 signa
593 344 706 386 atque
724 335 875 372 ordines
895 341 1101 377 servanteS‚
1117 333 1220 370 vide-
1232 312 1274 343 A·
1287 310 1324 342 C'
1343 314 1416 346 ²⁷¹⁶

114 411 216 448 runt,
238 412 275 441 et
294 404 365 454 ipsi
385 403 422 440 in
443 409 567 439 castra
586 401 756 438 redeunt.

165 468 291 505 LXV.
321 467 429 510 Inde,
459 465 639 502 obfensus
667 463 948 514 longinquitate
975 461 1136 505 itineris,
1156 474 1224 499 rex

114 531 161 567 ad
188 530 383 581 Mopsium
415 536 539 567 castra
570 529 716 574 movit3
759 534 797 564 et
828 526 1012 568 Romani,
1044 525 1222 561 demessis

105 591 300 645 *Cr-anonis
332 594 536 644 segetibus,
569 594 607 630 in
636 592 908 629 Phalannaeum
937 598 1070 639 agrum
1099 595 1223 626 trans-

113 665 215 695 eunt.
272 657 334 694 Ibi
363 671 478 707 quum
507 670 553 693 ex
581 655 780 704 transfuga
808 659 1011 703 cognosset
1041 665 1121 696 rex,
1142 653 1224 690 sine

113 720 192 758 ullo
212 730 359 759 armato
377 721 553 772 praesidio
573 720 713 771 passim
731 725 912 768 vagantes
932 729 998 769 per
1013 729 1124 766 agros
1140 715 1224 753 Ro·

114 798 246 821 manos
267 792 420 828 metere,
442 798 527 822 cum
546 784 650 821 mille
669 783 873 834 equitibus,
891 782 1037 819 duobus
1057 779 1223 817 millibus

111 848 303 886 Thracum
331 855 369 885 et
398 849 637 885 Cretensium
661 848 869 900 profectus,
890 860 1020 896 quum,
1040 850 1226 896 quantum

113 911 327 949 adcelerare
354 914 519 962 poterat,
547 911 666 948 effuso
695 912 847 960 agmine
874 911 1006 953 issent,
1031 909 1225 959 inproviso

113 971 311 1025 adgressus
341 982 398 1012 est
425 976 649 1013 Romanos:
674 975 816 1026 juncta,
838 973 1024 1017 vehicula,
1047 972 1227 1022 pleraque

114 1045 266 1083 onusta,
296 1038 399 1076 mille
429 1039 632 1077 admodum
665 1039 880 1090 capiuntur,
911 1036 1080 1074 sexcenti
1099 1036 1227 1072 *ferme

113 1102 301 1144 homines.
357 1098 529 1140 Prae‘dam
558 1102 846 1140 custodiendam
875 1100 1159 1150 ducendamque
1185 1100 1227 1136 in

116 1173 240 1205 castra
258 1167 436 1204 trecentis
458 1167 698 1204 Cretensium
717 1166 839 1204 dedit:
861 1166 956 1216 ipse,
978 1170 1157 1201 revocato
1176 1163 1226 1203 ab

113 1229 230 1267 effusa
251 1230 352 1267 caede
371 1231 498 1280 equite
517 1237 554 1267 et
573 1230 725 1280 reliquis
746 1230 930 1281 peditum,
946 1228 1050 1265 ducit
1069 1228 1116 1264 ad
1134 1240 1225 1279 pro-

111 1293 257 1330 ximum
276 1295 506 1343 praesidium,
526 1299 630 1330 ratus
648 1294 751 1330 hand
769 1305 909 1342 magno
929 1292 1135 1330 certamine
1153 1290 1224 1328 ob-

112 1358 225 1408 primi
253 1371 377 1408 posse.
425 1358 480 1396 L.
494 1358 703 1409 'Pompeius
733 1357 907 1394 tribunus
936 1356 1100 1394 militum
1127 1368 1224 1407 prae-
1239 1364 1273 1395 L.
1287 1363 1432 1404 Pompeii

113 1431 207 1464 erat,
239 1423 303 1471 qui
333 1422 526 1472 pe'rcu'ls'os
559 1422 699 1459 milites
732 1421 933 1473 repentino
960 1421 1131 1458 hostium
1159 1420 1224 1457 ad·
1237 1407 1429 1489 ἓξῃῖἓὲξὲἱη

114 1492 230 1522 ventu
249 1487 287 1523 in
307 1488 563 1537 propinquum
582 1487 769 1523 tumulum
788 1486 945 1536 recepit,
965 1485 1041 1522 loci
1071 1497 1111 1521 se
1128 1497 1225 1536 prae·
1238 1495 1329 1526 tudo.

115 1549 226 1593 sidio,
247 1551 337 1600 quia
355 1563 512 1587 numero
533 1559 571 1588 et
588 1551 730 1588 viribus
750 1551 860 1602 inpar
879 1555 973 1594 erat,
990 1549 1226 1587 defensurus.

114 1610 177 1648 lbi
209 1625 324 1662 quum
355 1614 393 1650 in
427 1614 558 1650 orbem
591 1614 729 1651 milites
758 1615 960 1663 coegisset,
987 1619 1031 1649 ut
1059 1612 1225 1649 densatis

115 1671 230 1712 scutis
251 1675 298 1712 ab
312 1675 422 1727 jactu
442 1679 668 1726 sagittarum
688 1683 725 1714 et
737 1677 956 1728 jaculorum
975 1689 1057 1713 sese
1071 1682 1235 1723 tueren-'

114 1744 190 1783 tur,
207 1739 384 1784 Perseus,
409 1742 642 1778 circumdato
669 1742 824 1789 armatis
849 1740 1012 1785 tumulo,
1039 1738 1134 1777 alios
1160 1740 1227 1777 ad-

113 1815 287 1841 scensum
308 1805 470 1854 undique
490 1812 639 1852 tentare
650 1805 778 1856 jubet,
799 1812 837 1842 et
856 1806 1026 1843 cominus
1049 1805 1227 1857 proelium

115 1880 328 1912 conserere,
349 1869 442 1905 alios
463 1871 608 1906 eminus
629 1869 705 1906 tela
723 1870 907 1918 ingerere.
964 1870 1116 1920 Anceps
1143 1869 1227 1907 Ro-

115 1942 248 1967 manos
285 1940 410 1968 terror
446 1933 738 1978 circumstabat:
779 1946 868 1970 nam
904 1946 1026 1983 neque
1064 1934 1227 1970 conferti

115 2007 283 2044 pugnare
302 2004 458 2046 propter
473 2010 552 2040 eos,
569 1998 633 2046 qni
654 1998 880 2034 adscendere
900 1998 938 2033 in
959 1997 1147 2034 tumulum
1162 2010 1228 2034 co-

115 2058 317 2103 nabantur,
339 2068 518 2110 poterant
533 2077 540 2097 :
564 2070 615 2105 et,
632 2061 696 2098 ubi
711 2062 861 2098 ordines
877 2056 1134 2112 procursando
1151 2063 1227 2099 sol-

117 2121 271 2165 vissent,
301 2124 484 2173 patebant
510 2125 649 2175 jaculis
680 2126 893 2175 sagittisve.>
942 2120 1114 2164 Maxime
1144 2138 1226 2163 ces-

116 2185 407 2233 trosphendonis
427 2189 746 2226 vulnerabantur:
777 2191 851 2227 hoc
870 2190 937 2227 illo
956 2188 1057 2227 bello
1083 2204 1223 2228 novum

114 2259 232 2301 genus
253 2249 317 2284 teli
338 2250 529 2289 inventum
558 2260 627 2290 est.
683 2254 857 2304 Bipalme
884 2255 1068 2305 spiculum
1093 2255 1220 2292 hastili
1235 2261 1360 2294 Cestro-

107 2310 368 2349 'semicubitali
392 2314 549 2352 infixum
577 2324 673 2360 erat,
694 2318 942 2355 crassitudine
971 2318 1102 2368 digiti:
1133 2319 1222 2356 hnic
1233 2306 1432 2390 {¹22¹ssssssssssae

659 2379 684 2416 s
704 2380 728 2416 4
1406 2370 1414 2378 '
