1546 2648
322 146 410 189 274
467 177 471 184 ,
757 153 803 182 Τ.
825 155 958 184 mvn

129 235 175 309 IAJ.
185 235 226 310 g.
241 243 313 274 ⁵73·
326 236 374 275 ab
393 238 438 274 iis
459 246 516 276 est
535 247 722 286 exactum,
744 244 992 293 quadraginta
1010 241 1235 280 nobilissimi
1255 244 1398 293 equites
1414 259 1423 280 z

118 296 124 302 '
163 300 171 309 ⁰
214 302 221 311 ⁶
240 287 394 338 179'nec
419 302 593 341 obsidum
621 308 787 351 nomine,
821 309 924 356 (nam
955 308 1116 345 militare
1136 306 1237 358 jussi
1263 308 1369 355 sunt)
1390 315 1429 344 et

323 372 450 404 tamen
470 382 509 406 re
527 369 622 420 ipsa,
643 378 685 407 ut
703 373 838 422 pignus
858 373 943 411 fidei
963 370 1098 411 essent.

127 428 178 460 Ad
193 430 296 464 Alcen
375 431 566 477 XLVIII.
585 434 678 471 Inde
690 435 773 485 jam
790 437 896 474 duxit
911 437 957 474 ad
971 437 1089 475 Alcen
1108 439 1251 482 urbem,
1265 438 1331 475 ubi
1343 450 1424 475 cas-

125 472 202 503 victi
219 474 292 506 Cel·
489 499 498 506 .
938 503 945 510 .

128 514 228 551 tiberi,
321 501 380 533 tra
399 497 676 536 Celt1ber0rum
706 507 826 545 erant,
848 515 870 538 a
884 501 1018 552 quibus
1037 510 1218 540 venerant
1232 516 1353 554 nuper
1370 503 1425 540 le-

318 561 421 610 gati:
453 575 517 598 eos
537 576 652 612 quum
675 577 742 614 per
767 564 912 614 aliquot
931 566 1024 608 dies,
1045 573 1273 604 armaturam
1301 567 1422 603 levem

318 624 548 662 inmittendo
567 627 606 662 in
622 628 820 671 stationes,
836 627 1048 666 lacessisset
1065 631 1188 679 parvis
1207 630 1366 680 proeliis,
1383 632 1423 667 in

318 687 395 724 dies
415 687 561 738 majora
586 691 793 726 certamina
821 691 983 734 serebat,
1004 698 1046 727 ut
1064 705 1194 728 omues
1215 699 1323 730 extra
1341 706 1423 730 mu-

316 751 482 787 nitiones
502 752 674 789 eliceret:
707 753 786 795 ubi,
807 755 909 802 quod
926 755 1139 805 petebatur,
1167 757 1286 792 sensit
1312 756 1424 793 effec-

316 822 411 859 tum,
446 816 672 853 auxiliorum
704 818 891 867 praefectis
930 820 1102 869 imperat,
1136 826 1191 862 ut,
1226 825 1424 857 contracto

315 881 535 923 certamine,
561 887 754 930 tamquam
784 879 1025 919 multitudine
1054 890 1332 933 superarentur,
1362 895 1421 920 re-

313 950 429 994 pente
455 945 569 994 tergis
599 946 710 988 datis,
741 946 788 982 ad
819 953 942 983 castra
971 947 1085 983 effuse
1113 947 1309 995 fugerent:
1341 948 1423 996 ipse

311 1008 413 1044 intra
423 1008 562 1045 vallum
579 1010 623 1044 ad
641 1022 770 1045 omnes
787 1017 914 1060 portas
932 1011 1111 1047 instruxit
1127 1011 1267 1060 copias.
1303 1009 1419 1046 Haud

311 1070 471 1108 multum
490 1074 672 1122 temporis
691 1073 917 1115 intercessit,
935 1086 1048 1122 quum
1069 1086 1115 1116 ex
1130 1074 1342 1123 composito
1361 1086 1421 1110 re-

311 1127 539 1182 fugientium
555 1148 706 1171 suorum
725 1149 873 1184 agmen,
893 1143 979 1185 post
994 1136 1108 1172 effuse
1121 1142 1317 1185 sequentes
1334 1136 1421 1173 bar-

311 1197 425 1234 baros
451 1200 663 1249 conspexit.
721 1199 951 1236 Instructam
985 1199 1032 1235 ad
1062 1199 1136 1235 hoc
1165 1199 1287 1249 ipsum
1317 1201 1418 1236 intra

310 1260 449 1298 vallum
471 1262 637 1299 habebat
667 1263 809 1299 aciem:
841 1263 969 1311 itaque
992 1269 1141 1298 tantum
1167 1269 1348 1306 moratus,
1377 1271 1418 1300 ut

311 1337 398 1361 suos
418 1325 591 1374 refugere
619 1327 656 1362 in
677 1334 802 1362 castra
829 1325 956 1369 libero
979 1326 1137 1362 introitu
1166 1326 1319 1370 sineret,
1340 1326 1416 1363 cla-

309 1401 414 1424 more
442 1379 607 1432 sublato,
638 1389 750 1437 simul
778 1389 953 1425 omnibus
982 1390 1102 1438 portis
1132 1390 1267 1439 erupit.
1291 1408 1294 1410 ·
1324 1390 1416 1426 Non

308 1453 519 1492 sustinuere
538 1454 708 1504 inpetum
724 1454 990 1503 necopinatum
1003 1453 1132 1489 hostes
1149 1467 1157 1488 τ
1188 1454 1251 1501 qui
1270 1453 1316 1505 ad
1334 1466 1416 1490 cas-

308 1526 367 1554 tra
386 1518 644 1569 obpugnanda
658 1526 851 1560 venerant,
868 1530 916 1554 ne
935 1530 1002 1554 sua
1016 1517 1168 1566 quidem
1185 1518 1283 1552 tueri
1302 1524 1416 1566 potu-

307 1589 440 1619 erunt:
471 1596 560 1630 nam
580 1583 770 1633 extemplo
789 1583 878 1626 fusi,
898 1582 1034 1632 fugati,
1055 1595 1144 1618 mox
1163 1583 1263 1618 intra
1277 1581 1416 1620 vallum

307 1654 487 1698 paventes
511 1647 709 1698 compulsi,
730 1655 922 1697 postremo
940 1654 1130 1683 exuuntur
1154 1646 1297 1685 castris.
1354 1645 1418 1682 Eo

306 1705 367 1749 'die
384 1725 521 1750 novem
550 1712 669 1749 millia
696 1713 863 1748 hostium
884 1724 1000 1748 caesa:
1034 1712 1134 1760 capti
1163 1710 1236 1746 vivi
1255 1711 1416 1746 trecenti

305 1777 455 1825 viginti,
477 1777 562 1826 equi
593 1784 744 1813 centum
761 1776 973 1818 duodecim,
1004 1776 1113 1823 sigua
1141 1773 1319 1811 militaria
1345 1774 1414 1809 tri-

305 1841 412 1889 ginta
431 1846 596 1890 septem:
630 1840 676 1876 de
701 1840 868 1890 exercitu
895 1838 1074 1875 Romano
1095 1845 1247 1873 centum
1275 1849 1414 1874 novem

304 1905 531 1941 ceciderunt.

91 1977 231 2008 Centum
358 1968 510 2005 XLIX.
539 1967 601 2004 Ab
619 1967 694 2003 hoc
720 1965 856 2016 proelio
880 1964 1073 2001 Gracchus
1094 1964 1200 2001 duxit
1230 1964 1276 2011 ad
1296 1964 1414 2014 depo-

90 2021 148 2093 “JJ
163 2030 236 2067 ⁰P‘.
302 2032 509 2082 pulandum
545 2030 788 2083 Celtiberiam
825 2028 992 2078 legiones
1011 2043 1018 2064 :
1060 2034 1110 2070 et,
1149 2039 1264 2076 quum
1296 2027 1413 2063 ferret

89 2072 254 2144 εἶιέῐτὲιῖ..
302 2097 442 2148 passim
462 2101 599 2132 cuncta
613 2102 726 2142 atque
741 2099 883 2142 ageret,
899 2091 1104 2143 populique
1119 2090 1183 2127 alii
1198 2089 1411 2134 voluntate,

89 2148 182 2180 ‘hus'
302 2160 367 2197 alii
386 2167 488 2196 metu
501 2159 638 2209 jugum
651 2158 879 2208 acciperent,
901 2162 1053 2206 centum
1068 2155 1141 2191 tria
1157 2154 1297 2204 oppida
1309 2155 1412 2192 intra

301 2236 442 2275 paucos
472 2223 549 2259 dies
583 2223 622 2258 in
651 2221 880 2258 deditionem
909 2220 1077 2268 accepit:
1111 2217 1237 2268 praeda
1265 2218 1410 2268 potitus

300 2289 447 2338 ingenti
467 2294 534 2325 est.
593 2286 789 2322 Convertit
819 2284 903 2328 inde
924 2295 1059 2332 agmen
1088 2288 1204 2337 retro,
1225 2280 1323 2318 uude
1344 2292 1408 2318 ve-
