1546 2648
354 192 506 222 LIBER
526 191 682 221 XLIII.
715 190 822 221 CAP.
845 192 954 223 XVI.
1122 194 1205 237 413

101 293 320 344 postulavit,
342 306 389 331 ex
407 291 738 330 senatusconsulto
765 292 1000 329 destinarent
1025 292 1094 329 sibi
1117 293 1207 331 duas
1221 308 1313 340 uc,
1328 313 1402 341 533,

99 357 290 407 legiones:
328 363 507 409 praetores
545 357 692 395 consuli
722 358 763 393 in
800 356 975 406 eligendo
1011 356 1209 395 arbitrium
1222 352 1401 386 A·C·¹⁶9·

100 421 284 459 fecerunt.
341 422 523 459 Senatum
551 421 686 459 deinde
714 433 888 457 censores
918 420 1116 470 legerunt:
1151 421 1210 460 M.

100 485 278 523 AEmilius
298 485 464 537 Lepidus
484 487 658 537 princeps
679 485 726 522 ab
744 485 866 521 tertiis
888 485 971 536 jam
991 486 1211 523 censoribus

100 549 231 587 lectus.
290 551 442 602 Septem
462 564 482 587 e
502 556 636 593 senatu
656 549 768 600 ejecti
788 555 887 587 sunt.
945 549 990 586 In
1015 562 1130 586 censu
1150 563 1212 587 ac-

99 614 275 664 cipiendo
295 614 426 665 populi
445 614 582 651 milites
604 627 649 650 ex
672 613 926 651 Macedonico
947 614 1128 658 exercitu,
1149 615 1214 663 qui

101 690 213 726 quam
247 678 356 714 multi
389 678 565 715 abessent
593 679 640 715 ab
670 679 808 727 signis,
838 690 971 714 census
1000 678 1144 721 docuit,
1174 678 1215 714 in

101 742 335 792 provinciam
361 742 574 791 cogebant:
608 755 758 780 caussas
788 743 984 793 stipendiis
1013 742 1216 778 missorum

102 806 410 853 cognoscebant:
443 812 494 850 et,
516 806 623 857 cujus
652 808 821 844 nondum
842 806 951 857 justa
978 807 1109 843 missio
1136 807 1217 843 visa

100 876 213 912 esset,
234 869 288 906 ita
303 869 820 921 jusjurandum'adigebant:
854 873 912 908 Ex
932 873 985 908 tui
1004 872 1118 908 animi
1135 883 1215 908 sen-

100 935 227 977 tentia,
250 939 288 971 tu
303 947 345 971 ex
363 937 479 971 edicto
499 934 539 972 C.
557 934 716 979 Claudii,
739 937 793 972 Ti.
809 935 1016 984 Sempronii
1035 947 1218 971 censorum

99 1000 137 1034 in
169 1001 394 1047 provinciam
429 999 685 1037 Macedoniam
720 1000 864 1044 redibis,
899 1001 993 1048 quod
1026 1000 1101 1036 sine
1136 999 1217 1035 dolo

99 1063 334 1112 malofacere
348 1066 484 1113 poteris
495 1066 518 1101 ‚9

156 1126 266 1164 XVI.
296 1127 343 1164 In
373 1128 563 1178 equitibus
592 1130 831 1167 recensendis
861 1129 981 1166 tristis
1011 1128 1214 1166 admodum
1228 1135 1381 1167 Censores

102 1202 233 1226 eorum
254 1197 366 1240 atque
386 1204 518 1243 aspera
538 1206 696 1230 censura
714 1194 811 1230 fuit:
840 1193 968 1230 multis
989 1205 1106 1242 equos
1127 1191 1214 1229 ade·
1227 1180 1407 1253 333¹?th

101 1260 275 1290 merunt:
306 1256 346 1291 in
372 1269 417 1292 ea
441 1269 481 1292 re
507 1269 622 1306 quum
649 1265 861 1306 equestrem
887 1258 1060 1295 ordinem
1081 1255 1216 1293 obfen-
1228 1272 1420 1306 equestrem·

102 1317 258 1362 dissent,
275 1319 465 1357 flammam
485 1321 634 1358 invidiae
656 1321 826 1372 adjecere
842 1322 982 1365 edicto,
999 1334 1074 1370 quo
1090 1321 1216 1357 edixe-

101 1388 203 1427 runt,
226 1385 283 1420 Ne
302 1387 379 1433 quis
396 1398 531 1429 eorum,
553 1389 613 1434 qui
633 1387 676 1428 Q.
696 1387 835 1430 Fulvio,
857 1388 904 1424 A.
922 1387 1110 1423 Postumio
1137 1397 1217 1421 cen-

99 1448 234 1485 soribus
256 1450 406 1498 publica
433 1453 625 1499 vectigalia
653 1456 718 1488 aut
745 1453 842 1488 ultro
872 1451 1007 1488 tributa
1029 1452 1217 1487 conduxis-

100 1518 190 1556 sent,
217 1515 266 1550 ad
294 1515 435 1551 hastam
461 1528 566 1552 suam
594 1517 787 1559 accederet,
813 1518 970 1552 sociusve
995 1520 1060 1552 aut
1088 1515 1218 1564 adfinis

102 1575 176 1622 ejus
207 1579 450 1614 conductionis
480 1584 578 1616 esset.
637 1580 744 1630 Saepe
776 1580 813 1616 id
846 1578 1038 1629 querendo
1070 1585 1240 1623 veteres,

103 1639 296 1689 publicani
322 1654 438 1690 quum
463 1642 652 1692 inpetrare
677 1643 899 1692 nequissent
924 1642 972 1679 ab
999 1648 1147 1686 senatu,
1175 1648 1218 1678 ut

102 1704 256 1740 modum
286 1706 469 1755 potestati
494 1707 675 1744 censoriae
705 1708 948 1758 inponerent,
970 1706 1122 1743 tandem
1148 1706 1218 1743 tri-

101 1767 246 1805 bunum
274 1769 394 1819 plebis
424 1771 467 1812 P.
487 1770 692 1816 Rutilium,
713 1785 760 1809 ex
788 1772 843 1808 rei
871 1772 1027 1822 privatae
1057 1776 1217 1808 conten-

101 1832 208 1869 tione
244 1833 383 1870 iratum
421 1835 656 1879 censoribus,
693 1842 899 1887 patronum
935 1848 1077 1872 caussae
1114 1835 1219 1871 nacti

102 1902 203 1933 sunt.
260 1896 448 1934 Clientem
481 1898 700 1936 libertinum
731 1900 915 1950 parietem
941 1900 983 1938 ‚in
1014 1899 1131 1935 Sacra
1158 1899 1217 1934 via

101 1959 277 1996 adversus
295 1962 390 1998 aedes
407 1962 576 2012 publicas
593 1963 766 1999 demoliri
778 1963 989 2013 jusserant,
1007 1962 1107 2011 quod
1123 1961 1220 2012 pub·-

102 2022 177 2059 lico
197 2024 443 2062 inaedificatus
470 2032 592 2063 esset:
625 2027 805 2077 adpellati
831 2041 852 2064 a
878 2027 1027 2078 privato
1047 2026 1215 2072 tribuni:

105 2100 220 2136 quum
239 2097 375 2141 praeter
401 2091 591 2128 Rutilium
617 2105 729 2129 nemo
756 2093 1022 2136 intercederet,
1043 2103 1217 2128 censores

106 2151 152 2186 ad
172 2152 333 2201 pignora
351 2155 533 2205 capienda
553 2157 751 2200 miserunt,
772 2155 1006 2205 multamque
1031 2168 1101 2206 pro
1125 2168 1217 2191 con-

106 2215 216 2250 cione
256 2218 403 2266 privato
440 2220 629 2258 dixerunt.
686 2221 791 2258 Hinc
828 2221 1079 2258 contentione
1116 2226 1217 2262 orta,

106 2291 220 2326 quum
239 2286 381 2317 veteres
402 2282 594 2331 publicani
613 2296 653 2321 se
673 2285 720 2321 ad
738 2285 934 2322 tribunum
951 2283 1217 2324 contulissent,

105 2343 254 2391 rogatio
284 2351 439 2396 repente
469 2346 537 2384 sub
565 2348 673 2384 unius
701 2348 845 2386 tribuni
870 2348 1025 2385 nomine
1052 2344 1219 2398 promul·
