1546 2648
139 313 181 344 U.
193 314 231 344 C.
245 319 318 344 ⁵85.

138 358 177 387 Λ.
196 356 232 388 C.
246 361 318 391 167.

136 566 268 598 Rhodiis

137 619 252 649 anceps
270 619 316 640 re-

135 663 292 692 sponsum

134 698 257 726 datum.

121 1161 238 1193 Rhodii
254 1173 305 1195 so-

116 1206 264 1237 cietatem
276 1218 296 1239 a

116 1248 271 1281 Romanis

118 1298 244 1330 petunt.

332 217 419 260 510
792 213 838 242 T·
861 212 993 242 len

333 304 390 341 M.
412 301 569 339 Porcius
595 301 718 346 Cat03
754 301 832 349 qui,
868 312 977 350 asper
1009 299 1176 348 ingenio,
1209 303 1290 333 tum
1321 295 1440 332 lencm

334 369 538 415 mitemque
571 372 783 401 senatorem
814 365 904 413 egit.
960 364 1052 400 Non
1087 364 1249 398 inseram
1288 359 1442 396 simula-

331 443 436 469 crum
469 429 539 467 viri
570 429 729 478 copiosi,
764 440 846 477 quae
877 428 1028 470 dixerit,
1063 425 1283 462 referendo:
1325 423 1441 472 ipsius

332 495 456 532 oratio
476 495 617 545 scripta
635 498 774 534 exstat,
791 490 992 538 Originum
1013 490 1148 539 quinto
1165 488 1262 524 libro
1282 486 1441 522 inclusa.

330 558 492 595 Rhodiis
513 568 736 607 responsum
762 556 816 590 ita
840 554 1027 589 redditum
1047 559 1118 593 est,
1150 559 1190 587 ut
1219 563 1289 586 nec
1311 550 1440 585 hostes

329 623 476 666 fierent,
506 634 578 658 nec
600 620 692 657 socii
722 623 998 669 permanerent.
1054 614 1289 650 Philocrates
1309 620 1347 648 et
1365 613 1440 647 As·

328 687 497 737 tymedes
528 685 715 735 principes
745 680 947 730 legationis
980 685 1100 715 erant.
1167 677 1319 713 Partem
1352 688 1437 711 cum

328 751 547 789 Philocrate
575 747 798 784 renunciare
826 744 1007 780 Rhodum
1032 742 1262 791 legationem
1281 739 1439 792 placuit,

330 808 477 832 ru¹⁸⁹u⁸
510 812 591 819 ''mu'‘
611 813 766 832 *’”.1““”
784 809 792 818 “
839 808 871 820 ἡ
1003 806 1202 827 ->-Ῐ-«ἶ-“δΛ-Λ
1237 817 1320 831 rrum
1350 816 1438 838 29⁶8-

327 854 473 892 rentur,
504 848 631 891 sciret,
657 847 914 896 certioresque
943 859 1031 883 suos
1060 846 1214 883 faceret.
1271 846 1316 882 ln
1343 860 1438 896 prae·

325 912 449 948 sentia
467 911 650 948 deducere
670 918 758 948 aute
777 917 918 948 certam
935 911 1033 947 diem
1053 923 1099 947 ex
1113 911 1234 960 Lycia
1250 911 1436 960 Cariaque

316 973 516 1024 jusserunt
535 975 748 1025 praefeetos.
804 974 901 1011 Haec
925 974 1107 1011 Rhodum
1136 975 1330 1017 nunciata,
1351 987 1434 1023 quae

321 1050 389 1089 per
407 1051 447 1074 se
465 1039 589 1074 tristia
606 1038 781 1081 fuissent,
799 1039 887 1087 quia
905 1037 1059 1087 majoris
1079 1037 1168 1073 mali
1187 1036 1331 1074 levatus
1352 1045 1433 1074 erat

319 1102 450 1145 timor,
466 1115 582 1151 quum
612 1102 753 1138 bellum
781 1102 1012 1144 timuissent,
1033 1102 1072 1137 in
1092 1101 1270 1149 gaudium
1290 1114 1430 1138 renun-

319 1167 417 1203 ciata
436 1172 642 1203 verterunt.
698 1166 834 1215 Itaque
852 1165 1057 1216 ⁴extemplo
1087 1179 1266 1203 coronam
1293 1168 1429 1217 viginti

318 1230 475 1267 millium
510 1243 710 1267 aureorum
740 1231 1007 1267 decreverunt:
1040 1229 1297 1276 Theodotum,
1330 1247 1428 1284 prae·

315 1295 458 1332 fectum
487 1294 630 1337 classis,
656 1296 696 1331 in
726 1307 807 1331 eam
840 1294 1071 1343 legationem
1103 1295 1299 1333 miseruut.
1355 1298 1424 1334 So-

315 1360 492 1396 cietatem
512 1359 558 1396 ab
579 1358 765 1395 Romanis
794 1360 849 1395 ita
877 1358 1057 1395 volebant
1085 1359 1178 1408 peti,
1210 1367 1251 1396 ut
1279 1361 1424 1400 nullum

314 1424 360 1460 de
379 1436 423 1460 ea
441 1436 481 1460 re
500 1424 634 1460 scitum
652 1423 782 1473 populi
801 1423 921 1466 fieret,
937 1429 1002 1459 aut
1020 1423 1138 1458 literis
1158 1424 1419 1464 mandaretur:

313 1487 428 1536 quod,
466 1489 538 1524 nisi
576 1489 824 1538 inpetrarent,
859 1485 981 1537 major
1016 1485 1174 1536 repulsis
1211 1488 1423 1536 ignominia

311 1561 422 1591 esset.
479 1554 654 1590 Praefecti
681 1553 809 1590 classis
832 1554 870 1590 id
892 1555 1002 1590 unius
1032 1558 1113 1605 erat
1134 1551 1214 1603 jus,
1242 1562 1284 1590 ut
1312 1567 1422 1605 agere

311 1617 357 1653 de
377 1630 422 1653 ea
440 1629 480 1653 re
499 1618 579 1653 sine
598 1618 800 1666 rogatione
816 1616 891 1653 ulla
911 1616 1056 1666 perlata
1076 1623 1227 1665 posset:
1258 1630 1348 1655 nam
1366 1620 1422 1657 ita

309 1693 376 1730 per
395 1687 453 1717 tot
473 1693 592 1717 annos
612 1682 651 1717 in
671 1681 840 1717 amicitia
868 1680 1033 1723 fuerant,
1058 1685 1100 1717 ut
1126 1681 1257 1718 sociali
1275 1681 1418 1720 foedere

308 1757 348 1780 se
378 1758 461 1781 cum
493 1745 678 1781 Romanis
713 1758 789 1781 non
817 1744 1022 1793 inligarent
1050 1745 1101 1782 ob
1134 1745 1275 1782 nullam
1305 1746 1416 1784 aliam

307 1820 492 1850 caussam,
523 1821 634 1856 quam
656 1821 702 1844 ne
722 1821 826 1857 spem
845 1807 996 1856 regibus
1028 1808 1293 1845 abscinderent
1321 1823 1414 1847 aux·

306 1871 357 1906 ilii
381 1873 450 1915 sui,
473 1873 500 1907 si
523 1873 581 1907 cui
609 1885 702 1921 opus
730 1877 841 1913 esset,
872 1883 945 1907 neu
975 1871 1047 1907 sibi
1075 1872 1164 1922 ipsis
1196 1872 1340 1910 fructus
1367 1887 1413 1911 ex

303 1934 540 1984 benignitate
577 1944 613 1971 et
650 1936 804 1971 fortuna
839 1948 968 1972 eorum
1003 1936 1247 1986 percipiendi.
1303 1938 1412 1974 Tunc

304 2001 432 2048 utique
451 2001 612 2050 peteuda
633 2001 792 2037 societas
817 2001 1033 2046 videbatur;
1056 2014 1132 2037 non
1154 2014 1236 2050 quae
1253 2004 1410 2039 tutiores

301 2076 365 2101 eos
387 2063 434 2099 ab
455 2064 536 2099 aliis
558 2064 712 2106 faceret,
737 2065 824 2110 (nec
845 2065 943 2100 enim
964 2064 1150 2100 timebant
1168 2078 1408 2114 quemquam,

299 2135 435 2176 praeter
467 2127 682 2174 Romanos)
718 2128 781 2164 sed
819 2141 900 2176 quae
938 2128 1026 2177 ipsis
1063 2127 1248 2165 Romanis
1285 2130 1408 2166 minus

299 2198 506 2239 suspectos.
563 2191 640 2228 Sub
661 2192 758 2228 idem
788 2191 865 2227 fere
896 2199 1042 2241 tempus
1069 2199 1107 2228 et
1126 2192 1262 2229 Caunii
1288 2193 1409 2231 desci-

298 2266 383 2290 vere
412 2254 459 2290 ab
494 2255 565 2296 his,
600 2262 639 2291 et
670 2254 904 2304 Mylasenses
941 2255 1235 2292 Euromensium
1268 2257 1407 2306 oppida

297 2325 542 2368 occuparunt,
602 2319 692 2355 Non
719 2320 772 2355 ita
798 2318 906 2355 fracti
940 2320 1055 2355 animi
1086 2320 1250 2357 civitatis
1284 2327 1404 2363 eraut,

1540 48 1546 50 l
1535 0 1546 39 *93
