1546 2648
294 172 379 217 372
474 173 478 180 ⁸
738 172 784 205 Τ.
807 174 944 205 mvn

105 261 146 292 U·
158 262 194 292 C·
212 269 285 295 ⁵81·
297 269 341 300 ut
358 269 552 301 terrestres
573 265 690 316 copiae
706 266 985 317 trajicerentur,
1002 265 1127 310 simul,
1144 271 1187 302 nt
1205 266 1401 311 onerariae,

102 306 142 335 Α.
159 305 198 335 C.
214 312 287 342 171.
322 317 326 322 ·

102 390 247 421 Licinius

101 442 167 463 cos.
184 435 287 473 profi-

101 483 232 507 ciscitur
252 487 284 507 m

298 340 345 364 ex
363 328 513 377 agmine
532 341 601 366 suo
620 341 687 381 per
706 329 823 367 altum
847 330 1051 382 dissipatae,
1072 338 1405 380 consequerentur.

351 391 506 429 XLIX.
540 392 614 429 Per
644 394 714 430 hos
747 393 847 430 forte
877 395 954 430 dies
989 394 1032 431 P.
1051 393 1222 431 Licinius
1256 393 1404 438 consul,

297 455 396 491 votis
427 455 467 492 in
501 456 695 506 Capitolio
726 459 968 508 nuncupatis,
1001 457 1200 508 paludatus
1233 457 1280 494 ab
1313 457 1407 495 urbe

103 518 255 550 Macedo·
297 519 489 569 profectus
509 526 577 557 est.
635 521 790 571 Semper
818 522 968 571 quidem
997 534 1042 558 ea
1069 533 1127 558 res
1155 533 1240 558 eum
1267 533 1408 570 magna

103 562 205 594 niam.

297 583 483 633 dignitate
520 598 564 620 ac
600 584 800 635 majestate
836 587 1005 634 geritur:
1055 587 1243 636 praecipue
1278 592 1407 622 tamen

296 648 485 685 convertit
512 648 643 685 oculos
673 649 908 698 animosque,
929 661 1044 698 quum
1064 650 1111 685 ad
1130 661 1310 698 magnum
1334 661 1406 685 no-

294 708 499 760 bilemque,
526 718 592 748 ant
618 712 759 748 virtute
787 718 854 748 aut
881 711 1050 753 fortuna,
1070 712 1235 754 hostem,
1255 718 1406 748 euntem

296 774 491 812 consulem
510 781 804 825 prosequuntur.
851 775 1057 811 Contrahit
1075 775 1176 811 enim
1195 786 1275 812 non
1294 774 1409 812 officii

295 838 412 874 modo
432 851 535 882 cura,
557 839 622 875 sed
641 839 756 875 etiam
776 839 942 875 studium
962 838 1182 889 spectaculi,
1199 844 1242 874 ut
1255 838 1408 875 videant

297 902 430 938 ducem
461 915 583 947 suum,
618 902 724 954 cujus
757 903 919 953 imperio
952 902 1187 952 consilioque
1222 914 1408 939 summam

295 966 568 1017 rempublicam
598 967 779 1004 tuendam
811 967 1074 1017 permiserunt.
1131 957 1242 1003 Subit
1273 966 1408 1004 deinde

298 1033 482 1080 cogitatio
513 1032 694 1075 animum,
726 1033 789 1081 qui
821 1032 912 1068 belli
946 1045 1068 1075 casus,
1100 1045 1212 1081 quam
1241 1033 1406 1068 incertus

296 1095 459 1133 fortunae
480 1103 651 1140 eventus,
673 1097 959 1145 communisque
984 1096 1090 1132 Mars
1119 1095 1209 1132 belli
1238 1096 1310 1132 sit:
1343 1094 1408 1132 ad-

295 1171 418 1204 versa,
439 1160 618 1204 secunda,
636 1153 794 1210 quaeque
813 1160 964 1196 inscitia
984 1166 1022 1196 et
1040 1160 1254 1196 temeritate
1272 1158 1410 1196 ducum

298 1222 422 1260 clades
449 1236 548 1274 saepe
577 1224 797 1266 acciderint,
819 1236 901 1273 quae
928 1229 1062 1260 contra
1080 1223 1184 1259 bona
1210 1223 1409 1274 prudentia

299 1292 337 1324 et
366 1287 483 1324 virtus
513 1288 704 1325 adtulerit.
760 1288 884 1327 Quem
914 1289 1008 1324 scire
1033 1286 1264 1331 mortalium,
1289 1287 1407 1323 utrius

297 1352 450 1396 mentis,
471 1352 590 1389 utrius
610 1352 773 1389 fortnnae
794 1351 988 1388 consulem
1009 1351 1054 1388 ad
1072 1350 1212 1387 bellum
1232 1350 1409 1387 mittant?

299 1416 646 1466 triumphantemne
667 1429 755 1453 mox
775 1429 858 1453 cum
880 1416 1047 1452 exercitu
1063 1416 1205 1451 victore
1224 1415 1410 1452 scanden-

299 1486 375 1517 tem
397 1480 629 1531 Capitolium
649 1480 698 1517 ad
715 1480 868 1517 eosdem
894 1480 1014 1523 Deos,
1037 1493 1058 1516 a
1077 1479 1212 1528 quibus
1237 1478 1410 1529 proficis-

299 1551 421 1587 catur,
447 1545 587 1590 visuri3
621 1557 668 1581 an
697 1543 872 1581 hostibus
903 1557 986 1581 eam
1015 1543 1209 1594 praebituri
1237 1542 1410 1580 laetitiam

300 1608 401 1643 sint?
429 1607 535 1644 Persi
564 1614 690 1645 autem
719 1608 813 1657 regi,
841 1607 1016 1644 adversus
1046 1619 1156 1656 quem
1185 1606 1326 1649 ibatur,
1352 1606 1411 1643 fa-

300 1684 399 1708 mam
426 1678 463 1708 et
488 1672 589 1708 bello
616 1671 715 1709 clara
741 1671 996 1708 Macedonum
1025 1683 1131 1720 gem,
1152 1677 1189 1706 et
1213 1669 1410 1720 Philippus

300 1742 421 1785 pater,
457 1736 555 1772 inter
585 1736 703 1773 multa
736 1748 915 1786 prospere
947 1742 1054 1783 gesta
1087 1733 1266 1770 Romano
1295 1734 1409 1770 etiam

302 1799 525 1836 nobilitatus
545 1800 660 1841 bello,
677 1799 895 1850 praebebat3
919 1806 1000 1835 tum
1018 1798 1134 1848 ipsius
1156 1797 1280 1833 Persei
1303 1810 1411 1834 num-

303 1876 429 1912 quam,
451 1875 497 1900 ex
522 1876 598 1913 quo
623 1876 781 1912 regnum
808 1863 1027 1913 accepisset,
1049 1862 1206 1898 desitum
1233 1861 1322 1898 belli
1345 1874 1411 1899 ex-

304 1927 539 1977 spectatione
559 1926 740 1964 celebrari
760 1938 911 1963 nomen.
969 1926 1065 1962 Cum
1085 1925 1143 1961 his
1167 1926 1412 1974 cogitationi·

303 1990 373 2027 bus
400 1991 569 2028 omnium
597 1991 771 2027 ordinum
797 1991 970 2026 homines
998 1989 1298 2039 proficiscentem
1318 2003 1410 2027 con-

305 2054 422 2090 sulem
442 2056 631 2105 prosecuti
652 2061 751 2091 sunt.
801 2053 892 2090 Duo
914 2053 1128 2090 consulares
1148 2053 1290 2090 tribuni
1310 2054 1411 2091 mili-

304 2126 384 2155 tum
405 2132 489 2155 cum
510 2132 555 2154 eo
582 2120 700 2161 missi,
722 2119 765 2155 C.
783 2118 976 2161 Claudius,
997 2118 1045 2157 Q.
1061 2117 1212 2154 Mucius
1230 2134 1240 2162 ;
1273 2123 1310 2154 et
1334 2124 1411 2155 tres

304 2182 480 2218 inlustres
503 2181 679 2231 juveneS,
704 2181 746 2218 P.
762 2181 963 2224 Lentulus,
985 2188 1022 2217 et
1051 2181 1127 2217 duo
1154 2180 1291 2217 Manlii
1321 2182 1413 2218 Aci-

305 2246 408 2281 dini:
454 2245 550 2282 alter
576 2245 633 2283 M.
653 2245 805 2288 Manlii,
836 2245 931 2282 alter
959 2245 1005 2282 L.
1025 2244 1163 2281 Manlii
1193 2244 1289 2282 filius
1319 2251 1412 2283 erat,

307 2309 402 2346 Cum
434 2310 479 2346 iis
514 2309 646 2347 consul
678 2309 923 2347 Brundisium
961 2309 1006 2346 ad
1044 2309 1263 2352 exercitum,
1301 2315 1412 2359 atque

1516 4 1529 109 *ffl-
