1546 2648
300 167 456 198 ιιΒΕιι
480 160 661 195 ΧΧΧῙΧ.-
694 161 802 194 oAP.
824 164 942 194 vl11.
1104 150 1181 193 161

71 265 221 306 quoque
249 257 410 306 gratiam
436 254 713 292 conciliandam
741 253 853 290 amici
883 251 1023 288 Manlii
1056 251 1182 289 value-
1197 257 1286 288 U.C.
1305 261 1380 289 565.

73 326 184 356 runt:
217 319 352 369 quibus
373 318 629 356 adnitentibus
650 315 1020 354 senatusconsultum
1040 315 1184 353 factum
1195 302 1236 331 Α·
1250 300 1288 333 C‘
1306 304 1379 334 ³⁸⁷·

71 392 141 430 est,
168 387 217 423 Ut
237 398 279 422 ex
304 387 470 434 pecunia,
498 397 574 433 quae
602 385 639 420 in-
668 383 850 431 triumpho
879 383 1058 418 translata
1084 388 1185 426 esset,

69 451 299 498 stipendium,
321 450 505 486 conlatum
522 462 545 484 a
562 450 697 497 populo
716 450 754 484 in
777 448 977 496 publicum,
998 448 1094 495 quod
1112 446 1187 494 ejus

66 514 221 551 solutum
249 519 356 550 antea
380 526 452 550 non
480 518 580 554 esset,
599 513 804 549 solveretur.
860 511 1027 547 Vicenos
1047 511 1184 560 quinos

66 583 103 614 et
123 578 295 614 semisses
315 578 354 614 in
374 577 492 613 millia
512 577 594 613 zeris
614 582 820 625 quaestores
847 574 983 612 urbani
1003 587 1089 610 cum
1110 574 1185 610 fide

67 647 106 677 et
125 654 215 678 cura
234 633 448 678 solverunt(
486 641 560 677 Per
579 641 678 677 idem
691 647 840 691 tempus
856 639 1000 676 tribuni
1021 638 1186 674 militum

69 706 144 742 duo
164 718 211 742 ex
229 705 374 742 duabus
405 705 603 755 Hispaniis
632 718 716 741 cum
736 704 854 740 literis
876 703 919 740 C.
934 703 1058 738 Atinii
1081 708 1118 738 et
1136 701 1185 738 L.

66 768 219 812 Manlii,
237 769 299 818 qui
318 782 379 805 eas
396 769 609 819 provincias
626 768 868 811 obtinebant,
883 773 1079 804 venerunt.
1121 768 1185 806 Ex

66 834 112 869 iis
133 832 251 869 literis
281 833 478 881 cognitum
507 838 579 875 est,
601 831 813 868 Celtiberos
841 831 1124 880 Lusitanosque
1143 833 1184 870 in

66 897 179 935 armis
209 909 304 940 esse,
335 902 374 932 et
401 897 589 932 sociorum
624 909 735 944 agros
767 896 964 946 populari:
997 896 1041 931 de
1072 909 1115 932 ea
1142 908 1184 933 re

66 961 388 998 consultationem
418 961 607 1008 integram
640 967 792 996 senatus
819 960 866 996 ad
893 972 1013 995 novos
1043 961 1184 1008 magis-

65 1031 187 1063 tratus
220 1024 365 1076 rejecit.
420 1024 540 1061 Ludis
573 1023 761 1060 Romanis
791 1036 837 1059 eo
869 1036 985 1066 anno,
1014 1037 1107 1072 quos
1138 1024 1182 1063 P.

67 1089 267 1126 Cornelius
281 1089 488 1137 Cethegus,
501 1088 550 1125 A.
565 1087 784 1123 Postumius
795 1087 957 1123 Albinus
973 1087 1181 1131 faciebant,

66 1153 187 1190 malus
207 1153 247 1188 in
266 1153 368 1189 circo
388 1151 582 1187 instabilis·
601 1152 640 1187 in
660 1152 811 1199 signum
831 1151 1030 1187 Pollentiae
1056 1152 1182 1200 proci-

0 1203 9 1228 }
65 1217 135 1260 dit,
156 1223 269 1266 atque
298 1217 336 1252 id
366 1214 525 1265 dejecit:
559 1228 604 1251 ea
628 1215 811 1264 religione
840 1216 936 1251 moti
964 1215 1112 1259 Patres,
1143 1222 1181 1252 et

64 1280 165 1317 diem
183 1293 300 1316 unum
321 1278 577 1330 adjiciendum
594 1278 770 1314 ludorum
790 1278 1002 1315 celebritati
1022 1291 1180 1315 censue-

61 1350 165 1388 runt,
184 1350 223 1380 et
242 1344 351 1393 signa
370 1343 445 1379 duo
464 1356 534 1392 pro
552 1355 627 1378 uno
643 1342 876 1392 reponenda,
897 1348 935 1378 et
951 1355 1092 1378 novum
1112 1355 1179 1379 au·

62 1414 187 1445 ratum
212 1407 440 1444 faciendum.
496 1407 549 1442 Et
582 1406 721 1456 plebeii
753 1406 830 1442 ludi
865 1406 911 1442 ab
945 1406 1113 1442 aedilibus
1135 1407 1166 1442 C

62 1472 290 1523 Sempronio
318 1471 445 1509 Blaeso
484 1478 522 1509 et
552 1471 611 1509 M.
629 1470 747 1508 Furio
775 1469 904 1508 Lusco
934 1471 1034 1508 diem
1063 1483 1180 1510 unum

61 1537 262 1573 instaurati
282 1542 381 1574 sunt.

116 1600 230 1637 VIII.
259 1600 467 1650 Insequens
497 1613 618 1637 annus
645 1600 708 1651 Sp.
729 1600 975 1638 Postumium.
995 1601 1179 1637 Albinum
1191 1603 1233 1634 U.
1249 1602 1285 1634 C.
1300 1608 1376 1635 566.

63 1671 102 1701 et
121 1664 170 1704 Q.
185 1664 374 1701 Marcium
393 1664 614 1715 Philippum
641 1665 815 1701 consules
842 1665 889 1702 ab
910 1666 1079 1702 exercitu
1096 1665 1177 1701 bel·
1190 1649 1230 1680 Α·
1243 1646 1278 1677 C·
1294 1652 1366 1679 ¹8⁶·

61 1727 260 1777 lorumque
277 1734 315 1764 et
329 1729 609 1778 provinciarum
627 1741 715 1765 cura
728 1729 773 1765 ad
794 1729 984 1765 intestinae
1001 1728 1087 1779 conj
1094 1742 1178 1765 ura-

61 1793 177 1829 tionis
207 1792 413 1828 vindictam
442 1793 590 1829 avertit.
647 1792 834 1829 Praetores
862 1793 1076 1842 provincias
1097 1805 1178 1829 sor-

61 1858 125 1895 titi
143 1865 246 1902 sunt,
262 1858 309 1895 T.
328 1858 493 1894 Maenius
511 1859 709 1902 urbanam,
726 1859 782 1896 M.
802 1858 975 1895 Licinius
995 1859 1178 1896 Lucullus

62 1923 163 1959 inter
187 1923 285 1960 cives
317 1930 354 1959 et
382 1925 618 1973 peregrinos,
641 1924 684 1959 C.
701 1923 878 1959 Aurelius
900 1924 1062 1959 Scaurus
1092 1923 1180 1960 Sar-

62 1986 220 2030 diniam,
253 1986 298 2023 P.
332 1986 531 2022 Cornelius
564 1987 667 2022 Sulia
695 1986 877 2028 Siciliam,
908 1986 954 2022 L.
975 1987 1179 2026 Quinctius

65 2050 260 2100 Crispinus
281 2051 511 2101 Hispaniam
526 2052 755 2093 citeriorem,
777 2050 820 2087 C.
843 2049 1068 2099 Calpurnius
1090 2050 1180 2086 Piso

63 2112 290 2162 Hispaniam
305 2114 536 2151 ulteriorem.
576 2113 806 2150 Consulibus
822 2114 1008 2150 ambobus
1019 2114 1179 2162 quaestio
1193 2109 1338 2158 Baccha·

64 2176 111 2212 de
131 2176 370 2214 clandestinis
388 2177 717 2228 conjurationibus
737 2179 887 2215 decreta
907 2186 974 2215 est.
1024 2178 1178 2215 Graecus
1193 2152 1288 2184 naba.

65 2238 246 2289 ignobilis
267 2240 305 2276 in
323 2240 517 2278 Etruriam
541 2243 706 2293 primum
724 2244 842 2285 venit,
863 2241 967 2278 nulla
994 2255 1077 2278 cum
1098 2249 1178 2277 arte

63 2315 209 2348 earum,
229 2316 321 2354 quas
342 2305 479 2343 multas
500 2307 547 2344 ad
566 2307 780 2344 animorum
800 2318 1078 2359 corporumque
1099 2305 1179 2342 cul-
