1546 2648
293 160 450 191 LIBER
473 159 657 190 XXXIX·
689 159 796 190 CAP.
818 161 983 192 XLVII·
1113 163 1193 209 207

86 250 230 300 (gravis
249 250 351 287 enim
379 249 512 288 adcola
541 249 717 287 omuibus
738 251 835 297 erat)
860 250 1039 297 Romam,
1060 262 1126 292 aut
1145 256 1193 294 ad
1207 265 1249 296 U.
1262 265 1298 296 C.
1314 271 1391 300 ⁵69.

83 329 189 368 spem
207 316 373 361 levandae
389 316 552 366 injuriae,
573 323 639 354 aut
657 317 704 354 ad
723 317 901 355 deflendae
921 318 1113 366 solatium,
1129 336 1194 360 ve-
1205 309 1294 342 A·C·
1309 316 1383 342 ¹⁸3·

81 388 232 420 nerunt,
277 382 331 418 Et
346 381 393 419 ab
414 383 584 418 Eumene
603 395 691 431 rege
709 382 852 432 legatio
872 396 957 420 eum
976 384 1092 423 fratre
1111 387 1193 439 ejus

78 446 268 484 Athenaeo
283 448 386 483 venit
403 448 451 484 ad
467 448 713 497 querendum,
730 448 841 484 simul
861 450 963 498 quod
977 463 1053 487 non
1075 452 1192 490 dedu-

45 528 53 533 ·
77 518 254 549 cerentux·
272 524 318 549 ex
336 512 501 549 Thracia
520 512 707 562 praesidia,
727 513 840 549 simul
869 514 972 563 quod
994 515 1034 551 in
1051 516 1192 567 Bithy-

75 575 178 612 niam
226 576 368 613 Prusiae
406 576 548 612 bellum
585 576 761 614 adversus
801 577 1010 616 Eumenem
1042 583 1191 629 gerenti

75 640 217 677 auxilia
236 641 350 678 missa
369 641 507 678 forent.

127 704 298 742 XLVII.
328 705 653 756 Respondendum
689 705 736 742 ad
770 706 899 742 omnia
933 705 1068 757 juveni
1105 716 1186 748 tum
1199 718 1384 752 Demetrius

75 769 277 806 admodum
304 770 503 806 Demetrio
529 777 636 816 erat3
670 783 786 819 quum
816 771 917 809 haud
937 771 1050 809 facile
1072 781 1169 812 esset

71 839 139 870 aut
153 846 211 877 ea,
229 847 312 883 quae
331 834 602 885 objicerentur,
620 842 684 871 aut
701 849 783 884 quae
799 836 976 873 adversus
997 850 1042 874 ea
1056 839 1185 876 dicen-

70 896 120 933 da
138 904 259 941 erant,
281 899 464 953 memoria
492 898 715 948 complecti:
748 912 818 935 nec
845 902 947 937 enim
974 901 1092 938 multa
1121 916 1185 939 so-

68 960 162 1005 lum,
183 962 249 999 sed
268 963 383 999 etiam
409 963 588 1014 pleraque
609 963 750 1013 oppido
780 976 892 1012 quam
912 978 1029 1014 parva
1048 975 1180 1004 erant:

68 1025 114 1063 de
134 1029 392 1064 controversia
412 1028 558 1071 finium,
579 1028 624 1064 de
645 1027 863 1064 hominibus
890 1030 1007 1079 raptis
1033 1033 1182 1080 pecori·

66 1089 213 1139 busque
232 1091 391 1135 abactis,
421 1091 566 1141 dejure
589 1098 655 1128 aut
686 1092 789 1127 dicto
813 1104 879 1142 per
898 1092 1095 1130 libidinem
1115 1103 1183 1134 aut

68 1167 146 1191 non
167 1155 282 1198 dicto,
311 1156 356 1192 de
375 1157 486 1193 rebus
507 1169 574 1206 per
591 1157 665 1192 vim
687 1163 753 1192 aut
771 1169 838 1206 per
857 1158 1017 1205 gratiam
1031 1157 1183 1208 judica·

67 1219 115 1255 tis
135 1234 142 1255 :
175 1220 272 1256 nihil
290 1221 425 1258 horum
446 1233 569 1270 neque
588 1221 829 1257 Demetrium
850 1221 985 1258 docere
1004 1222 1182 1267 dilucide,

65 1296 134 1320 nec
155 1296 195 1320 se
223 1286 313 1320 satis
334 1284 479 1334 liquido
499 1286 640 1322 discere
659 1285 706 1321 ab
727 1298 772 1321 eo
793 1293 945 1321 senatus
965 1299 1082 1335 quum
1101 1300 1184 1324 cer-

62 1357 172 1386 neret
205 1363 342 1401 posse3
375 1351 487 1388 simul
519 1358 557 1388 et
593 1351 790 1394 tirocinio,
823 1358 863 1387 et
893 1351 1183 1402 perturbatione

56 1412 208 1464 juvenis
240 1422 477 1461 moveretur3
510 1416 626 1465 quaeri
649 1415 767 1465 jussit
796 1415 844 1452 ab
874 1428 934 1459 eo,
959 1428 1116 1465 ecquem
1135 1416 1182 1452 de

62 1478 121 1514 his
147 1479 258 1517 rebus
279 1482 634 1518 commentariuma
657 1488 763 1530 patre
787 1481 1022 1530 accepisset?
1051 1481 1181 1520 Quum

61 1543 333 1592 respondisset,
356 1547 530 1593 accepisse
547 1557 607 1587 se,·
637 1543 734 1580 nihil
767 1544 869 1594 prius
890 1556 959 1580 nec
977 1545 1104 1594 potius
1124 1545 1180 1581 vi-

62 1618 145 1642 sum
165 1614 235 1650 est,
257 1620 370 1656 quam
399 1609 496 1657 regis
527 1609 643 1658 ipsius
671 1608 716 1643 de
736 1607 894 1656 singulis
916 1620 1098 1658 responsa
1116 1620 1180 1644 ac·

62 1670 199 1720 cipere.
256 1671 415 1709 Librum
435 1674 627 1723 extemplo
648 1681 933 1724 poposcerunt3
967 1674 1116 1717 deiude,
1137 1680 1180 1711 ut

59 1735 140 1785 ipse
160 1735 349 1780 recitaret,
378 1739 646 1788 permiserunt.
702 1739 825 1775 Erant
846 1745 972 1775 autem
993 1740 1037 1775 de
1065 1739 1178 1775 rebus

60 1799 217 1848 singulis
239 1801 278 1836 in
312 1801 424 1838 breve
444 1810 586 1839 coactae
619 1815 786 1840 caussae:
816 1810 858 1839 ut
883 1803 958 1839 alia
985 1803 1120 1839 fecisse
1139 1815 1179 1839 se

59 1866 266 1902 secuudum
287 1866 438 1903 decreta
468 1867 680 1916 legatorum
706 1869 885 1913 doceret5
920 1867 994 1903 alia
1014 1880 1090 1903 non
1112 1878 1180 1917 per

59 1940 99 1964 se
118 1930 280 1973 stetisse,
302 1944 376 1980 quo
398 1933 520 1968 minus
540 1932 696 1976 faceret,
718 1933 783 1969 sed
802 1945 868 1982 per
888 1944 952 1968 eos
970 1932 1087 1981 ipsos,
1113 1931 1179 1979 qui

59 2001 292 2030 accusarent.
349 1995 637 2046 Interposuerat
657 2005 694 2032 et
715 1995 886 2044 querelas
908 1996 954 2031 de
975 1995 1179 2043 iniquitate

59 2056 308 2101 decretorum,
330 2067 368 2094 et
384 2072 496 2108 quam
517 2072 594 2095 non
615 2073 661 2096 ex
679 2072 787 2108 aequo
808 2060 1062 2108 disceptatum
1078 2056 1179 2107 apud

60 2121 253 2166 Caecilium
273 2124 383 2167 foret,
400 2126 629 2175 indigneque
650 2125 736 2167 sibi,
754 2138 823 2161 nec
840 2124 918 2160 ullo
939 2137 1008 2159 suo
1025 2123 1176 2167 merito,

62 2185 283 2223 insultatum
303 2189 350 2226 ab
371 2190 548 2226 omnibus
567 2196 677 2227 esset.
714 2189 796 2226 Has
813 2195 924 2225 notas
938 2187 1077 2224 irritati
1097 2185 1177 2237 ejus

61 2250 177 2287 animi
199 2252 364 2301 conlegit
394 2262 546 2291 senatus
566 2268 574 2290 :
608 2261 776 2291 ceterum
796 2253 870 2309 alia
893 2252 1089 2289 excusanti
1111 2250 1178 2300 ju-

60 2315 162 2360 veni,
184 2315 259 2353 alia
276 2318 489 2370 recipienti,
509 2319 640 2357 futura
657 2320 725 2364 ita,
747 2327 790 2356 ut
806 2318 972 2357 maxime
988 2315 1104 2353 vellet
1119 2327 1179 2353 se-

1198 769 1320 802 patrem

1172 803 1185 819 '
1197 807 1348 838 defendit.
