1546 2648
456 141 791 172 FRAGMENTA.
1096 131 1176 172 611

67 240 106 269 et
125 246 147 270 a
165 233 211 270 T.
230 232 342 270 Livio
361 232 542 284 positum,
561 233 601 269 in
619 233 766 268 incerto
798 243 892 275 esse,
923 237 1048 268 utrum
1076 231 1183 270 illum

68 299 188 347 magis
208 300 311 336 nasci
331 298 546 349 reipublicae
571 297 769 348 profuerit,
790 310 838 333 an
864 310 942 333 non
969 297 1088 339 nasci,
1108 297 1183 334 dici

68 362 183 399 etiam
203 363 248 399 de
266 363 387 400 ventis
417 368 555 413 potest.
611 362 746 398 Seneca
780 362 837 399 lib.
857 375 891 399 v.
920 367 1040 398 natur.
1060 367 1183 411 quaest.

64 427 169 463 xviii.

120 490 179 526 M.
210 491 344 526 Cicero
378 490 447 527 sub
481 490 684 527 adventum
709 491 993 528 triumvirorum
1023 496 1187 527 cesserat

65 554 174 598 urbe,
208 568 277 605 pro
303 562 407 592 certo
436 555 596 599 habens,
630 555 668 591 id
697 556 798 604 quod
830 562 924 599 erat,
955 569 1033 591 non
1066 555 1185 603 magis

67 619 242 655 Antonio
262 620 356 670 eripi
382 633 435 663 se,
456 633 569 668 quam
589 620 731 656 Caesari
751 620 925 656 Cassium
944 626 983 654 et
1008 619 1185 662 Brutum,

69 694 192 732 posse.
250 682 379 719 Primo
395 684 433 719 in
448 682 705 720 Tusculanum
724 682 837 732 fugit,
858 682 945 719 inde
965 682 1185 718 transversis

66 746 266 782 itineribus
295 748 335 783 in
354 747 614 791 Formianum,
643 754 688 784 ut
712 746 760 784 ab
781 747 913 783 Caieta
942 746 1069 782 navim
1095 757 1187 781 con-

71 821 282 861 scensurus,
313 811 576 861 proficiscitur,
634 811 748 847 Unde
776 810 976 859 aliquoties
1006 810 1046 845 in
1071 809 1190 845 altum

69 881 292 924 provectum
324 888 440 924 quum
477 876 589 912 modo
626 877 729 912 venti
776 876 922 912 adversi
957 874 1188 917 retulissent,

71 937 186 973 modo
205 938 286 986 ipse
299 936 553 986 jactationem
574 941 695 983 navis,
723 952 825 976 caeco
852 939 1028 976 volvente
1057 939 1189 982 fluctu,

70 999 153 1049 pati
169 1011 248 1035 non
267 1006 410 1049 posset,
427 1002 582 1035 taedium
601 1002 755 1038 tandem
771 1015 856 1039 eum
876 1009 915 1039 et
931 1003 1032 1051 fugae
1053 1008 1091 1038 et
1104 1003 1192 1038 vitae

72 1064 194 1112 cepit:
218 1074 483 1111 regressusque
503 1063 549 1099 ad
564 1065 799 1113 superiorem
812 1066 942 1100 villam
961 1079 1044 1111 quae
1063 1064 1192 1114 paullo

72 1125 156 1176 plus
184 1125 287 1161 mille
312 1125 484 1176 passibus
504 1139 527 1162 a
551 1127 646 1162 mari
676 1125 797 1169 abest,
817 1125 976 1169 Moriar,
996 1126 1136 1175 inquit,
1156 1129 1195 1163 in

70 1190 197 1238 patria
224 1201 314 1238 soepe
342 1195 494 1226 servata.
553 1190 651 1226 Satis
689 1195 854 1233 constat,
888 1201 1014 1226 servos
1042 1189 1193 1227 fortiter

73 1252 308 1302 fideliterque
340 1261 492 1304 paratos
521 1253 637 1291 fuisse
667 1254 714 1290 ad
744 1253 1027 1299 dimicandum;
1071 1254 1196 1305 ipsum

72 1316 212 1366 deponi
238 1316 426 1360 lecticam,
456 1324 495 1354 et
523 1318 671 1367 quietos
700 1318 794 1368 pati,
825 1317 927 1367 quod
958 1317 1036 1353 fors
1066 1317 1198 1367 iniqua

74 1386 242 1428 cogeret,
265 1380 436 1430 jussisse.
493 1381 732 1416 Prominenti
752 1393 798 1416 ex
817 1381 967 1425 lectica,
991 1380 1196 1430 praebenti-

73 1455 146 1492 que
173 1443 372 1479 immotam
399 1444 582 1479 cervicem
615 1449 730 1492 caput
757 1443 957 1492 praecisum
985 1451 1054 1481 est.
1111 1443 1196 1480 Nec

74 1506 164 1542 satis
185 1506 330 1542 stolidae
356 1507 569 1543 crudelitati
595 1507 760 1543 militum
788 1506 873 1544 fuit.
929 1506 1070 1543 Manus
1100 1521 1195 1557 quo·
1228 1542 1234 1547 β

74 1582 160 1619 que,
195 1570 388 1619 scripsisse
421 1571 458 1606 in
488 1571 703 1607 Antonium
736 1570 878 1620 aliquid
906 1570 1196 1621 exprobranteS,

68 1635 341 1685 praeciderunt.
399 1635 461 1671 Ita
479 1635 640 1672 relatum
661 1642 776 1686 caput
794 1636 841 1672 ad
861 1636 1089 1679 Antonium,
1112 1634 1198 1686 jus-

77 1709 195 1746 suque
215 1698 294 1748 ejus
315 1700 414 1735 inter
433 1699 524 1735 duas
544 1712 676 1735 manus
696 1700 736 1735 in
755 1701 887 1736 rostris
907 1700 1101 1750 positum3
1134 1699 1200 1736 ubi

74 1753 138 1797 ille
159 1762 307 1804 consul,
330 1762 393 1798 ubi
427 1775 527 1812 saepe
555 1762 779 1806 consularis,
812 1763 878 1799 ubi
907 1775 953 1799 eo
983 1763 1067 1812 ipso
1095 1774 1198 1798 anno

78 1824 254 1860 adversus
275 1826 505 1867 Antonium,
526 1832 670 1873 quanta
696 1825 801 1861 nulla
835 1838 1001 1873 unquam
1031 1825 1199 1860 humana

77 1887 288 1930 vox‚'cum
324 1889 575 1925 admiratione
613 1887 840 1936 eloquentiae
877 1887 1027 1922 auditus
1061 1886 1197 1925 fuerat.

75 1950 152 1986 Vix
171 1950 388 1986 attollentes
409 1952 572 1986 lacrimis
593 1950 724 1986 oculos
744 1949 917 1985 homines
949 1949 1089 1986 intueri
1115 1955 1197 1987 tru-

76 2013 202 2049 cidata
221 2013 392 2049 membra
410 2012 492 2062 ejus
513 2020 702 2063 poterant.

133 2077 241 2111 Vixit
259 2083 335 2112 tres
357 2084 394 2112 et
412 2078 613 2125 sexaginta
641 2088 776 2118 annos,
799 2082 854 2119 ut,
875 2076 907 2111 si
924 2076 980 2111 vis
1001 2075 1197 2123 abfuisset,

79 2151 127 2176 ne
146 2140 348 2177 immatura
376 2143 527 2192 quidem
557 2157 657 2180 mors
677 2144 793 2180 videri
824 2145 971 2194 possit:
1004 2145 1200 2192 ingenium

69 2209 116 2238 ret
136 2203 311 2252 operibus
333 2213 370 2241 et
396 2209 558 2256 praemiis
589 2221 745 2258 operum
777 2208 895 2246 felix:
928 2209 1007 2258 ipse
1036 2208 1199 2244 fortunae

77 2266 142 2301 diu
162 2279 365 2319 prosperae,
391 2277 429 2307 et
454 2272 493 2308 in
519 2272 636 2321 longo
665 2279 798 2309 tenore
827 2271 1021 2310 felicitatis
1053 2272 1200 2320 magnis
