1546 2648
314 174 468 204 LIBER
493 171 610 202 XLV.
644 171 753 200 CAP.
774 170 897 199 XXX.
1085 166 1167 211 517

58 265 145 302 salis
174 264 441 301 commercium
470 261 596 298 dedit:
628 260 749 296 tertiae
777 258 927 308 regioni
956 258 1171 309 imperavit,

59 336 102 366 ut
124 328 263 365 Stobos
294 327 459 364 Paeoniae
484 325 726 367 deveherent,
755 323 994 373 pretiumque
1027 321 1174 358 statuit.

59 393 244 431 Navalem
273 391 471 428 materiam
505 398 543 427 et
572 391 674 440 ipsos
708 388 866 430 caedere,
900 394 939 423 et
967 386 1061 423 alios
1095 386 1176 437 pati

62 458 193 495 vetuit.
249 455 504 505 Regionibus‚
538 467 621 504 quae
656 453 796 490 adfines
828 451 1000 489 barbaris
1036 457 1176 495 essent,

67 526 244 572 (excepta
272 528 399 557 autem
430 520 558 563 tertia,
597 531 728 556 omnes
763 517 889 563 erant)
921 516 1107 567 permisit,
1136 522 1180 553 ut

65 586 240 638 praesidia
258 593 404 622 armata
423 585 461 621 in
481 584 619 621 finibus
640 583 816 620 extremis
835 581 1034 618 haberent.

120 650 257 689 XXX.
302 650 412 694 Haec,
437 650 689 701 pronunciata
716 648 839 699 primo
869 647 930 683 die
956 652 1180 690 conventus,

72 716 174 752 varie
212 715 431 752 adfecerunt
464 714 623 751 animos.
697 712 873 749 Libertas
908 717 1044 762 praeter
1077 723 1183 761 spem

71 780 160 817 data
177 780 338 823 adrexit,
360 785 397 815 et
414 779 580 815 levatum
599 791 765 815 annuum
781 776 956 826 vectigal.
984 776 1183 825 Regiona-

69 845 139 881 tim
159 844 392 881 commerciis
413 844 633 894 interruptis
660 844 714 880 ita
733 842 850 879 videri
878 842 1056 884 lacerata,
1085 847 1184 877 tam-

73 921 187 959 quam
207 907 386 945 animalia
404 908 443 944 in
463 914 580 951 artus,
602 907 763 944 alterum
782 907 936 944 alterius
955 906 1185 954 indigentes,

73 974 274 1010 distracta:
306 971 416 1015 adeo,
443 978 585 1020 quanta
609 971 839 1007 Macedonia
865 977 977 1014 esset,
997 982 1110 1019 quam
1129 970 1186 1006 di-

72 1038 170 1074 visui
205 1036 342 1079 faciliS,
379 1043 417 1073 et
450 1049 472 1072 a
504 1048 544 1072 se
576 1037 659 1086 ipsa
691 1048 849 1085 quaeque
879 1040 1073 1071 contemta
1101 1045 1187 1084 pars

76 1108 189 1145 esset,
209 1101 442 1138 Macedones
468 1113 619 1150 quoque
652 1101 892 1150 ignorabant.
948 1100 1041 1136 Pars
1067 1100 1190 1149 prima

77 1166 242 1204 Bisaltas
278 1166 409 1209 habet,
446 1165 674 1202 fortissimos
712 1166 827 1208 viros,
868 1167 989 1213 (trans
1023 1164 1191 1201 Nessum

78 1244 229 1268 amnem
266 1230 439 1267 incolunt
471 1238 510 1267 et
547 1230 647 1266 eirca
684 1230 941 1280 Strymonem)
977 1235 1016 1266 et
1051 1228 1190 1266 multas

76 1296 230 1344 frugum
257 1295 522 1345 proprietates,
554 1300 593 1330 et
612 1294 779 1338 metalla,
801 1301 839 1331 et
864 1295 1189 1345 opportunitatem

80 1359 321 1410 Amphipolis
339 1372 346 1392 ε
378 1372 460 1408 quae
480 1357 634 1409 objecta
656 1358 797 1395 claudit
826 1371 957 1395 omnes
977 1358 1024 1395 ab
1045 1359 1192 1395 oriente

80 1424 159 1461 sole
179 1425 217 1460 in
236 1423 505 1460 Macedoniam
527 1423 664 1459 aditus.
722 1423 895 1460 Secunda
920 1435 1006 1473 pars
1026 1422 1194 1459 celeber-

81 1489 195 1525 rimas
216 1488 342 1531 urbes,
373 1486 672 1523 Thessalonicen
691 1493 729 1522 et
749 1486 1030 1530 Cassandriam,
1049 1486 1192 1532 habet;

1185 262 1226 292 U.
1240 261 1277 291 C.
1293 266 1368 292 585.

1185 307 1225 336 A.
1239 305 1277 336 C.
1296 308 1370 339 167.

82 1553 130 1589 ad
161 1553 236 1589 hoc
268 1551 467 1595 Pallenen,
495 1551 659 1588 fertilem
696 1565 739 1588 ac
772 1552 993 1602 frugiferam
1028 1558 1192 1588 terram:
1218 1552 1224 1557 '

82 1618 292 1654 maritimas
317 1629 467 1666 quoque
494 1617 800 1666 opportunitates
821 1618 854 1652 ei
874 1616 1045 1667 praebent
1063 1622 1194 1666 portus

86 1683 131 1719 ad
146 1682 328 1718 Toronen
348 1694 391 1718 ac
410 1687 581 1717 montem
601 1681 720 1725 Atho,
744 1682 897 1730 (Aineae
915 1688 1056 1718 vocant
1073 1682 1195 1727 hunc)

86 1748 150 1786 alii
169 1749 216 1785 ad
240 1747 403 1786 insulam
422 1747 626 1790 Euboeam,
658 1748 722 1784 alii
742 1748 789 1784 ad
812 1747 1106 1797 Hellespontum
1126 1760 1196 1798 op·
1224 1741 1227 1743 ”

85 1819 247 1865 portune
266 1813 375 1849 versi.
431 1812 562 1848 Tertia
581 1812 686 1861 regio
705 1812 853 1849 nobiles
872 1811 998 1856 urbes,
1015 1812 1197 1849 Edessam

85 1884 125 1914 et
141 1877 318 1913 Beroeam
337 1883 376 1912 et
395 1876 553 1919 Pellam,
572 1877 703 1920 habet,
733 1883 771 1914 et
789 1877 1008 1913 Vettiorum
1038 1876 1198 1913 bellico-

88 1955 166 1979 sam
199 1948 351 1990 gentem
369 1956 378 1978 2
409 1941 554 1978 incolas
587 1954 738 1991 quoque
770 1941 977 1992 permultos
1008 1940 1140 1977 Gallos
1161 1947 1200 1977 et

88 2006 253 2055 Illyrios,
274 2006 444 2056 inpigros
464 2006 641 2043 cultores,
684 2006 868 2046 Quartam
889 2006 1085 2054 regionem
1099 2005 1199 2041 Eor-

88 2071 158 2107 daei
177 2078 216 2107 et
233 2071 433 2120 Lyncestae
453 2077 491 2106 et
509 2070 721 2119 Pelagones
749 2070 922 2107 incolunt
938 2087 949 2116 3
974 2068 1115 2120 juncta
1139 2070 1201 2106 his

88 2135 302 2178 Atintania,
323 2142 361 2171 et
388 2135 634 2185 Stymphalis,
656 2142 694 2171 et
712 2135 928 2172 Elimiotis:
960 2134 1100 2183 frigida
1118 2134 1201 2170 haec

89 2198 226 2241 omnis,
244 2198 410 2248 duraque
432 2199 550 2243 cultu,
570 2206 607 2235 et
623 2212 756 2249 aspera
774 2199 887 2249 plaga
908 2206 987 2235 est:
1012 2198 1201 2234 cultorum

89 2275 241 2312 quoque
260 2263 413 2311 ingenia
432 2269 541 2300 terrae
567 2263 706 2300 similia
734 2263 877 2300 habet:
909 2263 1114 2299 ferociores
1136 2274 1201 2297 eos

88 2333 127 2363 et
154 2326 295 2364 adcolae
323 2326 476 2364 barbari
507 2327 678 2373 faeiunt3
709 2340 811 2365 nunc
836 2326 938 2365 bello
967 2332 1202 2370 exercentes,
