1546 2648
207 395 296 449 ζΤ.
334 393 549 449 LIVII
598 393 1020 451 PATAVINI

442 534 643 576 LIBER
678 535 806 576 XLV.

497 669 702 695 ---o-·-—-

67 783 394 862 VICTORIAE
428 783 574 828 nuncii,
610 783 661 825 Q.
683 782 825 822 Fabius
854 789 894 822 et
929 784 978 824 L.
996 784 1185 824 Lentulus
1200 795 1240 827 U.
1254 795 1289 826 C.
1305 801 1379 827 584.

157 857 197 889 et
224 851 274 891 Q.
292 848 489 892 Metellus,
509 854 654 898 quanta
681 848 810 900 potuit
834 848 1007 887 adhiberi
1025 850 1185 889 festina·
1197 841 1235 870 A.
1250 839 1288 870 C·
1308 844 1381 871 ¹⁶⁸·

67 917 140 960 tio,
163 914 337 952 celeriter
367 912 534 958 Romam
553 925 670 962 quum
698 913 906 958 venissent,
936 923 1188 967 praecerptam

68 987 198 1018 tamen
226 977 307 1029 ejus
336 978 390 1014 rei
418 976 593 1014 laetitiam
621 977 861 1016 invenerunt.
918 978 1069 1018 Quarto
1098 986 1187 1030 post
1200 988 1300 1018 Fama
1312 988 1352 1018 de

71 1045 145 1089 die,
165 1055 280 1094 quam
307 1054 393 1080 cum
422 1052 512 1089 rege
540 1047 600 1078 est
627 1047 854 1092 pugnatum,
885 1054 1002 1092 quum
1024 1043 1064 1080 in
1084 1043 1186 1081 circo
1197 1031 1354 1106 ffi‘gggss,

70 1108 150 1146 ludi
187 1106 335 1149 fierent,
372 1117 542 1142 murmur
577 1111 734 1156 repente
762 1104 895 1156 populi
923 1111 1009 1143 tota
1037 1114 1185 1158 specta·
1197 1117 1282 1150 nica,

72 1172 157 1210 cula
182 1171 374 1222 pervasit3
403 1174 608 1220 pugnatum
641 1171 678 1207 ἱη
699 1170 933 1214 Macedonia,
953 1176 989 1209 et
1011 1173 1191 1211 devictum

71 1249 191 1286 regem
208 1248 291 1273 esse.
320 1235 423 1272 Dein
441 1233 614 1272 fremitus
635 1234 866 1273 increbruit:
897 1242 1094 1286 postremo
1113 1236 1192 1274 cla·

72 1314 160 1339 mor
178 1300 421 1352 plaususque,
442 1299 547 1336 velut
571 1306 677 1336 certo
695 1300 839 1338 nuncio
857 1301 1027 1338 victoriae
1047 1301 1192 1346 adlato,

72 1372 130 1404 est
149 1371 318 1403 exortus.
373 1364 510 1401 Mirari
529 1365 792 1414 magistratus,
812 1371 851 1402 et
870 1378 1038 1415 quaerere
1057 1372 1193 1404 aucto-

72 1443 153 1468 rem
180 1429 389 1481 repentinae
416 1427 584 1466 laetitiae:
616 1429 682 1479 qui
709 1435 914 1480 postquam
941 1429 1068 1467 nullus
1094 1438 1190 1476 erat,

73 1495 228 1532 evanuit
241 1494 393 1544 quidem
410 1500 603 1543 tamquam
618 1494 773 1532 incertae
785 1495 840 1531 rei
852 1494 1053 1544 gaudium3
1076 1507 1192 1535 omen

73 1565 201 1596 tamen
222 1557 351 1595 laetum
370 1557 561 1594 insidebat
580 1558 729 1596 animis.
772 1558 889 1598 Quod
902 1565 1108 1610 postquam
1126 1572 1191 1597 ve-

74 1624 125 1660 ris
144 1623 293 1660 nunciis
318 1621 430 1659 Fabii
451 1621 684 1672 Lentulique
702 1629 742 1659 et
770 1622 921 1660 Metelli
943 1623 1109 1661 adventu
1128 1624 1192 1661 fir·

74 1694 220 1725 matum
239 1694 311 1731 est,
329 1699 446 1737 quum
460 1687 623 1724 vict01·1a
642 1687 738 1738 ipsa,
758 1694 841 1724 tum
862 1687 1022 1736 augurio
1041 1688 1192 1725 animo-

73 1766 157 1791 rum
177 1765 345 1796 suorum,
365 1751 606 1790 laetabantur.
662 1752 717 1789 Et
736 1752 847 1790 aliter
864 1752 1027 1789 traditur
1044 1753 1191 1790 circen-

75 1818 126 1855 sis
144 1817 266 1855 turbae
285 1830 365 1854 non
379 1817 504 1854 minus
518 1816 650 1854 similis
668 1817 746 1853 veri
766 1815 913 1854 laetitia.
969 1817 1073 1854 Ante
1092 1817 1194 1856 diem

76 1881 262 1919 decimum
283 1871 478 1919 Kalendas
499 1880 703 1925 Octobres,
722 1880 900 1918 ludorum
925 1879 1193 1920 Romanorum

75 1946 241 1984 secundo
269 1946 345 1991 die,
375 1947 421 1984 C.
440 1946 593 1985 Licinio
622 1945 783 1989 consuli,
804 1946 852 1982 ad
880 1946 1081 1995 quadrigas
1101 1945 1192 1982 mit-

76 2010 209 2048 tendas
231 2010 464 2054 escendenti,
483 2009 718 2054 tabellarius,
739 2009 804 2059 qui
828 2021 869 2046 se
894 2022 941 2048 ex
959 2009 1192 2047 Macedonia

76 2075 204 2122 venire
218 2075 377 2118 diceret,
399 2075 423 2098 ’κ’
443 2074 631 2112 laureatas
650 2074 778 2111 literas
798 2074 937 2112 dicitur
955 2090 964 2112 ι
995 2074 1190 2124 quadrigis

78 2138 218 2181 missis,
234 2139 366 2176 consul
385 2152 537 2177 currum
555 2140 776 2177 conscendit
791 2157 799 2177 :
821 2146 874 2184 et,
895 2152 1011 2190 quum
1029 2151 1097 2190 per
1115 2138 1189 2175 cir-

79 2214 165 2241 cum
190 2202 429 2240 reveheretur
453 2204 501 2241 ad
521 2203 627 2241 foros
649 2203 838 2254 publicos,
858 2203 1046 2241 laureatas
1065 2201 1190 2240 tabel-

77 2265 133 2304 las
153 2264 297 2317 populo
316 2267 494 2305 ostendit.
536 2267 685 2308 Quibus
705 2269 936 2320 conspectis,
955 2274 1112 2319 repente
1130 2267 1190 2304 in-

78 2342 223 2368 memor
251 2329 457 2380 spectaculi
478 2331 649 2386 populus·
669 2333 710 2369 in
737 2333 904 2371 medium
923 2331 1111 2371 decurrit:
1141 2341 1190 2367 eo

129 2393 232 2433 vot,
251 2393 321 2433 IV.
623 2395 664 2434 Y
