1546 2648
328 128 424 185 198⁴
474 130 479 137 “
780 141 824 173 τ.
849 141 982 172 mvn

127 230 175 270 u.
188 229 225 262 C.
241 234 312 273 περ.
327 241 392 266 cos
420 234 508 279 post
536 227 616 265 dies
644 227 861 269 consulibus
890 230 931 270 iu
949 230 1110 280 Ligures
1129 231 1231 277 binae
1242 232 1434 283 legiones,

133 277 172 307 Δ.
185 273 222 307 C.
241 280 314 308 184.

131 1464 298 1496 Contenti-

128 1518 206 1540 ones
222 1509 261 1539 de

128 1559 280 1592 praetura.

326 305 419 344 quas
438 293 513 343 Ap.
534 292 714 330 Claudius
731 299 768 330 et
786 293 844 332 M.
860 295 1104 346 Sempronius
1122 296 1349 341 habuerant,
1369 297 1433 334 de-

326 363 439 397 cretae
457 363 558 394 sunt.
613 356 675 394 De
704 358 931 398 exercitibus
956 359 1276 410 Hispaniensibus
1295 372 1436 410 magna

326 421 524 458 contentio
543 420 616 457 fuit
632 421 731 457 inter
748 434 868 459 novos
887 428 1067 473 praetores
1084 430 1122 461 et
1136 425 1277 461 amicos
1298 424 1436 461 absen-

323 489 436 533 tium,
470 488 667 539 Calpurnii
694 488 956 539 Quinctiique.
1014 490 1184 541 Utraque
1209 504 1342 528 caussa
1365 491 1436 527 tri-

323 553 448 591 hunos
474 552 610 603 plebis,
631 561 790 602 utraque
816 554 988 590 consules
1007 555 1200 593 habebat:
1230 556 1286 600 hi,
1307 568 1347 592 se
1376 556 1436 592 in-

323 622 556 654 tex-cessuros
590 616 936 660 senatusconsulto,
957 618 988 653 si
1017 618 1272 669 deportandos
1305 631 1437 655 cense-

323 686 411 718 rent
426 670 628 724 exercitus,
649 679 954 726 denunciabant3
976 680 1046 725 illi,
1066 682 1097 717 si
1116 682 1197 718 haec
1216 682 1438 718 intercessio

325 744 448 789 fieret,
467 744 612 781 nullam
629 757 709 782 rem
728 745 842 782 aliam
862 757 901 781 se
919 745 1071 782 decerni
1089 759 1280 797 passuros.
1325 747 1439 783 Victa

323 815 520 861 postremo
535 809 750 847 absentium
768 810 894 859 gratia
913 816 983 853 est,
1004 817 1044 846 et
1061 811 1435 848 senatusconsultum

322 874 482 919 factum,
510 875 558 911 Ut
571 880 744 923 praetores
762 879 916 924 quatuor
933 876 1051 912 millia
1065 877 1230 924 peditum
1250 876 1433 913 Romano-

321 951 406 976 rum
421 940 625 983 scriberent,
642 941 923 988 quadringentos
936 943 1081 989 equites,
1101 946 1135 977 et
1150 943 1304 990 quinque
1318 932 1436 979 millia

322 1006 500 1041 sociorum
524 1006 690 1054 peditum
717 1006 846 1042 Latini
872 1007 1038 1049 nominis,
1060 1008 1270 1055 quingentos
1287 1009 1434 1055 equites,

323 1082 410 1118 quos
426 1082 543 1107 secum
562 1070 597 1106 in
615 1070 834 1118 Hispaniam
849 1076 1064 1119 portarent:
1084 1084 1190 1120 quum
1206 1083 1265 1108 eas
1284 1073 1438 1119 legiones

324 1138 480 1181 quatuor
507 1135 780 1181 descripsissem,
807 1135 901 1182 quod
924 1135 1022 1182 plus,
1044 1147 1152 1183 quam
1181 1137 1291 1183 quina
1319 1136 1438 1173 millia

322 1199 499 1246 peditum,
531 1200 662 1234 treceni
692 1200 838 1247 equites,
869 1200 908 1235 in
934 1201 1086 1247 singulis
1115 1200 1308 1247 legionibus
1335 1205 1435 1244 esset,

324 1263 573 1299 dimitterent:
601 1274 657 1298 eos
685 1264 856 1311 primum,
877 1265 937 1311 qui
956 1266 1104 1300 emerita
1121 1265 1302 1313 stipendia
1329 1264 1438 1301 habe·

323 1332 428 1372 rent;
457 1328 595 1370 deinde,
623 1337 665 1363 uc
683 1325 850 1375 cujusque
856 1326 1064 1376 fortissima
1089 1340 1200 1377 opera
1220 1328 1440 1377 Calpurnius

324 1397 359 1428 et
380 1392 566 1434 Quinctius
585 1394 618 1428 in
636 1393 761 1440 proelio
780 1393 833 1428 usi
851 1397 974 1429 essent.
1233 1404 1237 1406 ·

377 1456 579 1493 ΧΧΧΙΧ.
609 1456 697 1493 Hac
727 1457 855 1493 sedata
880 1457 1141 1500 contentione,
1171 1456 1246 1493 alia
1277 1455 1438 1494 subinde

325 1521 368 1558 C.
384 1520 550 1557 Decimii
571 1520 742 1570 praetoris
763 1527 886 1556 morte
905 1527 1038 1557 exorta
1054 1527 1122 1557 est.
1181 1520 1251 1558 Cn.
1273 1520 1436 1557 Sicinius

324 1591 364 1623 et
390 1585 438 1622 L.
452 1585 609 1635 Pupius,
630 1585 695 1633 qui
724 1584 849 1621 aediles
878 1587 1053 1635 proximo
1083 1583 1184 1622 an'no
1212 1584 1378 1628 fuerant,
1398 1591 1437 1622 et

326 1650 370 1688 C.
390 1648 563 1686 Valerius
586 1648 724 1686 flamen
753 1648 876 1685 Dialis
897 1657 933 1685 et
949 1650 997 1690 Q.
1018 1649 1171 1686 Fulvius
1190 1648 1347 1686 Flaccus
1370 1649 1435 1696 (is,

324 1716 414 1765 quia
444 1714 560 1752 aedilis
591 1713 729 1750 curulis
759 1714 977 1762 designatus
1007 1721 1101 1757 erat,
1121 1715 1202 1750 sine
1231 1719 1323 1761 toga
1344 1724 1435 1749 can-

324 1780 426 1823 dida,
456 1778 522 1816 sed
553 1778 718 1814 maxima
751 1790 798 1814 ex
830 1778 1005 1814 omnibus
1031 1776 1296 1822 contentione)
1328 1782 1434 1826 pete-

322 1845 443 1883 bant:
477 1850 741 1893 certamenque
770 1844 805 1879 ei
833 1856 918 1880 cum
943 1843 1095 1880 flamine
1123 1849 1228 1879 erat:
1261 1850 1299 1878 et
1328 1848 1434 1892 post·

324 1921 438 1959 quam
458 1909 581 1958 primo
602 1919 763 1957 aequare,
786 1920 875 1945 mox
903 1919 1078 1958 superare
1098 1907 1212 1943 etiam
1242 1911 1298 1941 est
1318 1906 1434 1950 visus,

321 1986 409 2025 pars
424 1973 664 2023 tribunorum
679 1971 799 2022 plebis
819 1985 972 2021 negare,
988 1972 1174 2008 rationem
1192 1969 1271 2019 ejus
1288 1969 1434 2006 haben·

321 2039 411 2075 dam
439 2051 533 2081 esse,
554 2038 657 2087 quod
683 2037 777 2074 duos
807 2037 918 2074 simui
941 2049 1036 2074 unus
1058 2036 1315 2085 magistratus),
1337 2047 1436 2086 prae·

322 2103 452 2139 sertim
489 2102 649 2145 curules,
682 2115 806 2151 neque
836 2114 969 2153 capere
998 2107 1141 2152 posset,
1175 2112 1245 2136 nec
1274 2111 1431 2149 gerere5

318 2179 406 2218 pars
435 2167 581 2215 legibus
611 2179 696 2202 eum
722 2166 815 2202 solvi
856 2179 1002 2215 aequum
1034 2177 1200 2207 censere,
1235 2170 1290 2207 ut,
1321 2175 1434 2212 quem

317 2231 445 2275 vellet,
483 2238 682 2282 praetorem
719 2230 870 2267 creandi
917 2230 1059 2281 populo
1096 2235 1264 2279 potestas
1311 2227 1430 2265 ficret.

307 2295 365 2337 L.
379 2296 536 2334 Porcius
557 2295 690 2333 consul
709 2296 833 2347 primo
852 2295 890 2332 in
907 2308 951 2331 ea
972 2294 1161 2331 sententia
1180 2305 1275 2338 esse,
1291 2304 1339 2330 ne
1358 2304 1430 2329 no·
