1546 2648
459 124 671 155 mmzon.
689 123 913 153 DEPERD.
1161 119 1246 168 559

124 216 237 259 mani,
271 220 475 252 vastassent.
551 214 591 251 C.
630 213 824 257 Gracchus,
861 215 1027 250 seditioso
1065 214 1250 252 tribunatu

123 285 220 323 acto,
268 291 376 329 quum
411 279 631 315 Aventinum
666 289 804 327 quoque
838 284 983 314 armata
1018 279 1252 316 multitudine

127 349 342 393 occupasset,
375 356 398 379 a
427 343 473 380 L.
503 344 648 391 Opimio
679 343 835 385 consule,
869 355 912 379 esc
947 345 1252 381 senatusconsulto

124 413 251 445 vocato
270 409 318 443 ad
345 419 450 443 arma
475 407 625 455 populo,
651 409 778 454 pulsus
796 411 832 443 et
854 408 986 443 occisus
1004 412 1078 451 est,·
1110 413 1144 443 et
1171 420 1252 444 cum

126 484 169 508 eo
192 472 338 508 Fulvius
356 471 506 507 Flaccus
535 471 742 514 consularis,
771 472 887 508 socius
920 470 1076 517 ejusdem
1094 471 1252 521 sitroris.

130 537 174 578 Q.
195 536 323 573 Fabius
341 537 527 573 Maximus
546 537 680 579 consul,
704 536 829 573 Paulli
849 549 970 585 nepos,
999 538 1166 573 adversus
1184 538 1254 572 Al-

129 600 294 648 lobrogas
334 605 370 637 et
403 601 598 642 Bituitum,
636 601 883 636 Arvernorum
918 612 1052 648 regem,
1088 600 1257 649 feliciter

126 665 317 712 pugnavit.
372 664 432 700 Ex
458 665 593 702 Bituiti
624 665 780 700 exercitu
809 676 898 700 caesa
927 665 1044 700 millia
1073 664 1257 701 hominum

129 733 268 764 centum
287 730 427 776 viginti.
484 729 578 776 Ipse,
603 740 711 776 quum
738 729 788 764 ad
804 727 1098 777 satisfaciendum
1116 730 1259 766 senatui

134 791 291 829 Romam
316 792 503 841 profectus
522 797 622 835 esset,
646 792 777 828 Albam
797 794 1047 829 cusiodiendus
1067 794 1173 829 datus
1191 798 1258 845 est,

130 858 219 906 quia
246 862 372 894 contra
397 869 524 905 pacem
546 857 747 900 videbatur,
778 861 818 892 ut
847 859 885 893 in
910 858 1071 894 Galliam
1098 859 1259 894 remitte-

131 925 244 959 retur.
300 913 500 958 Decremz
532 934 670 970 quoque
701 926 765 964 est,
796 926 838 958 ut
869 922 1135 970 Congentiatus,
1152 923 1262 971 filius

131 982 220 1032 ejus,
252 985 520 1034 comprehensus
539 985 693 1021 Romam
724 986 938 1022 mitteretur.
993 986 1204 1033 Allobroges
1223 988 1261 1022 in

134 1053 350 1089 deditionem
378 1040 552 1101 acceptu
584 1052 631 1089 L.
652 1053 827 1101 Opimius,
855 1057 1040 1089 accusatus
1068 1054 1169 1101 apud
1192 1065 1261 1101 po-

129 1117 259 1166 pulum
276 1128 299 1153 a
317 1116 361 1158 Q.
377 1116 494 1153 Decio
513 1115 654 1153 tribuno
678 1115 803 1164 plebis,
825 1117 920 1164 quod
934 1117 1158 1154 indemnatos
1171 1118 1263 1154 cives

135 1181 174 1218 in
193 1192 371 1217 carcerem
391 1178 605 1227 conjecisset,
623 1179 803 1215 absolutus
821 1184 884 1217 est.

632 1289 768 1327 LXII.

143 1362 210 1428 Q.
231 1375 476 1413 MARCIUS
500 1376 622 1412 consul
653 1370 805 1419 Sicanos,
825 1379 968 1423 gentem
993 1376 1183 1424 Alpinam,
1203 1388 1264 1413 ex—

135 1443 325 1490 pugnavit.
382 1441 554 1489 Micipsa,
576 1441 820 1477 Numidarum
842 1453 917 1483 rex,
936 1445 1098 1477 mortuus
1114 1453 1265 1488 regnum

141 1505 253 1541 tribus
267 1506 364 1555 filiis
385 1507 547 1554 reliquit,
575 1506 790 1547 Adherbali,
820 1506 1039 1553 Hiempsali,
1071 1509 1107 1541 et
1125 1506 1266 1553 Jugurs-

140 1569 222 1612 thee,
232 1569 371 1618 fiatri-s
386 1570 487 1619 filio,
508 1583 611 1618 quem
627 1572 877 1618 adoptaverat.
933 1569 979 1606 L.
1002 1569 1164 1606 Caecilius
1181 1570 1265 1605 Me-

143 1634 250 1670 tellus
269 1635 469 1670 Dalmatas
496 1634 643 1681 subegit.
699 1633 885 1681 Jugurtha
910 1633 1156 1682 Hiempsalem
1173 1632 1267 1682 fra-

143 1702 233 1734 trem
264 1698 355 1734 bello
389 1700 511 1747 petiit,
543 1711 645 1747 quem
681 1700 812 1734 victum
844 1698 1000 1734 occidit:
1028 1698 1268 1733 Adherbalem

141 1777 251 1813 regno
272 1766 436 1813 expulit:
464 1767 494 1801 is
513 1778 535 1801 a
554 1769 679 1801 senatu
704 1766 891 1800 restitutus
918 1769 981 1800 est.
1037 1765 1082 1801 L.
1105 1764 1268 1800 Caecilius

143 1830 328 1872 Metellus,
352 1830 416 1866 Cn.
437 1831 626 1866 Domitius
643 1828 908 1870 Ahenobarbus,
929 1840 1098 1870 censores,
1129 1829 1217 1865 duos
1233 1832 1270 1865 et

142 1895 293 1941 triginta
311 1898 438 1930 senatu
457 1897 655 1930 moverunt.
692 1893 875 1928 Praeterea
888 1896 1003 1928 motus
1016 1893 1131 1941 Syriae
1146 1903 1270 1940 regum

143 1958 316 1996 continet.

625 2050 784 2090 LXIII.

153 2121 302 2176 CATO
321 2139 471 2177 Porcius
490 2140 615 2177 consul
631 2141 668 2177 in
692 2139 848 2175 Thracia
867 2139 963 2175 male
981 2139 1147 2175 adversus
1162 2138 1271 2174 Scor-

147 2204 260 2240 discos
282 2206 473 2252 pugnavit.
530 2205 703 2242 Lustrum
729 2216 753 2241 a
778 2203 977 2241 censoribus
1005 2203 1188 2239 conditum
1206 2206 1271 2238 est.

149 2266 260 2304 Censa
291 2273 376 2306 sunt
394 2269 524 2307 civium
551 2271 675 2319 capita
709 2274 867 2306 trecenta
894 2268 1094 2317 nonaginta
1116 2270 1271 2317 quatuor

647 2332 684 2368 B
699 2331 725 2369 b
744 2333 769 2368 4
