1546 2648
365 179 452 223 314
821 183 869 212 T.
893 182 1028 213 mvn

171 271 216 303 U.
225 273 263 305 c.
281 279 354 310 578·
365 273 433 310 scit
450 276 486 308 et
499 272 660 316 nunciat,
677 284 755 321 quae
771 275 907 310 occulte
912 273 1025 323 facta
1041 279 1136 312 sunt.
1172 276 1331 313 Divinat
1347 278 1471 321 etiam,

169 316 264 350 A'C⁰
281 324 444 387 1⁷4⁰quae
459 335 598 385 futura
616 335 787 386 fuerant,
820 339 851 374 si
884 338 1077 388 Philippus
1105 341 1270 376 vixisset:
1298 342 1386 388 quid
1416 343 1471 378 ita
1524 327 1529 332 ι

363 401 516 438 Perseus
535 403 637 449 regni
658 400 767 437 haeres
791 402 850 444 sit,
872 403 958 450 quid
982 406 1115 450 parent
1133 404 1361 448 Macedones,
1380 401 1471 453 quid

360 467 516 514 cogitent
530 465 697 502 Romani.
755 465 831 502 Nos
849 470 981 510 autem,
1003 469 1077 515 qui,
1099 480 1162 504 nec
1179 468 1220 504 ob
1238 481 1346 517 quam
1364 481 1467 506 caus-

355 541 449 574 sam,
477 542 541 567 nec
570 530 867 578 quemadmodum
891 532 1041 578 perierit
1064 532 1285 575 Demetrius,
1310 534 1463 577 scimus;

355 605 420 630 nec
435 594 521 642 quid
537 592 741 640 Philippus,
760 593 791 628 si
805 593 958 635 vixisset,
969 592 1143 641 facturus
1150 594 1297 643 fuerat,
1313 597 1362 631 ad
1379 595 1465 639 haec,

356 668 434 705 quae
461 656 590 704 palam
623 659 812 703 geruntur,
851 656 1000 691 consilia
1033 661 1158 692 nostra
1192 659 1467 695 adcommodare

355 723 507 768 oportet.
561 719 618 755 Ac
630 720 772 761 scimus,
794 719 940 762 Persea,
961 731 1070 767 regno
1088 725 1245 768 accepto,
1267 722 1314 757 ad
1332 722 1467 769 legatos

354 783 538 821 Romanos
563 785 706 826 venisse,
726 795 770 819 ac
787 795 906 831 regem
934 783 1067 820 Persea
1085 797 1108 820 a
1132 786 1270 833 populo
1297 786 1464 822 Romano

353 849 580 897 adpellatum
595 864 607 884 .·
635 848 815 891 audimus,
838 848 972 896 legatos
991 848 1171 885 Romanos
1187 851 1319 886 venisse
1338 851 1388 886 ad
1404 862 1462 886 re-

349 923 445 961 gem,
466 917 502 949 et
518 925 575 949 eos
592 913 738 959 benigne
765 917 936 960 exceptos.
992 913 1081 949 Haec
1108 915 1230 949 omnia
1243 916 1346 962 pacis
1360 915 1461 963 equi-

350 977 432 1014 dem
448 978 552 1025 signa
571 988 642 1012 esse
649 975 790 1022 judico,
811 988 882 1012 non
900 977 983 1013 belli
998 993 1010 1013 .·
1037 989 1101 1013 nec
1119 977 1300 1014 Romanos
1317 978 1461 1028 olgfencli

343 1054 461 1091 posse,
479 1043 524 1085 si,
540 1047 582 1078 ut
600 1041 730 1078 bellum
741 1046 902 1089 gerentes
921 1054 978 1078 eos
990 1044 1101 1078 secuti
1112 1054 1245 1085 sumus,
1262 1055 1356 1080 nunc
1371 1057 1459 1092 quo-

347 1117 416 1154 que
429 1107 532 1154 pacis
549 1109 712 1143 auctores
728 1116 918 1153 sequamur
933 1122 945 1142 .·
973 1118 1035 1142 cur
1053 1107 1195 1154 quidem
1214 1118 1277 1142 nos
1295 1108 1457 1156 inexpia-

347 1169 417 1205 bile
443 1171 600 1206 omnium
626 1170 694 1205 soli
720 1169 852 1206 bellum
869 1170 1036 1205 adversus
1050 1181 1199 1217 regnum
1215 1169 1459 1209 Macedonum

344 1244 525 1282 geramus,
562 1245 633 1269 non
667 1233 779 1269 video.
838 1234 1041 1281 opportuni
1069 1235 1343 1282 propinquitate
1377 1237 1457 1284 ipsa

348 1297 570 1334 Macedoniae
586 1309 706 1334 sumus
716 1313 730 1341 ,0
752 1309 800 1333 an
818 1297 1049 1347 irfirmissimi
1064 1297 1234 1340 omnium,
1256 1302 1454 1347 tamquam,

347 1373 434 1411 quos
453 1373 567 1411 nuper
578 1360 736 1409 subjecit,
756 1361 954 1410 Dolopes?
985 1362 1093 1398 immo
1108 1366 1233 1398 contra
1250 1374 1306 1404 ea,
1326 1364 1384 1400 vel
1400 1366 1455 1401 vi-

345 1426 443 1463 ribus
469 1429 612 1470 nostris,
632 1426 756 1464 Deam
775 1427 1002 1475 benignitate,
1021 1428 1078 1463 vel
1094 1423 1456 1475 rcgionisintervallo

344 1493 427 1529 tuti.
484 1492 557 1528 Sed
571 1504 691 1529 sumus
717 1504 815 1540 aeque
834 1490 979 1538 subjecti
997 1503 1039 1526 ac
1063 1491 1221 1528 Thessali
1238 1493 1428 1542 AEtolique
1441 1511 1456 1539 ‚-

342 1557 457 1594 nihilo
484 1558 567 1606 plus
581 1555 677 1606 fidei
694 1557 989 1606 auctoritatisque
1007 1555 1173 1592 habemus
1191 1558 1358 1594 adversus
1377 1559 1453 1595 Ro-

341 1633 478 1665 manos,
517 1622 577 1670 qui
604 1632 742 1669 semper
771 1622 857 1656 socii
888 1625 996 1668 atque
1027 1621 1136 1656 amici
1155 1619 1313 1670 fuimus,
1347 1634 1454 1670 quam
1499 1643 1504 1645 -

341 1685 477 1729 AEtoli,
499 1687 560 1734 qui
572 1686 702 1734 paullo
724 1690 808 1721 ante
827 1685 940 1721 hostes
953 1684 1123 1734 suerunt.
1181 1685 1286 1727 Quod
1297 1686 1450 1729 AEtolis‚

342 1752 438 1799 quod
471 1749 660 1791 Thessalis,
679 1750 776 1797 quod
805 1749 978 1796 Epirotis,
1000 1749 1097 1784 omni
1125 1748 1274 1795 denique
1306 1749 1452 1788 Graeciae

341 1826 423 1851 cum
453 1812 706 1850 Macedonibus
724 1811 820 1858 juris
839 1817 903 1854 est,
923 1812 1019 1848 idem
1038 1816 1073 1848 et
1091 1811 1188 1847 nobis
1205 1812 1278 1848 sit:
1309 1824 1371 1849 cur
1389 1824 1448 1850 ea·-

338 1876 520 1915 secrabilis
553 1878 622 1913 ista
649 1876 748 1912 nobis
776 1876 861 1912 solis
883 1876 981 1912 velut
1012 1876 1161 1911 desertio
1180 1872 1276 1920 juris
1303 1875 1451 1914 humani

340 1943 427 1980 est?
454 1941 590 1979 Fecerit
616 1940 757 1988 aliquid
776 1939 982 1988 Philippus,
1002 1951 1065 1975 cur
1093 1939 1260 1975 adversus
1286 1951 1366 1976 eum
1388 1953 1449 1977 ar·

339 2011 481 2043 matum
516 2010 552 2042 et
579 2004 709 2041 bellum
735 2009 916 2053 gerentem
948 2003 1014 2040 hoc
1045 2005 1335 2041 decerneremus:
1363 2006 1451 2052 quid
1514 1999 1516 2030 ³

339 2069 504 2111 Perseus,
524 2080 634 2104 novus
651 2079 725 2110 rex,
755 2069 867 2104 omnis
894 2066 1035 2114 injurioe
1054 2068 1183 2108 insons,
1202 2078 1266 2102 suo
1285 2067 1448 2117 beneflcio
1512 2058 1513 2064 ἵ

333 2138 506 2182 paternas
523 2132 724 2168 simultates
741 2132 943 2173 obliterans,
965 2132 1096 2167 meruit
1111 2131 1132 2167 ‚9
1159 2142 1222 2167 cur
1238 2131 1305 2167 soli
1330 2133 1446 2170 omni·
1506 2143 1508 2152 ·

335 2208 399 2233 um
417 2195 531 2232 hostes
549 2195 581 2231 ei
607 2206 728 2231 sumus
742 2195 763 2232 ‚9
793 2195 1017 2242 Quamquam
1038 2198 1073 2231 et
1101 2195 1193 2230 illuct
1211 2195 1328 2232 dicere
1342 2199 1445 2244 pote-
1504 2207 1505 2210 ’

333 2272 427 2304 ratri,
450 2264 554 2296 tanta
570 2259 732 2307 priorum
751 2258 975 2295 Macedonia·
993 2270 1116 2307 regum
1134 2261 1263 2297 merita
1281 2270 1366 2307 erga
1383 2270 1445 2296 nos
1497 2268 1501 2326 J

322 2322 455 2374 fuisse,
476 2328 516 2361 ut
536 2322 701 2373 Philippi
720 2324 823 2360 unius
842 2321 1007 2371 injurias,
1023 2324 1054 2361 si
1072 2321 1443 2374 quaesortefuerunt,
1495 2339 1497 2364 Δ
