1546 2648
347 144 501 175 LIBER
523 143 653 173 XLII.
687 142 794 173 cAP.
817 144 891 173 XI.
1089 145 1170 189 331

55 230 128 269 lius
149 239 187 269 et
202 231 388 282 collegam
407 238 444 270 et
459 238 634 269 senatum
653 245 724 283 pro
738 232 857 269 fratre
871 231 1167 282 deprecabatur:
1184 241 1228 273 U.
1245 241 1282 273 c.
1301 248 1376 274 3⁸0.

58 308 135 345 prae
166 309 206 333 se
234 296 374 340 ferens,
411 296 442 332 si
475 295 540 346 qui
568 296 828 339 decernerent,
862 296 1170 341 intercessurum,
1184 286 1226 318 A·
1243 285 1280 316 C·
1299 291 1376 320 ¹⁷²·

57 358 242 408 collegam
257 358 450 396 deterruit.
496 358 645 402 Patres,
661 371 708 395 eo
726 359 846 407 magis
864 358 1014 407 utrique
1028 360 1172 408 pariter

56 420 255 459 consulum
266 421 417 466 infensi,
431 422 470 458 in
483 428 610 472 coepto
625 421 860 472 perstabant.
889 421 1039 472 Itaque,
1052 435 1169 471 quum

56 484 102 521 de
119 486 323 535 provinciis
343 492 534 534 ageretur,
550 492 588 521 et
600 485 846 527 Macedonia,
859 483 943 534 jam
958 486 1169 522 inminente

0 574 1 584 ³
53 546 184 584 Persei
201 547 318 592 bello,
339 554 546 599 peteretur,
561 548 725 597 Ligures
745 547 930 584 ambobus
951 547 1169 585 consulibus

51 609 317 649 decernuntur.
371 611 645 648 Macedoniam
657 612 875 647 decreturos
891 618 1048 660 negant,
1068 613 1108 648 ni
1124 612 1172 648 de

52 673 109 712 Mt
129 674 294 725 Popillio
309 675 525 713 referretur.
571 675 860 712 Postulantibus
877 676 1023 719 deinde,
1040 682 1082 712 ut
1097 689 1171 712 no-

51 750 119 775 vos
145 739 331 775 exercitus
358 738 535 782 scribere,
556 745 623 776 aut
651 738 955 788 supplementum
979 739 1168 775 veteribus

50 801 196 844 liceret,
217 807 419 851 utrumque
437 808 619 851 negatum
640 809 709 839 est.
765 802 998 839 Praetoribus
1018 815 1169 852 quoque

52 865 92 901 in
121 865 350 916 Hispaniam
378 866 683 916 supplementum
712 865 929 915 petentibus
958 873 1165 915 negatum:

49 927 108 966 M.
127 928 153 965 J
156 929 245 965 unio
264 929 304 965 in
329 929 559 973 citeriorem,
582 930 647 979 Sp.
666 929 849 965 Lucretio
869 930 908 965 in
933 929 1167 968 ulteriorem.

52 992 96 1030 C.
108 992 280 1030 Licinius
301 993 460 1030 Crassus
475 993 660 1029 urbanam
673 992 995 1043 jurisdictionem,
1018 993 1089 1029 Cn.
1106 993 1166 1029 Si·

49 1056 170 1092 cinius
204 1056 305 1093 inter
335 1057 555 1106 peregrinos
585 1063 668 1093 erat
696 1057 867 1099 sortitus,
899 1056 943 1093 C.
957 1055 1164 1093 BIemmius

53 1121 235 1165 Siciliam,
265 1122 329 1172 Sp.
347 1122 501 1159 Cluvius
533 1123 757 1160 Sardiniam.
815 1122 1015 1166 Consules,
1046 1121 1096 1159 ob
1119 1135 1166 1159 ea

51 1186 138 1223 irati
157 1188 319 1230 senatui,
336 1187 486 1224 Latinis
499 1187 602 1224 feriis
623 1188 662 1224 in
681 1188 842 1238 primam
858 1200 1046 1237 quamque
1064 1187 1164 1224 diem

50 1248 216 1292 indictis,
236 1250 276 1286 in
294 1251 530 1300 provinciam
559 1250 728 1287 abituros
759 1263 840 1286 esse
860 1250 1160 1294 denunciarunt;

49 1323 120 1348 nec
138 1312 342 1362 quidquam
361 1314 579 1364 reipublicae
605 1320 770 1357 acturos,
791 1320 1040 1364 praeterquam
1060 1314 1163 1363 quod

51 1376 98 1412 ad
117 1376 396 1425 provinciarum
413 1377 782 1413 administrationem
801 1377 1001 1414 adtineret.

102 1438 178 1476 XI,
206 1439 394 1483 Attalum,
408 1440 506 1489 regis
524 1440 709 1477 Eumenis
726 1440 898 1483 fratrem,
913 1439 1082 1488 legatum
1097 1452 1160 1477 ve·
1174 1444 1338 1476 Eumenes

49 1502 151 1539 nisse
164 1503 344 1546 Romam,
361 1504 535 1540 Valerius
550 1505 686 1541 Antias
703 1505 761 1540 his
778 1503 997 1540 consulibus
1014 1504 1159 1549 scribit,
1171 1487 1314 1561 §eonffiffm

52 1565 99 1601 ad
110 1565 314 1603 deferenda
324 1567 370 1604 de
388 1567 528 1603 Perseo
545 1568 716 1610 crimina,
733 1567 1031 1616 indicandosque
1046 1568 1162 1618 adpa-

50 1636 154 1665 ratus
180 1629 282 1666 belli.
338 1629 508 1667 Plurium
538 1630 707 1673 annales,
739 1636 778 1666 et
796 1630 931 1679 quibus
962 1630 1165 1667 credidisse

50 1691 173 1735 malis,
194 1693 317 1742 ipsum
342 1693 554 1730 Eumenem
580 1695 726 1730 venisse
749 1694 917 1730 tradunt.
973 1694 1163 1731 Eumenes

49 1756 180 1804 igitur,
197 1763 240 1792 ut
256 1756 423 1794 Romam
438 1758 555 1801 venit,
573 1764 751 1807 exceptus
768 1770 854 1793 cum
872 1764 982 1793 tauto
1002 1759 1162 1800 honore,

48 1825 232 1867 quantum
263 1832 343 1857 non
376 1821 519 1857 meritis
557 1826 706 1857 tantum
740 1820 836 1870 ejus,
866 1821 932 1856 sed
968 1820 1162 1857 beneficiis

47 1883 162 1919 etiam
182 1884 272 1927 suis,
294 1883 466 1932 ingentia
485 1897 567 1933 quae
586 1884 628 1920 in
647 1897 733 1921 eum
752 1891 934 1933 congesta
953 1891 1074 1925 erant,
1095 1897 1162 1920 ex-

47 1946 233 1983 istimaret
251 1947 380 1983 deberi
407 1947 570 1997 populus
592 1947 807 1990 Romanus,
838 1949 877 1983 in
905 1954 1079 1982 senatum
1107 1955 1164 1982 est

46 2009 295 2046 introductus,
354 2010 524 2047 Caussam
556 2011 722 2047 veniendi
752 2011 817 2046 sibi
850 2010 1005 2045 Romam
1029 2009 1162 2058 fuisse,

48 2071 158 2115 dixit,
184 2078 317 2120 praeter
353 2075 591 2122 cupiditatem
627 2075 762 2110 visendi.
790 2075 889 2110 Deos
926 2074 1163 2121 hominesque,

47 2146 198 2182 quorum
215 2136 376 2185 beraeficio
404 2139 441 2174 in
469 2149 514 2173 ea
531 2137 693 2186 fortuna
722 2142 822 2180 esset,
853 2149 963 2185 supra
985 2149 1093 2185 quam
1123 2149 1165 2171 ue

46 2203 171 2248 optare
190 2200 332 2247 quidem
357 2203 516 2245 auderet,
538 2205 647 2239 etiam
676 2207 718 2238 ut
736 2214 858 2238 coram
877 2206 1032 2238 moneret
1059 2213 1163 2236 sena-

49 2266 137 2306 tum,
156 2268 198 2300 ut
210 2264 332 2301 Persei
351 2268 485 2303 conatis
503 2266 638 2304 obviam
660 2269 740 2304 iret.
790 2265 908 2302 Orsus
925 2265 1012 2302 inde
1031 2279 1053 2302 a
1072 2264 1165 2302 Phia
