1546 2648
314 222 398 267 352
756 219 803 250 τ.
823 219 957 250 mvn

125 307 168 339 U·
181 307 216 338 C·
232 312 395 360 ⁵⁸1=puzi
413 309 570 346 Romani
592 320 694 345 arma
719 309 907 351 intulisset,
927 318 1031 357 agros
1051 313 1234 351 vastasset,
1255 309 1421 358 urbesque

122 350 216 382 *⁶0⁸
234 357 541 422 ¹⁷¹'occupasset5
568 373 730 420 quodque
757 372 841 408 belli
868 373 1026 420 parandi
1053 374 1218 408 adversus
1243 374 1421 421 populum

315 437 523 473 Romanum
547 436 695 472 consilia
719 436 850 477 inisset,
871 447 987 478 arma,
1009 436 1148 477 milites,
1176 436 1321 471 classem
1346 434 1421 482 ejus

312 502 367 538 rei
385 512 507 537 caussa
532 504 768 547 comparasset
779 515 792 542 ,·
820 504 874 542 ut,
894 501 962 535 nisi
980 500 1023 535 de
1042 501 1084 535 iis
1108 500 1208 536 rebus
1225 499 1418 548 satisfecis-

311 569 377 608 set,
398 565 526 600 bellum
546 575 626 599 cum
650 575 690 598 eo
714 563 876 598 iniretur.
933 561 1029 598 Haec
1055 563 1203 610 rogatio
1223 563 1268 598 ad
1294 575 1416 613 popu-

310 627 389 664 lum
407 627 486 663 lata
504 633 572 662 est.

362 690 521 727 XXXI.
535 686 912 725 Senatusconsultum
928 686 1013 723 inde
1025 687 1168 723 factum
1184 694 1254 730 est,
1274 689 1323 724 Ut
1331 702 1415 725 con-

305 756 399 791 sules
422 756 516 790 inter
532 765 569 789 se
594 753 796 800 provincias
815 751 963 786 Italiam
991 756 1025 786 et
1043 751 1296 787 Macedoniam
1322 765 1414 788 com-

301 822 491 866 pararent,
510 818 773 852 sortirenturve.
833 813 899 849 Cui
918 814 1132 850 Macedonia
1150 815 1352 858 obvenisset,
1372 821 1415 852 ut

303 884 335 918 is
351 893 470 930 regem
489 882 633 922 Persea,
655 880 784 927 quique
802 876 876 924 ejus
901 883 1032 914 sectam
1057 880 1168 914 secuti
1189 884 1314 922 essent,
1343 882 1413 916 nisi

300 946 436 993 populo
449 945 611 980 Romano
629 943 894 990 satisfecissent,
914 941 1004 976 bello
1019 947 1297 989 persequeretur.
1334 942 1410 979 Le-

303 1009 435 1058 giones
466 1014 627 1056 quatuor
663 1018 778 1042 novas
805 1004 918 1041 scribi
951 1004 1106 1054 placuit,
1138 1005 1244 1042 binas
1277 1007 1407 1056 singu-

301 1072 347 1109 lis
371 1072 599 1110 consulibus.
656 1071 701 1106 Id
731 1070 917 1119 praecipue
944 1071 1146 1119 provinciae
1171 1070 1406 1109 Macedoniae

301 1139 446 1180 datum,
465 1138 579 1187 quod,
601 1149 714 1185 quum
735 1135 887 1172 alterius
908 1134 1072 1170 consulis
1091 1133 1303 1182 legionibus
1323 1135 1406 1183 qui-

301 1216 351 1239 na
370 1202 486 1238 millia
502 1208 540 1237 et
558 1200 691 1237 duceni
712 1200 855 1249 equites
872 1212 918 1234 ex
937 1205 1061 1234 vetere
1076 1199 1253 1233 instituto
1272 1198 1405 1234 daren-

301 1273 363 1302 tur
382 1266 419 1302 in
440 1265 605 1314 singulas
626 1264 809 1312 legiones,
831 1263 869 1298 iu
888 1262 1153 1299 Macedoniam
1179 1274 1269 1298 sena
1288 1261 1405 1298 millia

300 1330 467 1380 peditum
495 1328 607 1364 scribi
633 1326 764 1377 jussa3
798 1326 940 1375 equites
974 1325 1116 1366 ,treceni
1149 1324 1341 1373 aequaliter
1363 1325 1404 1361 in

299 1393 464 1442 singulas
483 1392 674 1441 legiones:
707 1398 744 1426 et
772 1391 810 1426 iu
831 1389 962 1426 sociali
987 1389 1155 1425 exercitu
1174 1388 1320 1425 consuli
1348 1388 1403 1425 al-

297 1458 369 1494 teri
388 1463 520 1492 auctus
547 1467 747 1500 numerus;
780 1455 966 1490 sexdecim
991 1452 1110 1489 millia
1134 1453 1316 1502 peditum,
1336 1465 1402 1490 oc-

295 1521 488 1569 tingentos
508 1520 651 1568 equites
671 1521 823 1568 (praeter
841 1530 920 1560 eos,
935 1529 1027 1566 quos
1047 1517 1118 1553 Cn.
1132 1517 1292 1553 Sicinius
1308 1517 1401 1554 dux-

293 1585 399 1627 isset,
422 1588 619 1619 sexcentos
650 1582 811 1631 equites)
834 1582 872 1617 in
901 1580 1168 1617 Macedoniam
1197 1579 1400 1629 trajiceret.

293 1647 414 1684 Italiae
434 1647 524 1683 satis
547 1647 627 1682 visa
646 1646 841 1682 duodecim
867 1644 985 1681 millia
1003 1645 1192 1681 sociorum
1213 1644 1398 1694 peditum,

291 1711 460 1748 sexcenti
488 1710 645 1759 equites.
701 1709 800 1746 Illud
828 1722 978 1759 quoque
1005 1709 1236 1759 praecipuum
1267 1709 1402 1746 datum

291 1775 382 1810 sorti
402 1773 654 1816 Macedoniae,
676 1779 718 1809 ut
746 1773 985 1809 centuriones
1018 1773 1231 1820 militesque
1251 1778 1394 1808 veteres

289 1836 483 1880 scriberet,
504 1849 597 1885 quos
618 1835 742 1879 vellet,
763 1836 896 1872 consul
915 1848 1031 1884 usque
1056 1835 1103 1871 ad
1121 1835 1399 1884 quinquaginta¹

288 1913 421 1937 annOS.
477 1900 524 1936 In
543 1899 704 1935 tribunis
724 1899 885 1936 militum
900 1906 1081 1936 novatum
1096 1912 1142 1934 eo
1160 1911 1261 1936 anno
1277 1912 1392 1950 prop-

286 1972 344 2001 ter
361 1964 652 2001 Macedonicum
671 1963 825 2006 bellum,
842 1964 942 2012 quod
961 1963 1133 2001 consules
1154 1976 1198 1999 ex
1219 1971 1391 2000 senatus-

285 2028 461 2065 consulto
487 2027 534 2065 ad
562 2027 744 2079 populum
776 2027 957 2072 tulerunt,
984 2040 1032 2065 ne
1059 2028 1200 2064 tribuni
1228 2027 1398 2064 militum.

284 2105 330 2128 co
350 2104 451 2128 anno
478 2091 663 2139 suffragiis
691 2097 920 2135 crearentur,
941 2091 1006 2128 sed
1025 2090 1222 2128 consulum
1250 2098 1389 2140 praeto·

280 2168 439 2204 rumque
458 2155 496 2190 in
522 2155 566 2190 iis
587 2154 767 2192 faciendis
780 2154 967 2204 judicium
988 2155 1258 2204 arbitriumque
1276 2161 1386 2193 esset.

280 2219 387 2256 Inter
412 2224 592 2269 praetores
618 2219 671 2254 ita
690 2219 831 2268 partita
859 2219 1039 2269 imperia:
1071 2226 1286 2269 praetorem,
1319 2231 1385 2255 cu-

271 2282 337 2334 jus
370 2295 451 2319 sors
487 2282 634 2325 fuisset,
672 2289 714 2318 ut
750 2283 835 2325 iret,
869 2296 945 2333 quo
974 2289 1125 2319 senatus
1163 2283 1382 2326 censuisset,

277 2347 521 2384 Brundisium
541 2346 586 2383 ad
607 2346 764 2384 classem
783 2347 836 2384 ire
855 2347 1020 2399 placuit,
1053 2354 1167 2398 utque
1179 2346 1231 2388 ibi
1250 2359 1391 2396 recog«
