1546 2648
306 167 387 210 272
460 176 464 183 ·
755 169 800 198 τ.
825 170 956 199 mvn

113 257 438 305 U.C.573,finiatis
471 257 684 300 simultates,
718 270 914 306 quaesumus
948 270 1008 294 vos
1042 258 1193 295 universi
1203 275 1217 303 ;
1245 263 1294 303 et,
1328 271 1414 309 ques

111 308 203 340 A.C.
219 317 291 345 ¹⁷⁹·
304 317 486 366 conjunxit
511 321 694 370 suffragiis
720 323 792 357 suis
816 322 972 370 populus
991 321 1188 364 Romanus,
1210 322 1276 358 hac
1302 325 1413 360 etiam

109 1792 262 1822 Censores

111 1835 144 1865 in
161 1834 271 1865 amiei-

110 1878 188 1908 tiam
204 1878 273 1908 red-

109 1927 200 1952 eunt.

302 385 593 420 reconciliatione
621 387 748 432 gratiae
777 383 944 433 conjungi
967 398 990 421 a
1014 386 1110 422 nobis
1135 388 1272 423 sinatis.
1335 388 1413 425 Uno

302 449 436 491 animo,
456 460 525 484 uno
540 449 686 484 consilio
706 449 832 495 legatis
849 454 1023 492 senatum,
1039 451 1173 496 equites
1190 452 1410 495 recenseatis,

301 500 418 559 agatis
437 524 590 554 censum,
611 513 761 548 lustrum
780 513 940 548 condatis
952 528 964 548 .·
993 513 1087 560 quod
1102 515 1138 548 in
1157 514 1413 563 omnibusfere

295 576 560 623 precationibus
577 575 826 623 nuncupabitis
850 575 975 617 verbis,
996 574 1053 610 Ut
1073 588 1117 611 ea
1142 588 1200 612 res
1219 577 1312 612 mihi
1331 577 1411 614 col-

300 637 470 687 legaeque
488 651 573 674 meo
592 638 743 688 bene-et
761 636 922 673 feliciter
942 639 1105 681 eveniat,
1126 641 1164 674 id
1186 642 1240 675 ita
1256 645 1298 677 ut
1315 653 1408 685 vere,

300 707 341 738 ut
359 714 400 738 ex
413 704 532 737 animo
546 703 664 737 velitis
682 702 820 737 evenire
832 717 844 737 .·
873 701 1116 750 efficiatisque,
1132 708 1187 745 ut,
1201 705 1296 752 quod
1310 705 1412 742 Deos

297 767 438 813 precati
456 767 567 809 eritis,
587 767 625 801 ἑά
641 777 701 801 vos
718 767 809 802 velle
827 767 935 802 etiam
951 766 1106 803 homines
1122 769 1317 806 credamus.
1369 771 1410 807 T.

307 829 432 865 Tatius
449 834 483 865 et
498 829 688 872 Romulus,
705 830 741 864 in
760 827 857 875 cujus
868 830 962 865 urbis
975 830 1189 879 medioforo
1203 835 1280 869 acie
1298 833 1411 871 hostes

301 898 565 936 concurrerant,
586 893 633 929 ibi
651 894 842 930 concordes
865 899 1073 941 regnarunt.
1129 896 1212 932 Non
1239 898 1345 933 modo
1361 899 1410 934 si-

299 958 482 1000 multates,
501 959 563 994 sed
581 958 673 993 bella
692 970 825 1006 quoque
840 959 1049 1007 finiuntur:
1076 972 1118 996 ea:
1143 960 1282 1009 infestis
1300 962 1411 999 hosti-

301 1023 363 1059 bus
377 1025 586 1071 plerumque
603 1025 688 1059 socii
694 1024 838 1072 fideles,
863 1024 1044 1060 interdum
1061 1026 1171 1060 etiam
1190 1026 1280 1061 cives
1294 1026 1409 1074 fiunt.

301 1087 448 1129 Albani,
479 1088 600 1122 diruta
627 1086 735 1128 Atha,
766 1087 921 1122 Romam
951 1088 1108 1123 traducti
1135 1092 1242 1123 sunt:
1270 1087 1410 1131 Latini,

300 1150 429 1186 Sabini
447 1151 484 1185 in
503 1151 684 1186 civitatem
704 1152 851 1198 accepti.
907 1150 941 1185 V
938 1151 1099 1198 ulgatum
1119 1152 1225 1194 illud,
1246 1153 1331 1200 quia
1348 1164 1410 1189 ve‘-

299 1228 380 1251 rum
399 1221 489 1258 erat,
511 1217 547 1251 in
572 1215 798 1263 proverbium
828 1216 949 1252 venit:
976 1215 1167 1251 Amicii-ias
1188 1216 1408 1260 inmortales,

300 1283 509 1318 inimicitias
527 1283 695 1318 mortales
714 1281 836 1317 debere
853 1293 933 1317 esse.
989 1281 1178 1317 Fremitus
1198 1288 1303 1318 ortus
1323 1295 1409 1319 cum

300 1345 475 1388 adsensu,
497 1346 630 1382 deinde
650 1345 908 1381 universorum
927 1357 1037 1381 voces
1067 1345 1163 1382 idem
1183 1347 1406 1396 petentium,

299 1408 468 1445 confusae
491 1410 530 1445 in
555 1421 686 1452 unum,
718 1409 930 1444 orationem
960 1408 1258 1458 interpellarunt.
1289 1403 1292 1405 ⁵
1315 1409 1411 1447 Inde

299 1471 478 1509 AEmssius
500 1479 652 1521 questus
673 1484 788 1520 quum
814 1471 900 1515 alia,
920 1477 1000 1508 tum
1019 1471 1076 1507 bis
1098 1485 1120 1508 a
1145 1471 1201 1508 M.
1214 1471 1349 1509 Fulvio
1369 1485 1409 1509 se

299 1542 404 1572 certo
424 1535 622 1572 consulatu
642 1534 841 1586 dejectum.
898 1535 1050 1572 Fulvius
1078 1541 1211 1572 contra
1229 1537 1348 1585 queri,
1370 1549 1410 1572 se

299 1597 347 1634 ab
368 1611 413 1634 eo
433 1611 580 1648 semper
598 1599 828 1642 lacessitum,
849 1604 887 1634 et
906 1599 944 1634 in
965 1597 1145 1648 probrum
1165 1611 1271 1635 suum
1292 1611 1407 1649 spon-

301 1662 445 1699 sionem
476 1662 639 1700 factam:
672 1670 798 1699 tamen
837 1663 950 1699 ambo
987 1662 1213 1712 significare,
1251 1664 1282 1699 si
1315 1663 1410 1700 alter

301 1726 427 1770 vellet,
447 1739 486 1763 se
509 1728 548 1763 in
577 1733 767 1777 potestate
785 1733 845 1763 tot
875 1728 1085 1777 principum
1115 1727 1278 1763 civitatis
1305 1727 1409 1762 futu-

302 1802 377 1826 ros.
434 1790 622 1827 Omnibus
659 1791 902 1833 instantibus,
933 1791 996 1839 qui
1029 1790 1198 1832 aderant,
1237 1790 1409 1827 dexteras

304 1853 489 1903 fidemque
508 1855 656 1897 dedere,
677 1855 826 1890 mittere
845 1867 931 1890 vere
951 1867 994 1890 ac
1012 1853 1122 1890 finire
1140 1854 1280 1890 odium.
1330 1854 1410 1891 De-

304 1918 405 1960 inde,
426 1918 740 1955 conlaudantibus
770 1919 929 1960 cunctis,
951 1917 1100 1953 deducti
1126 1925 1214 1953 sunt
1238 1918 1276 1954 in
1296 1918 1411 1969 Capi-

303 1981 450 2019 tolium.
506 1982 560 2019 Et
579 1995 669 2018 cura
687 1995 797 2033 super
813 1982 877 2018 tali
895 1994 934 2017 re
953 1982 1179 2032 principum,
1193 1988 1231 2018 et
1246 1981 1409 2018 facilitas

303 2058 502 2082 censorum
522 2047 671 2095 egregie
696 2046 944 2096 comprobata
972 2045 1018 2082 ab
1039 2052 1172 2081 senatu
1191 2052 1228 2081 ct
1257 2044 1410 2082 laudata

303 2115 371 2145 est.
430 2109 659 2145 censoribus
686 2110 818 2146 deinde
847 2108 1139 2159 postulantibus,
1173 2118 1213 2144 ut
1241 2109 1410 2158 pecunie

303 2184 449 2208 summa
474 2173 558 2216 sibi,
580 2186 654 2222 qua
682 2174 721 2209 in
744 2186 859 2223 opera
886 2172 1037 2224 publica
1064 2180 1272 2216 uterentur,
1293 2173 1409 2210 adtri—

303 2235 494 2279 bueretur,
515 2237 676 2287 vectigal
695 2240 862 2274 annuum
878 2238 1068 2274 decretum
1089 2244 1158 2274 est.

357 2299 524 2338 XLVII.
553 2301 699 2339 Eodem
725 2314 826 2339 anno
858 2302 894 2338 in
923 2301 1110 2352 Hispania
1138 2301 1182 2338 L.
1196 2300 1411 2338 Postumius
