<?xml version="1.0" encoding="UTF-8"?>
<!DOCTYPE html PUBLIC "-//W3C//DTD XHTML 1.0 Transitional//EN"
    "http://www.w3.org/TR/xhtml1/DTD/xhtml1-transitional.dtd">
<html xmlns="http://www.w3.org/1999/xhtml" xml:lang="en" lang="en">
 <head>
  <title>
</title>
<meta http-equiv="Content-Type" content="text/html;charset=utf-8" />
  <meta name='ocr-system' content='tesseract 3.04.00' />
  <meta name='ocr-capabilities' content='ocr_page ocr_carea ocr_par ocr_line ocrx_word'/>
</head>
<body>
  <div class='ocr_page' id='page_1' title='image "./historiarumquaes04livyuoft/historiarumquaes04livyuoft_0259.png"; bbox 0 0 1546 2648; ppageno 0'>
   <div class='ocr_carea' id='block_1_1' title="bbox 0 1722 3 2648">
    <p class='ocr_par' dir='ltr' id='par_1_1' title="bbox 0 1722 3 2648">
     <span class='ocr_line' id='line_1_1' title="bbox 0 1722 3 2648; baseline 0 0"><span class='ocrx_word' id='word_1_1' title='bbox 0 1722 3 2648; x_wconf 95' lang='lat' dir='ltr'> </span> 
     </span>
    </p>
   </div>
   <div class='ocr_carea' id='block_1_2' title="bbox 370 153 1227 196">
    <p class='ocr_par' dir='ltr' id='par_1_2' title="bbox 370 153 1227 196">
     <span class='ocr_line' id='line_1_2' title="bbox 370 153 1227 196; baseline -0.001 -12"><span class='ocrx_word' id='word_1_2' title='bbox 370 155 528 184; x_wconf 83' lang='lat' dir='ltr'>LIBER</span> <span class='ocrx_word' id='word_1_3' title='bbox 553 154 635 182; x_wconf 78' lang='lat' dir='ltr'>xl..</span> <span class='ocrx_word' id='word_1_4' title='bbox 668 153 775 182; x_wconf 81' lang='lat' dir='ltr'><strong>CAP.</strong></span> <span class='ocrx_word' id='word_1_5' title='bbox 795 154 962 182; x_wconf 80' lang='lat' dir='ltr'><strong>XXVII·</strong></span> <span class='ocrx_word' id='word_1_6' title='bbox 1147 153 1227 196; x_wconf 83' lang='lat'>249</span> 
     </span>
    </p>
   </div>
   <div class='ocr_carea' id='block_1_3' title="bbox 109 242 1415 2344">
    <p class='ocr_par' dir='ltr' id='par_1_3' title="bbox 109 242 1415 1705">
     <span class='ocr_line' id='line_1_3' title="bbox 111 242 1415 296; baseline -0.008 -12"><span class='ocrx_word' id='word_1_7' title='bbox 111 248 221 284; x_wconf 86' lang='lat' dir='ltr'>duci:</span> <span class='ocrx_word' id='word_1_8' title='bbox 261 259 306 283; x_wconf 91' lang='lat' dir='ltr'>eo</span> <span class='ocrx_word' id='word_1_9' title='bbox 336 246 550 296; x_wconf 87' lang='lat' dir='ltr'>profectum</span> <span class='ocrx_word' id='word_1_10' title='bbox 581 243 757 287; x_wconf 87' lang='lat' dir='ltr'>Fabium,</span> <span class='ocrx_word' id='word_1_11' title='bbox 790 255 912 292; x_wconf 84' lang='lat' dir='ltr'>neque</span> <span class='ocrx_word' id='word_1_12' title='bbox 943 242 1030 279; x_wconf 90' lang='lat' dir='ltr'>inde</span> <span class='ocrx_word' id='word_1_13' title='bbox 1062 242 1223 291; x_wconf 85' lang='lat' dir='ltr'>regredi,</span> <span class='ocrx_word' id='word_1_14' title='bbox 1237 244 1279 276; x_wconf 89' lang='lat' dir='ltr'>U.</span> <span class='ocrx_word' id='word_1_15' title='bbox 1291 243 1415 278; x_wconf 83' lang='lat' dir='ltr'>C.571.</span> 
     </span>
     <span class='ocr_line' id='line_1_4' title="bbox 110 287 1414 360; baseline -0.005 -12"><span class='ocrx_word' id='word_1_16' title='bbox 110 312 214 349; x_wconf 85' lang='lat' dir='ltr'>bello</span> <span class='ocrx_word' id='word_1_17' title='bbox 246 310 442 352; x_wconf 88' lang='lat' dir='ltr'>inchoato,</span> <span class='ocrx_word' id='word_1_18' title='bbox 480 322 603 360; x_wconf 86' lang='lat' dir='ltr'>posse.</span> <span class='ocrx_word' id='word_1_19' title='bbox 660 308 763 350; x_wconf 89' lang='lat' dir='ltr'>Una,</span> <span class='ocrx_word' id='word_1_20' title='bbox 802 315 840 344; x_wconf 86' lang='lat' dir='ltr'>et</span> <span class='ocrx_word' id='word_1_21' title='bbox 873 320 917 343; x_wconf 89' lang='lat' dir='ltr'>ea</span> <span class='ocrx_word' id='word_1_22' title='bbox 952 308 1034 357; x_wconf 89' lang='lat' dir='ltr'>ipsa</span> <span class='ocrx_word' id='word_1_23' title='bbox 1065 289 1276 350; x_wconf 77' lang='lat' dir='ltr'>tardi01·,A·</span> <span class='ocrx_word' id='word_1_24' title='bbox 1290 287 1414 318; x_wconf 58' lang='lat' dir='ltr'>C&#39;lgl’</span> 
     </span>
     <span class='ocr_line' id='line_1_5' title="bbox 112 372 1223 425; baseline -0.005 -13"><span class='ocrx_word' id='word_1_25' title='bbox 112 389 226 425; x_wconf 87' lang='lat' dir='ltr'>quam</span> <span class='ocrx_word' id='word_1_26' title='bbox 253 381 402 424; x_wconf 87' lang='lat' dir='ltr'>tempus</span> <span class='ocrx_word' id='word_1_27' title='bbox 431 373 664 425; x_wconf 87' lang='lat' dir='ltr'>postulabat,</span> <span class='ocrx_word' id='word_1_28' title='bbox 687 372 845 409; x_wconf 85' lang='lat' dir='ltr'>subsidii</span> <span class='ocrx_word' id='word_1_29' title='bbox 864 384 947 422; x_wconf 84' lang='lat' dir='ltr'>spes</span> <span class='ocrx_word' id='word_1_30' title='bbox 968 377 1062 414; x_wconf 84' lang='lat' dir='ltr'>erat,</span> <span class='ocrx_word' id='word_1_31' title='bbox 1084 372 1114 406; x_wconf 92' lang='lat' dir='ltr'>si</span> <span class='ocrx_word' id='word_1_32' title='bbox 1131 384 1223 407; x_wconf 80' lang='lat' dir='ltr'>con-</span> 
     </span>
     <span class='ocr_line' id='line_1_6' title="bbox 111 435 1222 488; baseline -0.005 -12"><span class='ocrx_word' id='word_1_33' title='bbox 111 440 208 477; x_wconf 90' lang='lat' dir='ltr'>sules</span> <span class='ocrx_word' id='word_1_34' title='bbox 229 444 482 476; x_wconf 85' lang='lat' dir='ltr'>maturassent</span> <span class='ocrx_word' id='word_1_35' title='bbox 502 439 541 474; x_wconf 90' lang='lat' dir='ltr'>in</span> <span class='ocrx_word' id='word_1_36' title='bbox 560 438 795 488; x_wconf 87' lang='lat' dir='ltr'>provinciam</span> <span class='ocrx_word' id='word_1_37' title='bbox 809 437 888 473; x_wconf 90' lang='lat' dir='ltr'>ire:</span> <span class='ocrx_word' id='word_1_38' title='bbox 921 436 957 472; x_wconf 88' lang='lat' dir='ltr'>id</span> <span class='ocrx_word' id='word_1_39' title='bbox 980 443 1019 471; x_wconf 90' lang='lat' dir='ltr'>ut</span> <span class='ocrx_word' id='word_1_40' title='bbox 1038 435 1222 478; x_wconf 86' lang='lat' dir='ltr'>facerent,</span> 
     </span>
     <span class='ocr_line' id='line_1_7' title="bbox 110 499 1224 554; baseline -0.005 -14"><span class='ocrx_word' id='word_1_41' title='bbox 110 517 180 554; x_wconf 89' lang='lat' dir='ltr'>pro</span> <span class='ocrx_word' id='word_1_42' title='bbox 210 516 250 539; x_wconf 91' lang='lat' dir='ltr'>se</span> <span class='ocrx_word' id='word_1_43' title='bbox 279 504 438 552; x_wconf 89' lang='lat' dir='ltr'>quisque</span> <span class='ocrx_word' id='word_1_44' title='bbox 470 503 628 539; x_wconf 87' lang='lat' dir='ltr'>Patrum</span> <span class='ocrx_word' id='word_1_45' title='bbox 658 500 869 538; x_wconf 79' lang='lat' dir='ltr'>vociferari.</span> <span class='ocrx_word' id='word_1_46' title='bbox 927 499 1126 542; x_wconf 87' lang='lat' dir='ltr'><strong>Consules,</strong></span> <span class='ocrx_word' id='word_1_47' title='bbox 1151 500 1224 535; x_wconf 90' lang='lat' dir='ltr'>nisi</span> 
     </span>
     <span class='ocr_line' id='line_1_8' title="bbox 110 563 1222 614; baseline -0.005 -10"><span class='ocrx_word' id='word_1_48' title='bbox 110 567 287 604; x_wconf 87' lang='lat' dir='ltr'>confecto</span> <span class='ocrx_word' id='word_1_49' title='bbox 306 566 468 609; x_wconf 88' lang='lat' dir='ltr'>delectu,</span> <span class='ocrx_word' id='word_1_50' title='bbox 488 578 629 614; x_wconf 89' lang='lat' dir='ltr'>negare</span> <span class='ocrx_word' id='word_1_51' title='bbox 649 577 689 601; x_wconf 89' lang='lat' dir='ltr'>se</span> <span class='ocrx_word' id='word_1_52' title='bbox 707 565 842 608; x_wconf 81' lang='lat' dir='ltr'>ituros,</span> <span class='ocrx_word' id='word_1_53' title='bbox 872 576 942 600; x_wconf 88' lang='lat' dir='ltr'>nec</span> <span class='ocrx_word' id='word_1_54' title='bbox 971 576 1077 599; x_wconf 87' lang='lat' dir='ltr'>suam</span> <span class='ocrx_word' id='word_1_55' title='bbox 1097 563 1222 611; x_wconf 87' lang='lat' dir='ltr'>segni-</span> 
     </span>
     <span class='ocr_line' id='line_1_9' title="bbox 109 628 1223 677; baseline -0.007 -7"><span class='ocrx_word' id='word_1_56' title='bbox 109 634 216 676; x_wconf 84' lang='lat' dir='ltr'>tiem,</span> <span class='ocrx_word' id='word_1_57' title='bbox 237 632 302 669; x_wconf 90' lang='lat' dir='ltr'>sed</span> <span class='ocrx_word' id='word_1_58' title='bbox 321 633 397 669; x_wconf 88' lang='lat' dir='ltr'>vim</span> <span class='ocrx_word' id='word_1_59' title='bbox 416 631 554 675; x_wconf 86' lang='lat' dir='ltr'>morbi,</span> <span class='ocrx_word' id='word_1_60' title='bbox 576 632 615 667; x_wconf 91' lang='lat' dir='ltr'>in</span> <span class='ocrx_word' id='word_1_61' title='bbox 636 643 768 667; x_wconf 83' lang='lat' dir='ltr'>caussa</span> <span class='ocrx_word' id='word_1_62' title='bbox 788 641 884 672; x_wconf 85' lang='lat' dir='ltr'>esse,</span> <span class='ocrx_word' id='word_1_63' title='bbox 905 641 980 677; x_wconf 88' lang='lat' dir='ltr'>quo</span> <span class='ocrx_word' id='word_1_64' title='bbox 1000 628 1117 664; x_wconf 90' lang='lat' dir='ltr'>serius</span> <span class='ocrx_word' id='word_1_65' title='bbox 1138 639 1223 676; x_wconf 87' lang='lat' dir='ltr'>per-</span> 
     </span>
     <span class='ocr_line' id='line_1_10' title="bbox 113 694 1223 746; baseline -0.007 -12"><span class='ocrx_word' id='word_1_66' title='bbox 113 697 311 734; x_wconf 86' lang='lat' dir='ltr'>ficeretur:</span> <span class='ocrx_word' id='word_1_67' title='bbox 343 709 423 733; x_wconf 89' lang='lat' dir='ltr'>non</span> <span class='ocrx_word' id='word_1_68' title='bbox 451 703 579 733; x_wconf 86' lang='lat' dir='ltr'>tamen</span> <span class='ocrx_word' id='word_1_69' title='bbox 607 700 816 746; x_wconf 85' lang='lat' dir='ltr'>potuerunt</span> <span class='ocrx_word' id='word_1_70' title='bbox 844 694 1029 730; x_wconf 88' lang='lat' dir='ltr'>sustinere</span> <span class='ocrx_word' id='word_1_71' title='bbox 1062 704 1223 727; x_wconf 89' lang='lat' dir='ltr'>consen-</span> 
     </span>
     <span class='ocr_line' id='line_1_11' title="bbox 113 756 1222 810; baseline -0.007 -11"><span class='ocrx_word' id='word_1_72' title='bbox 113 775 194 799; x_wconf 86' lang='lat' dir='ltr'>sum</span> <span class='ocrx_word' id='word_1_73' title='bbox 232 768 399 805; x_wconf 86' lang='lat' dir='ltr'>senatus,</span> <span class='ocrx_word' id='word_1_74' title='bbox 434 762 525 810; x_wconf 92' lang='lat' dir='ltr'>quin</span> <span class='ocrx_word' id='word_1_75' title='bbox 558 760 728 810; x_wconf 90' lang='lat' dir='ltr'>paludati</span> <span class='ocrx_word' id='word_1_76' title='bbox 761 759 922 801; x_wconf 86' lang='lat' dir='ltr'>exirent,</span> <span class='ocrx_word' id='word_1_77' title='bbox 951 764 989 793; x_wconf 90' lang='lat' dir='ltr'>et</span> <span class='ocrx_word' id='word_1_78' title='bbox 1024 756 1222 800; x_wconf 85' lang='lat' dir='ltr'>militibus,</span> 
     </span>
     <span class='ocr_line' id='line_1_12' title="bbox 111 820 1223 874; baseline -0.004 -13"><span class='ocrx_word' id='word_1_79' title='bbox 111 838 206 874; x_wconf 92' lang='lat' dir='ltr'>quos</span> <span class='ocrx_word' id='word_1_80' title='bbox 236 825 484 873; x_wconf 76' lang='lat' dir='ltr'>conscriptos‘</span> <span class='ocrx_word' id='word_1_81' title='bbox 501 824 701 866; x_wconf 86' lang='lat' dir='ltr'>haberent,</span> <span class='ocrx_word' id='word_1_82' title='bbox 723 823 822 858; x_wconf 91' lang='lat' dir='ltr'>diem</span> <span class='ocrx_word' id='word_1_83' title='bbox 842 822 1046 864; x_wconf 84' lang='lat' dir='ltr'>edicerent,</span> <span class='ocrx_word' id='word_1_84' title='bbox 1064 833 1139 869; x_wconf 90' lang='lat' dir='ltr'>quo</span> <span class='ocrx_word' id='word_1_85' title='bbox 1159 820 1223 856; x_wconf 87' lang='lat' dir='ltr'>Pi-</span> 
     </span>
     <span class='ocr_line' id='line_1_13' title="bbox 111 886 1222 937; baseline -0.005 -12"><span class='ocrx_word' id='word_1_86' title='bbox 111 902 170 925; x_wconf 88' lang='lat' dir='ltr'>sas</span> <span class='ocrx_word' id='word_1_87' title='bbox 191 889 438 925; x_wconf 87' lang='lat' dir='ltr'>convenirent</span> <span class='ocrx_word' id='word_1_88' title='bbox 456 903 463 923; x_wconf 92' lang='lat'>:</span> <span class='ocrx_word' id='word_1_89' title='bbox 497 888 734 937; x_wconf 86' lang='lat' dir='ltr'>permissum,</span> <span class='ocrx_word' id='word_1_90' title='bbox 758 893 812 928; x_wconf 85' lang='lat' dir='ltr'>ut,</span> <span class='ocrx_word' id='word_1_91' title='bbox 833 899 907 934; x_wconf 86' lang='lat' dir='ltr'>qua</span> <span class='ocrx_word' id='word_1_92' title='bbox 922 886 1035 928; x_wconf 90' lang='lat' dir='ltr'>irent,</span> <span class='ocrx_word' id='word_1_93' title='bbox 1049 886 1222 934; x_wconf 87' lang='lat' dir='ltr'>protinus</span> 
     </span>
     <span class='ocr_line' id='line_1_14' title="bbox 111 951 1225 998; baseline -0.005 -9"><span class='ocrx_word' id='word_1_94' title='bbox 111 953 314 989; x_wconf 82' lang='lat' dir='ltr'>subitarios</span> <span class='ocrx_word' id='word_1_95' title='bbox 350 952 488 988; x_wconf 88' lang='lat' dir='ltr'>milites</span> <span class='ocrx_word' id='word_1_96' title='bbox 536 951 758 994; x_wconf 85' lang='lat' dir='ltr'>scriberent,</span> <span class='ocrx_word' id='word_1_97' title='bbox 794 951 1048 998; x_wconf 81' lang='lat' dir='ltr'>ducerentque</span> <span class='ocrx_word' id='word_1_98' title='bbox 1085 961 1225 984; x_wconf 90' lang='lat' dir='ltr'>secum.</span> 
     </span>
     <span class='ocr_line' id='line_1_15' title="bbox 110 1016 1226 1068; baseline -0.002 -14"><span class='ocrx_word' id='word_1_99' title='bbox 110 1020 163 1055; x_wconf 88' lang='lat' dir='ltr'>Et</span> <span class='ocrx_word' id='word_1_100' title='bbox 182 1018 422 1068; x_wconf 82' lang='lat' dir='ltr'>praetoribuS‚</span> <span class='ocrx_word' id='word_1_101' title='bbox 452 1018 500 1057; x_wconf 85' lang='lat' dir='ltr'>Q.</span> <span class='ocrx_word' id='word_1_102' title='bbox 521 1017 676 1054; x_wconf 90' lang='lat' dir='ltr'>Petillio</span> <span class='ocrx_word' id='word_1_103' title='bbox 696 1023 734 1053; x_wconf 91' lang='lat' dir='ltr'>et</span> <span class='ocrx_word' id='word_1_104' title='bbox 762 1017 811 1056; x_wconf 88' lang='lat' dir='ltr'>Q.</span> <span class='ocrx_word' id='word_1_105' title='bbox 831 1016 968 1058; x_wconf 86' lang='lat' dir='ltr'>Fabio,</span> <span class='ocrx_word' id='word_1_106' title='bbox 998 1016 1226 1064; x_wconf 87' lang='lat' dir='ltr'>imperatum</span> 
     </span>
     <span class='ocr_line' id='line_1_16' title="bbox 110 1079 1226 1130; baseline -0.003 -11"><span class='ocrx_word' id='word_1_107' title='bbox 110 1090 182 1126; x_wconf 85' lang='lat' dir='ltr'>est,</span> <span class='ocrx_word' id='word_1_108' title='bbox 213 1089 254 1118; x_wconf 90' lang='lat' dir='ltr'>ut</span> <span class='ocrx_word' id='word_1_109' title='bbox 272 1082 443 1119; x_wconf 89' lang='lat' dir='ltr'>Petillius</span> <span class='ocrx_word' id='word_1_110' title='bbox 474 1083 564 1118; x_wconf 86' lang='lat' dir='ltr'>duas</span> <span class='ocrx_word' id='word_1_111' title='bbox 594 1082 764 1130; x_wconf 83' lang='lat' dir='ltr'>legiones</span> <span class='ocrx_word' id='word_1_112' title='bbox 795 1081 933 1117; x_wconf 79' lang='lat' dir='ltr'>civium</span> <span class='ocrx_word' id='word_1_113' title='bbox 959 1079 1226 1116; x_wconf 84' lang='lat' dir='ltr'>Romanorum</span> 
     </span>
     <span class='ocr_line' id='line_1_17' title="bbox 112 1144 1226 1192; baseline -0.004 -10"><span class='ocrx_word' id='word_1_114' title='bbox 112 1146 375 1182; x_wconf 82' lang='lat' dir='ltr'>tumultuarias</span> <span class='ocrx_word' id='word_1_115' title='bbox 405 1146 600 1188; x_wconf 85' lang='lat' dir='ltr'>scriberet,</span> <span class='ocrx_word' id='word_1_116' title='bbox 622 1152 660 1182; x_wconf 89' lang='lat' dir='ltr'>et</span> <span class='ocrx_word' id='word_1_117' title='bbox 689 1157 819 1181; x_wconf 87' lang='lat' dir='ltr'>omnes</span> <span class='ocrx_word' id='word_1_118' title='bbox 851 1145 1014 1180; x_wconf 84' lang='lat' dir='ltr'>minores</span> <span class='ocrx_word' id='word_1_119' title='bbox 1039 1144 1226 1192; x_wconf 88' lang='lat' dir='ltr'>quinqua-</span> 
     </span>
     <span class='ocr_line' id='line_1_18' title="bbox 115 1207 1226 1258; baseline -0.005 -12"><span class='ocrx_word' id='word_1_120' title='bbox 115 1212 223 1258; x_wconf 86' lang='lat' dir='ltr'>ginta</span> <span class='ocrx_word' id='word_1_121' title='bbox 252 1211 360 1246; x_wconf 87' lang='lat' dir='ltr'>annis</span> <span class='ocrx_word' id='word_1_122' title='bbox 394 1215 632 1245; x_wconf 80' lang='lat' dir='ltr'>sacramento</span> <span class='ocrx_word' id='word_1_123' title='bbox 665 1216 843 1256; x_wconf 85' lang='lat' dir='ltr'>rogaret:</span> <span class='ocrx_word' id='word_1_124' title='bbox 876 1207 1011 1249; x_wconf 81' lang='lat' dir='ltr'>Fabio,</span> <span class='ocrx_word' id='word_1_125' title='bbox 1043 1214 1084 1242; x_wconf 91' lang='lat' dir='ltr'>ut</span> <span class='ocrx_word' id='word_1_126' title='bbox 1115 1207 1226 1242; x_wconf 84' lang='lat' dir='ltr'>sociis</span> 
     </span>
     <span class='ocr_line' id='line_1_19' title="bbox 113 1271 1228 1322; baseline -0.004 -12"><span class='ocrx_word' id='word_1_127' title='bbox 113 1274 243 1310; x_wconf 80' lang='lat' dir='ltr'>Latini</span> <span class='ocrx_word' id='word_1_128' title='bbox 261 1274 424 1310; x_wconf 85' lang='lat' dir='ltr'>nominis</span> <span class='ocrx_word' id='word_1_129' title='bbox 446 1274 659 1322; x_wconf 86' lang='lat' dir='ltr'>quindecim</span> <span class='ocrx_word' id='word_1_130' title='bbox 680 1271 799 1308; x_wconf 85' lang='lat' dir='ltr'>millia</span> <span class='ocrx_word' id='word_1_131' title='bbox 827 1271 1010 1321; x_wconf 87' lang='lat' dir='ltr'>peditum,</span> <span class='ocrx_word' id='word_1_132' title='bbox 1027 1272 1228 1319; x_wconf 85' lang='lat' dir='ltr'>octingen-</span> 
     </span>
     <span class='ocr_line' id='line_1_20' title="bbox 113 1333 1228 1387; baseline -0.004 -14"><span class='ocrx_word' id='word_1_133' title='bbox 113 1345 172 1373; x_wconf 87' lang='lat' dir='ltr'>tos</span> <span class='ocrx_word' id='word_1_134' title='bbox 193 1339 337 1386; x_wconf 85' lang='lat' dir='ltr'>equites</span> <span class='ocrx_word' id='word_1_135' title='bbox 367 1338 582 1387; x_wconf 85' lang='lat' dir='ltr'>imperaret.</span> <span class='ocrx_word' id='word_1_136' title='bbox 639 1335 843 1371; x_wconf 71' lang='lat' dir='ltr'>Duumviri</span> <span class='ocrx_word' id='word_1_137' title='bbox 873 1334 1023 1370; x_wconf 83' lang='lat' dir='ltr'>navales</span> <span class='ocrx_word' id='word_1_138' title='bbox 1046 1334 1162 1369; x_wconf 85' lang='lat' dir='ltr'>creati</span> <span class='ocrx_word' id='word_1_139' title='bbox 1184 1333 1228 1377; x_wconf 62' lang='lat' dir='ltr'>C„</span> 
     </span>
     <span class='ocr_line' id='line_1_21' title="bbox 112 1400 1249 1449; baseline -0.004 -12"><span class='ocrx_word' id='word_1_140' title='bbox 112 1401 306 1438; x_wconf 85' lang='lat' dir='ltr'>Matienus</span> <span class='ocrx_word' id='word_1_141' title='bbox 327 1408 365 1437; x_wconf 88' lang='lat' dir='ltr'>et</span> <span class='ocrx_word' id='word_1_142' title='bbox 386 1402 428 1437; x_wconf 95' lang='lat' dir='ltr'>C.</span> <span class='ocrx_word' id='word_1_143' title='bbox 442 1401 659 1443; x_wconf 83' lang='lat' dir='ltr'>Lucretius,</span> <span class='ocrx_word' id='word_1_144' title='bbox 678 1412 866 1449; x_wconf 83' lang='lat' dir='ltr'>navesque</span> <span class='ocrx_word' id='word_1_145' title='bbox 886 1400 930 1435; x_wconf 87' lang='lat' dir='ltr'>iis</span> <span class='ocrx_word' id='word_1_146' title='bbox 948 1406 1091 1435; x_wconf 81' lang='lat' dir='ltr'>ornatae</span> <span class='ocrx_word' id='word_1_147' title='bbox 1112 1407 1224 1444; x_wconf 85' lang='lat' dir='ltr'>sunt;</span> <span class='ocrx_word' id='word_1_148' title='bbox 1240 1431 1249 1443; x_wconf 84' lang='lat'>,</span> 
     </span>
     <span class='ocr_line' id='line_1_22' title="bbox 113 1463 1229 1515; baseline -0.003 -13"><span class='ocrx_word' id='word_1_149' title='bbox 113 1465 376 1514; x_wconf 86' lang='lat' dir='ltr'>Matienoque,</span> <span class='ocrx_word' id='word_1_150' title='bbox 415 1465 521 1515; x_wconf 82' lang='lat' dir='ltr'>cujus</span> <span class='ocrx_word' id='word_1_151' title='bbox 560 1466 606 1502; x_wconf 88' lang='lat' dir='ltr'>ad</span> <span class='ocrx_word' id='word_1_152' title='bbox 644 1465 833 1501; x_wconf 88' lang='lat' dir='ltr'>Gallicum</span> <span class='ocrx_word' id='word_1_153' title='bbox 871 1464 993 1500; x_wconf 88' lang='lat' dir='ltr'>sinum</span> <span class='ocrx_word' id='word_1_154' title='bbox 1031 1463 1229 1513; x_wconf 85' lang='lat' dir='ltr'>provincia</span> 
     </span>
     <span class='ocr_line' id='line_1_23' title="bbox 113 1528 1227 1578; baseline -0.002 -13"><span class='ocrx_word' id='word_1_155' title='bbox 113 1536 208 1572; x_wconf 85' lang='lat' dir='ltr'>erat,</span> <span class='ocrx_word' id='word_1_156' title='bbox 230 1531 453 1578; x_wconf 88' lang='lat' dir='ltr'>imperatum</span> <span class='ocrx_word' id='word_1_157' title='bbox 474 1536 545 1572; x_wconf 87' lang='lat' dir='ltr'>est,</span> <span class='ocrx_word' id='word_1_158' title='bbox 567 1536 607 1565; x_wconf 88' lang='lat' dir='ltr'>ut</span> <span class='ocrx_word' id='word_1_159' title='bbox 638 1529 794 1565; x_wconf 85' lang='lat' dir='ltr'>classem</span> <span class='ocrx_word' id='word_1_160' title='bbox 817 1528 941 1578; x_wconf 87' lang='lat' dir='ltr'>primo</span> <span class='ocrx_word' id='word_1_161' title='bbox 961 1540 1112 1577; x_wconf 87' lang='lat' dir='ltr'>quoque</span> <span class='ocrx_word' id='word_1_162' title='bbox 1130 1534 1227 1563; x_wconf 90' lang='lat' dir='ltr'>tem-</span> 
     </span>
     <span class='ocr_line' id='line_1_24' title="bbox 113 1591 1237 1642; baseline -0.001 -15"><span class='ocrx_word' id='word_1_163' title='bbox 113 1605 206 1642; x_wconf 86' lang='lat' dir='ltr'>pore</span> <span class='ocrx_word' id='word_1_164' title='bbox 225 1592 378 1628; x_wconf 88' lang='lat' dir='ltr'>duceret</span> <span class='ocrx_word' id='word_1_165' title='bbox 407 1593 445 1628; x_wconf 92' lang='lat' dir='ltr'>in</span> <span class='ocrx_word' id='word_1_166' title='bbox 465 1593 652 1641; x_wconf 85' lang='lat' dir='ltr'>Ligurum</span> <span class='ocrx_word' id='word_1_167' title='bbox 682 1605 802 1634; x_wconf 86' lang='lat' dir='ltr'>oram,</span> <span class='ocrx_word' id='word_1_168' title='bbox 824 1593 854 1627; x_wconf 88' lang='lat' dir='ltr'>si</span> <span class='ocrx_word' id='word_1_169' title='bbox 875 1604 950 1640; x_wconf 88' lang='lat' dir='ltr'>quo</span> <span class='ocrx_word' id='word_1_170' title='bbox 977 1592 1059 1627; x_wconf 89' lang='lat' dir='ltr'>usui</span> <span class='ocrx_word' id='word_1_171' title='bbox 1081 1603 1160 1627; x_wconf 89' lang='lat' dir='ltr'>esse</span> <span class='ocrx_word' id='word_1_172' title='bbox 1179 1591 1237 1634; x_wconf 60' lang='lat' dir='ltr'>L.⁸</span> 
     </span>
     <span class='ocr_line' id='line_1_25' title="bbox 115 1654 877 1705; baseline -0.003 -14"><span class='ocrx_word' id='word_1_173' title='bbox 115 1654 275 1691; x_wconf 86' lang='lat' dir='ltr'>AEmilio</span> <span class='ocrx_word' id='word_1_174' title='bbox 297 1662 410 1704; x_wconf 88' lang='lat' dir='ltr'>atque</span> <span class='ocrx_word' id='word_1_175' title='bbox 431 1654 512 1704; x_wconf 88' lang='lat' dir='ltr'>ejus</span> <span class='ocrx_word' id='word_1_176' title='bbox 532 1656 715 1691; x_wconf 86' lang='lat' dir='ltr'>exercitui</span> <span class='ocrx_word' id='word_1_177' title='bbox 734 1661 877 1705; x_wconf 87' lang='lat' dir='ltr'>posset.</span> 
     </span>
    </p>

    <p class='ocr_par' dir='ltr' id='par_1_4' title="bbox 111 1717 1392 2344">
     <span class='ocr_line' id='line_1_26' title="bbox 167 1717 1392 1769; baseline 0 -15"><span class='ocrx_word' id='word_1_178' title='bbox 167 1718 342 1755; x_wconf 83' lang='lat' dir='ltr'>XXVII.</span> <span class='ocrx_word' id='word_1_179' title='bbox 372 1718 567 1762; x_wconf 88' lang='lat' dir='ltr'>AEmilius,</span> <span class='ocrx_word' id='word_1_180' title='bbox 586 1726 789 1769; x_wconf 86' lang='lat' dir='ltr'>postquam</span> <span class='ocrx_word' id='word_1_181' title='bbox 806 1718 903 1760; x_wconf 83' lang='lat' dir='ltr'>nihil</span> <span class='ocrx_word' id='word_1_182' title='bbox 920 1731 1077 1767; x_wconf 83' lang='lat' dir='ltr'>usquam</span> <span class='ocrx_word' id='word_1_183' title='bbox 1095 1717 1226 1755; x_wconf 80' lang='lat' dir='ltr'>auxilii</span> <span class='ocrx_word' id='word_1_184' title='bbox 1238 1721 1392 1762; x_wconf 78' lang='lat' dir='ltr'>AEmilius</span> 
     </span>
     <span class='ocr_line' id='line_1_27' title="bbox 115 1767 1385 1849; baseline 0 -30"><span class='ocrx_word' id='word_1_185' title='bbox 115 1783 398 1826; x_wconf 86' lang='lat' dir='ltr'>ostendebatur,</span> <span class='ocrx_word' id='word_1_186' title='bbox 426 1785 658 1833; x_wconf 84' lang='lat' dir='ltr'>interceptos</span> <span class='ocrx_word' id='word_1_187' title='bbox 675 1783 830 1819; x_wconf 87' lang='lat' dir='ltr'>credens</span> <span class='ocrx_word' id='word_1_188' title='bbox 849 1783 1008 1831; x_wconf 86' lang='lat' dir='ltr'>equites,</span> <span class='ocrx_word' id='word_1_189' title='bbox 1029 1795 1107 1819; x_wconf 87' lang='lat' dir='ltr'>non</span> <span class='ocrx_word' id='word_1_190' title='bbox 1128 1783 1227 1820; x_wconf 88' lang='lat' dir='ltr'>ultra</span> <span class='ocrx_word' id='word_1_191' title='bbox 1236 1767 1385 1849; x_wconf 40' lang='lat' dir='ltr'>{ssgtgzit</span> 
     </span>
     <span class='ocr_line' id='line_1_28' title="bbox 113 1846 1224 1896; baseline 0.001 -13"><span class='ocrx_word' id='word_1_192' title='bbox 113 1846 358 1883; x_wconf 87' lang='lat' dir='ltr'>differendum</span> <span class='ocrx_word' id='word_1_193' title='bbox 388 1855 506 1890; x_wconf 84' lang='lat' dir='ltr'>ratus,</span> <span class='ocrx_word' id='word_1_194' title='bbox 531 1848 622 1896; x_wconf 91' lang='lat' dir='ltr'>quin</span> <span class='ocrx_word' id='word_1_195' title='bbox 653 1860 719 1896; x_wconf 88' lang='lat' dir='ltr'>per</span> <span class='ocrx_word' id='word_1_196' title='bbox 750 1859 789 1882; x_wconf 92' lang='lat' dir='ltr'>se</span> <span class='ocrx_word' id='word_1_197' title='bbox 819 1846 1013 1882; x_wconf 87' lang='lat' dir='ltr'>fortunam</span> <span class='ocrx_word' id='word_1_198' title='bbox 1044 1854 1224 1892; x_wconf 85' lang='lat' dir='ltr'>tentaret,</span> 
     </span>
     <span class='ocr_line' id='line_1_29' title="bbox 113 1910 1228 1960; baseline 0.001 -14"><span class='ocrx_word' id='word_1_199' title='bbox 113 1912 332 1960; x_wconf 86' lang='lat' dir='ltr'>priusquam</span> <span class='ocrx_word' id='word_1_200' title='bbox 358 1912 488 1947; x_wconf 88' lang='lat' dir='ltr'>hostes</span> <span class='ocrx_word' id='word_1_201' title='bbox 518 1911 705 1953; x_wconf 83' lang='lat' dir='ltr'>venirent,</span> <span class='ocrx_word' id='word_1_202' title='bbox 728 1911 790 1960; x_wconf 86' lang='lat' dir='ltr'>qui</span> <span class='ocrx_word' id='word_1_203' title='bbox 813 1910 895 1960; x_wconf 89' lang='lat' dir='ltr'>jam</span> <span class='ocrx_word' id='word_1_204' title='bbox 926 1911 1076 1959; x_wconf 86' lang='lat' dir='ltr'>segnius</span> <span class='ocrx_word' id='word_1_205' title='bbox 1098 1924 1228 1948; x_wconf 89' lang='lat' dir='ltr'>socor-</span> 
     </span>
     <span class='ocr_line' id='line_1_30' title="bbox 115 1975 1228 2025; baseline 0.002 -15"><span class='ocrx_word' id='word_1_206' title='bbox 115 1975 272 2024; x_wconf 86' lang='lat' dir='ltr'>diusque</span> <span class='ocrx_word' id='word_1_207' title='bbox 301 1975 589 2025; x_wconf 85' lang='lat' dir='ltr'>obpugnabant,</span> <span class='ocrx_word' id='word_1_208' title='bbox 611 1975 658 2011; x_wconf 89' lang='lat' dir='ltr'>ad</span> <span class='ocrx_word' id='word_1_209' title='bbox 687 1982 851 2023; x_wconf 83' lang='lat' dir='ltr'>quatuor</span> <span class='ocrx_word' id='word_1_210' title='bbox 871 1982 999 2024; x_wconf 83' lang='lat' dir='ltr'>portas</span> <span class='ocrx_word' id='word_1_211' title='bbox 1021 1977 1228 2012; x_wconf 86' lang='lat' dir='ltr'>exercitum</span> 
     </span>
     <span class='ocr_line' id='line_1_31' title="bbox 111 2038 1228 2088; baseline 0.001 -14"><span class='ocrx_word' id='word_1_212' title='bbox 111 2040 308 2081; x_wconf 85' lang='lat' dir='ltr'>instruxit,</span> <span class='ocrx_word' id='word_1_213' title='bbox 330 2046 385 2082; x_wconf 86' lang='lat' dir='ltr'>ut,</span> <span class='ocrx_word' id='word_1_214' title='bbox 407 2040 518 2088; x_wconf 84' lang='lat' dir='ltr'>signo</span> <span class='ocrx_word' id='word_1_215' title='bbox 537 2039 644 2081; x_wconf 86' lang='lat' dir='ltr'>dato,</span> <span class='ocrx_word' id='word_1_216' title='bbox 662 2038 775 2074; x_wconf 89' lang='lat' dir='ltr'>simul</span> <span class='ocrx_word' id='word_1_217' title='bbox 795 2052 841 2075; x_wconf 91' lang='lat' dir='ltr'>ex</span> <span class='ocrx_word' id='word_1_218' title='bbox 860 2039 1037 2075; x_wconf 87' lang='lat' dir='ltr'>omnibus</span> <span class='ocrx_word' id='word_1_219' title='bbox 1057 2039 1228 2088; x_wconf 90' lang='lat' dir='ltr'>partibus</span> 
     </span>
     <span class='ocr_line' id='line_1_32' title="bbox 115 2103 1228 2152; baseline 0.002 -14"><span class='ocrx_word' id='word_1_220' title='bbox 115 2103 351 2152; x_wconf 88' lang='lat' dir='ltr'>eruptionem</span> <span class='ocrx_word' id='word_1_221' title='bbox 381 2103 562 2140; x_wconf 67' lang='lat' dir='ltr'>facerent.</span> <span class='ocrx_word' id='word_1_222' title='bbox 620 2104 798 2143; x_wconf 80' lang='lat' dir='ltr'>Quatuor</span> <span class='ocrx_word' id='word_1_223' title='bbox 827 2103 1135 2139; x_wconf 82' lang='lat' dir='ltr'>extraordinariis</span> <span class='ocrx_word' id='word_1_224' title='bbox 1163 2116 1228 2140; x_wconf 91' lang='lat' dir='ltr'>co-</span> 
     </span>
     <span class='ocr_line' id='line_1_33' title="bbox 115 2165 1230 2217; baseline 0.002 -17"><span class='ocrx_word' id='word_1_225' title='bbox 115 2165 289 2201; x_wconf 84' lang='lat' dir='ltr'>hortibus</span> <span class='ocrx_word' id='word_1_226' title='bbox 327 2166 418 2207; x_wconf 80' lang='lat' dir='ltr'>duas</span> <span class='ocrx_word' id='word_1_227' title='bbox 453 2166 642 2217; x_wconf 86' lang='lat' dir='ltr'>adjunxit,</span> <span class='ocrx_word' id='word_1_228' title='bbox 676 2168 882 2217; x_wconf 78' lang='lat' dir='ltr'>praeposito</span> <span class='ocrx_word' id='word_1_229' title='bbox 915 2166 972 2203; x_wconf 88' lang='lat' dir='ltr'>M.</span> <span class='ocrx_word' id='word_1_230' title='bbox 992 2166 1145 2203; x_wconf 85' lang='lat' dir='ltr'>Valerio</span> <span class='ocrx_word' id='word_1_231' title='bbox 1175 2167 1230 2202; x_wconf 91' lang='lat' dir='ltr'>le-</span> 
     </span>
     <span class='ocr_line' id='line_1_34' title="bbox 114 2229 1230 2280; baseline 0.002 -17"><span class='ocrx_word' id='word_1_232' title='bbox 114 2234 232 2277; x_wconf 65' lang='lat' dir='ltr'>gato,</span> <span class='ocrx_word' id='word_1_233' title='bbox 278 2241 472 2279; x_wconf 87' lang='lat' dir='ltr'>erumpere</span> <span class='ocrx_word' id='word_1_234' title='bbox 517 2231 820 2277; x_wconf 75' lang='lat' dir='ltr'>extraordinaria</span> <span class='ocrx_word' id='word_1_235' title='bbox 856 2237 968 2280; x_wconf 90' lang='lat' dir='ltr'>porta</span> <span class='ocrx_word' id='word_1_236' title='bbox 997 2229 1137 2280; x_wconf 83' lang='lat' dir='ltr'>jussit:</span> <span class='ocrx_word' id='word_1_237' title='bbox 1183 2230 1230 2265; x_wconf 90' lang='lat' dir='ltr'>ad</span> 
     </span>
     <span class='ocr_line' id='line_1_35' title="bbox 115 2291 1230 2344; baseline 0.001 -17"><span class='ocrx_word' id='word_1_238' title='bbox 115 2291 308 2335; x_wconf 78' lang='lat' dir='ltr'>dexteram</span> <span class='ocrx_word' id='word_1_239' title='bbox 338 2293 586 2344; x_wconf 89' lang='lat' dir='ltr'>principalem</span> <span class='ocrx_word' id='word_1_240' title='bbox 618 2294 790 2330; x_wconf 79' lang='lat' dir='ltr'>hastatos</span> <span class='ocrx_word' id='word_1_241' title='bbox 820 2293 981 2343; x_wconf 88' lang='lat' dir='ltr'>legionis</span> <span class='ocrx_word' id='word_1_242' title='bbox 1015 2294 1144 2344; x_wconf 84' lang='lat' dir='ltr'>primae</span> <span class='ocrx_word' id='word_1_243' title='bbox 1173 2293 1230 2329; x_wconf 80' lang='lat' dir='ltr'>in=</span> 
     </span>
    </p>
   </div>
   <div class='ocr_carea' id='block_1_4' title="bbox 626 2357 712 2395">
    <p class='ocr_par' dir='ltr' id='par_1_5' title="bbox 626 2357 712 2395">
     <span class='ocr_line' id='line_1_36' title="bbox 626 2357 712 2395; baseline 0 -1"><span class='ocrx_word' id='word_1_244' title='bbox 626 2357 672 2395; x_wconf 89' lang='lat' dir='ltr'><strong>M</strong></span> <span class='ocrx_word' id='word_1_245' title='bbox 691 2358 712 2394; x_wconf 84' lang='lat'>5</span> 
     </span>
    </p>
   </div>
  </div>
 </body>
</html>
