1546 2648
235 174 390 204 mann
412 171 595 202 xxmx.
628 170 735 201 cAP.
757 171 986 202 xxxv111.
1083 169 1159 217 197

58 279 128 310 vos,
151 267 320 311 Romani,
341 272 389 310 et,
405 268 436 303 si
454 268 507 303 ita
524 266 644 308 vultis,
660 267 770 302 etiam
791 266 979 301 timemus:
1005 266 1068 302 sed
1083 267 1166 314 plus
1175 269 1220 302 U.
1233 268 1270 300 C.
1285 273 1358 301 56⁸.

54 335 90 367 et
116 343 277 368 veremur
308 337 342 368 et
371 333 534 367 timemus
565 332 667 367 Deos
697 331 917 366 inmortales.
974 329 1070 371 Cum
1101 313 1358 367 ad-A'C‘¹⁸4'

53 406 166 431 sensu
190 396 362 432 maximae
382 395 499 445 partis
520 401 576 431 est
596 394 760 437 auditus,
783 399 821 430 et
840 393 1009 430 locutum
1033 407 1164 431 omnes

54 469 124 508 pro
149 457 347 509 majestate
369 459 613 507 magistratus
638 457 868 495 censebant:
900 464 943 493 ut
968 457 1080 494 facile
1099 459 1165 494 ad-

55 528 216 571 pareret,
255 523 420 559 molliter
456 522 604 572 agendo
641 522 865 571 dignitatem
903 533 1010 557 suam
1036 528 1167 559 tenere

53 584 251 623 Romanos
269 600 345 623 non
365 599 488 637 posse.
546 586 646 622 Tum
666 586 827 636 AppiuS,
844 586 995 621 suadere
1011 598 1047 622 se
1067 599 1168 635 mag-

52 662 182 698 nopere
197 652 350 694 Achaeis,
372 651 481 694 dixit,
504 656 558 695 ut,
581 653 666 688 dum
684 651 807 687 liceret
824 650 1009 686 voluntate
1024 650 1170 700 suasa-

56 728 146 759 cere‚
164 719 325 765 gratiam
352 718 495 759 inirent,
516 729 560 753 ne
583 729 664 752 mox
681 717 787 752 inviti
805 720 841 752 et
856 718 970 752 coacti
988 715 1171 766 facerent.

57 779 153 817 Haec
182 795 257 818 vox
285 782 414 818 audita
443 782 593 830 quidem
623 794 709 817 cum
739 781 908 817 omnium
935 781 1078 829 gemitu
1099 788 1170 825 est,

57 845 122 880 sed
142 852 282 882 metum
303 845 434 895 injecit
453 847 638 896 imperata
662 845 882 881 recusandi:
914 845 952 881 id
973 845 1086 881 modo
1106 857 1172 895 pe-

56 908 211 952 tierunt,
232 915 274 946 ut
294 910 465 952 Romani,
487 922 565 958 quoe
589 911 809 951 viderentur,
831 911 874 945 de
893 909 1175 946 Lacedaemoniis

56 978 252 1018 mutarent,
275 987 338 1011 nec
356 974 504 1010 Achaeos
523 975 695 1022 religione
714 975 970 1022 obstringerent
988 976 1097 1010 irrita
1115 986 1172 1017 ea,

58 1050 135 1086 quae
153 1037 395 1086 jurejurando
418 1041 628 1082 sanxissent,
650 1038 846 1087 faciendi:
875 1038 1068 1074 damnatio
1086 1044 1174 1074 tan-

58 1108 140 1138 tum
168 1104 260 1140 Arei
288 1111 327 1140 et
354 1104 579 1149 Alcibiadis,
600 1117 683 1155 quae
709 1116 830 1155 nuper
848 1103 950 1140 facta
969 1109 1063 1147 erat,
1085 1102 1174 1140 sub-

59 1165 138 1211 lata
154 1174 222 1206 est.

113 1231 354 1270 XXXVIII.
383 1233 520 1270 Romae
546 1233 735 1284 principio
758 1231 838 1283 ejus
868 1233 973 1276 anni,
995 1246 1110 1282 quum
1130 1232 1176 1269 de

59 1296 263 1346 provinciis
291 1298 490 1334 consulum
511 1304 549 1334 et
577 1304 784 1348 praetorum
804 1304 931 1334 actum
950 1304 1062 1341 esset,
1084 1310 1176 1334 con-

60 1358 203 1396 sulibus
223 1360 398 1411 Ligures,
416 1362 504 1411 quia
520 1361 662 1397 bellum
681 1374 869 1410 nusquam
889 1361 979 1397 alibi
1000 1368 1094 1404 erat,
1113 1362 1177 1398 de-

61 1425 167 1462 creti,
222 1426 425 1470 Praetores,
458 1427 500 1462 C.
521 1426 717 1462 Decimius
747 1425 884 1463 Flavus
914 1425 1112 1469 urbanam,
1132 1426 1177 1463 P.

64 1487 263 1525 Cornelius
291 1490 482 1538 Cethegus
503 1490 603 1534 inter
623 1491 722 1526 cives
743 1496 781 1526 et
811 1490 1031 1540 peregrinos
1053 1490 1180 1526 sortiti

65 1560 177 1598 sunt3
216 1554 259 1590 C.
281 1554 527 1604 Sempronius
559 1554 703 1591 Blaesus
734 1555 916 1598 Siciliam,
954 1556 1003 1594 Q.
1022 1555 1179 1591 Naevius

66 1616 206 1654 Matho
226 1619 452 1662 Sardiniam,
469 1625 507 1655 et
527 1625 569 1655 ut
587 1619 688 1656 idem
708 1620 753 1656 de
772 1619 961 1656 veneficiis
982 1624 1180 1668 quaereret,

66 1682 114 1718 A.
135 1681 336 1719 Terentius
357 1683 479 1720 Varro
509 1683 739 1734 Hispaniam
760 1684 989 1727 citeriorem,
1011 1683 1054 1720 P.
1076 1683 1183 1720 Sem-

67 1746 223 1796 pronius
242 1746 401 1796 Longus
422 1747 653 1797 Hispaniam
674 1748 906 1785 ulteriorem.
948 1747 1009 1783 De
1029 1748 1073 1783 iis
1091 1748 1183 1784 dua-

65 1810 136 1847 bus
165 1813 369 1861 provinciis
398 1812 513 1862 legati
532 1826 600 1862 per
627 1813 663 1848 id
682 1812 762 1848 fere
790 1818 954 1862 tempus,
974 1811 1021 1849 L.
1041 1812 1066 1849 J
1070 1825 1185 1849 uven-

70 1875 146 1911 tius
165 1875 317 1912 Thalna
336 1882 374 1912 et
391 1876 438 1913 T.
459 1876 692 1915 Quinctilius
716 1876 850 1920 Varus,
870 1882 1074 1913 venerunt:
1108 1877 1186 1926 qui,

69 1947 255 1988 quantum
273 1939 415 1977 bellum
440 1940 523 1992 jam
542 1941 787 1992 profligatum
806 1942 846 1976 in
867 1940 1057 1991 Hispania
1074 1947 1186 1984 esset,

72 2010 208 2040 senatu
237 2005 389 2048 edocto,
409 2005 652 2056 postularunt
681 2004 806 2049 simul,
828 2011 870 2041 ut
888 2017 958 2055 pro
977 2005 1088 2041 rebus
1109 2011 1187 2041 tam

71 2080 251 2118 prospere
281 2070 396 2118 gestis
426 2070 512 2107 Diis
533 2070 797 2107 inmortalibus
826 2069 1030 2106 haberetur
1048 2070 1188 2113 honos,

75 2136 115 2165 et
133 2137 174 2166 ut
193 2133 420 2181 praetoribus
441 2132 648 2175 exercitum
669 2134 869 2184 deportare
891 2133 1034 2170 liceret.
1092 2134 1190 2184 Sup-

74 2193 231 2244 plicatio
259 2196 299 2236 in
326 2197 484 2234 biduum
512 2199 665 2235 decreta
692 2204 776 2235 est:
810 2198 856 2234 de
883 2197 1101 2246 legionibus
1126 2197 1191 2234 de-

76 2258 289 2308 portandis,
309 2272 423 2309 quum
453 2263 497 2299 de
526 2262 726 2299 consulum
745 2268 1026 2312 praetorumque
1047 2262 1192 2298 exerci-

35 2316 39 2318 ’
78 2321 182 2358 tibus
199 2330 386 2372 ageretur,
402 2338 480 2363 rem
495 2327 684 2374 integram
698 2326 828 2363 referri
841 2325 1052 2377 jusserunt.
1091 2325 1192 2362 Pau-

594 2390 677 2427 K3
