1546 2648
278 154 363 209 536
733 167 762 194 'r
802 167 936 196 mvn

84 255 129 287 U.
142 253 417 292 c.⁵s⁵.latum:
450 246 663 305 quod'quia
682 255 781 292 unde
810 256 929 305 redigi
960 256 1141 306 potuerit,
1161 269 1238 292 non
1269 255 1384 306 adpa·

84 300 126 331 A.
138 299 175 330 C.
191 307 264 338 167.

84 351 221 385 Gentius

277 318 398 362 rebat,
432 325 624 355 auctorem
657 331 726 369 pro
754 331 794 356 re
823 320 944 369 posui.
1002 317 1084 355 Rex
1113 319 1273 356 Gentius
1299 332 1385 356 cum

85 403 164 426 cum
178 398 244 427 suis
276 381 418 425 liberis,
441 389 477 419 et
497 381 673 433 conjuge,
695 389 732 419 et
751 383 867 419 fratre
885 382 1095 433 Spoletium
1114 384 1151 419 in
1174 383 1385 419 custodiam

84 437 263 486 Spoletium
277 457 323 481 ex
352 445 684 483 senatusconsulto
715 447 862 489 ductus,
884 447 998 482 ceteri
1028 447 1165 495 captivi
1195 445 1330 481 Romae
1349 446 1388 480 in

83 489 215 519 missus,

82 529 153 554 mm
172 525 245 565 Igu·
277 521 463 546 carcerem
484 509 648 560 conjecti
667 525 674 547 :
707 510 1042 558 recusantibusque
1061 510 1272 546 custodiam
1289 509 1386 559 Spo-

82 566 186 598 vium.

275 572 417 618 Ietinis,
454 574 680 622 Igiturvium
713 585 818 622 reges
854 573 1031 609 traducti.
1099 573 1303 621 Reliquum
1338 585 1385 608 ex

277 636 431 687 Illyrico
468 638 603 688 praedae
647 637 800 673 ducenti
835 637 972 686 viginti
1009 637 1123 674 lembi
1159 642 1290 681 erant3
1340 637 1386 672 de

276 701 420 738 Gentio
449 714 538 750 rege
567 708 698 751 captos
729 713 793 737 eos
825 701 1049 751 Corcyraeis,
1071 707 1108 737 et
1127 699 1383 751 Apolloniati-

273 764 360 808 bus,
388 772 426 801 et
451 765 701 816 Dyrrachinis
729 765 778 805 Q.
800 765 952 801 Cassius
979 777 1023 800 ex
1054 762 1385 800 senatusconsulto

275 828 422 866 tribuit.
1062 865 1071 873 ,

329 893 477 930 XLIV.
508 893 693 931 Consules
714 907 759 931 eo
779 906 894 937 anno,
915 905 1008 942 agro
1027 898 1177 928 tantum
1195 891 1382 941 Ligurum

274 957 473 1008 populato,
493 971 608 1008 quum
628 960 757 996 hostes
780 959 965 995 exercitus
994 969 1201 1006 numquam
1232 956 1383 993 eduxis-

275 1027 374 1066 sent,
395 1021 499 1059 nulla
519 1036 558 1059 re
578 1023 813 1060 memorabili
839 1029 958 1071 gesta,
979 1021 1144 1057 Romam
1168 1021 1215 1057 ad
1244 1021 1385 1070 magis-

273 1090 396 1123 tratus
434 1086 694 1136 subrogandos
724 1086 942 1131 redierunt3
975 1092 1014 1121 et
1042 1085 1167 1135 primo
1202 1083 1385 1120 comitiali

275 1149 335 1186 die
361 1149 534 1187 consules
567 1157 741 1188 crearunt
772 1149 830 1187 M.
852 1149 1051 1186 Claudium
1069 1148 1309 1192 Marcellum,
1339 1148 1384 1185 C.

274 1212 484 1264 Sulpicium
517 1213 682 1251 Gallum.
747 1213 898 1250 Deinde
933 1214 1113 1263 praetores
1141 1219 1296 1263 postero
1324 1212 1385 1248 die

273 1275 321 1313 L.
340 1276 366 1313 J
369 1277 499 1321 ulium,
531 1277 577 1314 L.
592 1277 822 1329 Appuleium
842 1277 1103 1321 Saturninum,
1122 1278 1169 1314 A.
1189 1275 1382 1314 Licinium

272 1339 456 1386 Nervam,
486 1341 530 1380 P.
556 1341 746 1379 Rutilium
773 1342 945 1386 Calvum,
972 1342 1016 1379 P.
1036 1341 1287 1382 Quinctilium
1306 1339 1385 1376 Va-

275 1415 377 1449 rum,
404 1406 463 1443 M.
483 1406 699 1443 Fonteium.
755 1406 829 1443 His
862 1406 1087 1456 praetoribus
1120 1407 1202 1443 duae
1231 1404 1385 1441 urbanae

274 1470 478 1519 provinciae
511 1477 600 1507 sunt
629 1471 802 1515 decretae,
836 1471 918 1508 duae
948 1471 1161 1522 Hispaniae,
1193 1468 1321 1506 Sicilia
1340 1480 1385 1505 ac

275 1533 459 1572 Sardinia.
516 1534 788 1572 Intercalatum
825 1549 871 1572 eo
908 1549 1033 1572 anno:
1076 1534 1257 1586 postridie
1288 1532 1383 1569 Ter-

273 1597 429 1634 minalia
446 1598 687 1635 intercalares
706 1599 875 1638 fuerunt.
919 1600 1055 1648 Augur
1076 1611 1123 1635 eo
1153 1609 1254 1634 anno
1281 1608 1383 1633 mor-

272 1665 365 1697 tuus
381 1667 438 1698 est
457 1661 501 1699 C.
522 1661 724 1699 Claudius:
756 1664 794 1699 in
821 1662 901 1713 ejus
934 1662 1059 1699 locum
1093 1673 1253 1710 augures
1281 1660 1385 1709 lege-

273 1731 363 1761 runt
377 1725 423 1762 T.
435 1726 659 1765 Quin'ctium
671 1726 927 1764 Flamininum
943 1743 950 1764 :
974 1734 1012 1764 et
1025 1727 1162 1764 flamen
1175 1723 1384 1765 Quirinalis

74 1795 197 1827 Prusias
210 1796 446 1827 rexmortuus
476 1791 525 1829 Q.
545 1790 685 1828 Fabius
715 1791 858 1828 Pictor.
913 1792 974 1828 Eo
1005 1804 1107 1828 anno
1136 1802 1201 1826 rex
1231 1788 1381 1825 Prusias

78 1840 219 1870 Romam

79 1883 175 1912 venit.

274 1853 378 1890 venit
402 1852 567 1890 Romam
597 1867 682 1890 cum
709 1854 788 1891 filio
807 1855 1028 1891 Nicomede.
1084 1853 1137 1896 Is,
1158 1864 1298 1900 magno
1317 1863 1383 1886 co-

274 1917 411 1953 mitatu
431 1917 561 1954 urbem
581 1918 786 1967 ingressus,
818 1919 865 1955 ad
883 1919 1008 1955 forum
1027 1932 1048 1955 a
1068 1924 1179 1968 porta
1196 1913 1384 1952 tribunal-

274 1992 347 2029 que
365 1980 416 2019 Q.
437 1980 559 2017 Cassii
577 1983 750 2031 praetoris
769 1983 935 2032 perrexit
953 1999 960 2019 :
994 1991 1253 2028 concursuque
1272 1977 1382 2014 undi-

273 2056 347 2092 que
365 2044 483 2088 facto,
504 2045 617 2088 Deos,
635 2047 696 2094 qui
717 2046 837 2082 urbem
858 2047 1011 2082 Romam
1043 2045 1250 2086 incolerent,
1278 2053 1382 2078 sena-

274 2111 418 2154 tumque
437 2112 472 2143 et
497 2109 669 2156 populum
691 2109 894 2146 Romanum
924 2111 1121 2146 salutatum
1148 2119 1184 2143 se
1207 2106 1303 2142 dixit
1322 2116 1382 2141 ve-

271 2173 388 2207 nisse:
416 2176 452 2207 et
477 2173 715 2220 gratulatum,
737 2176 831 2222 quod
856 2175 990 2211 Persea
1025 2174 1258 2220 Gentiumque
1286 2180 1386 2216 reges

269 2232 453 2279 vicissent,·
482 2235 802 2285 Macedonibusque
828 2243 862 2274 et
888 2239 1025 2286 Illyriis
1050 2239 1085 2274 in
1113 2237 1281 2273 ditionem
1299 2233 1380 2268 red-

272 2300 375 2342 actis,
406 2301 582 2337 auxissent
611 2302 810 2349 imperium.
882 2302 1013 2341 Quum
1041 2306 1181 2352 praetor
1212 2302 1385 2334 senatum

1512 242 1525 378 2⁶..-··'—‘·9⁶
1511 157 1524 229 5*ss
1512 9 1524 142 m-<

1505 1127 1526 1246 *>„2.!-5
