1546 2648
138 244 229 276 uc.
248 251 322 283 ⁵70-

138 288 180 320 A.
192 287 230 320 C.
250 296 322 322 182.

329 143 412 186 226
492 132 496 139 ⁸
682 183 684 187 ,
785 154 987 184 Τ.ιινιι

331 249 525 293 tamquam
556 242 603 280 de
629 256 748 294 regno
776 244 1031 288 dimicaretur,
1064 243 1119 280 ita
1151 252 1436 288 concurrerunt,

332 307 525 357 multaque
544 308 697 345 vulnera
716 309 869 346 sudibus
888 309 1013 354 facta,
1046 314 1277 358 necpraeter
1294 307 1438 346 ferrum

331 371 534 420 quidquam
552 371 672 408 defuit
691 372 736 408 ad
754 370 901 420 justam
919 371 1007 409 belli
1035 372 1209 422 speciem.
1266 371 1358 412 Pars
1378 383 1438 415 ea,

330 447 413 483 quae
426 434 494 470 sub
508 434 713 473 Demetr'm
724 442 818 478 erat,
839 435 959 484 longe
972 436 1142 485 superior
1156 435 1229 471 fuit
1244 450 1251 470 :
1284 435 1321 471 id
1341 447 1439 484 segre

330 499 499 549 patiente
518 499 670 541 Perseo,
701 499 818 536 laetari
848 500 1049 549 prudentes
1080 499 1190 535 amici
1219 498 1314 549 ejus,
1336 511 1437 535 eam-

330 574 403 611 que
418 576 496 599 rem
515 564 637 612 ipsam
651 564 774 601 dicere
789 563 1032 614 praebituram
1049 575 1217 609 caussam
1235 563 1438 603 criminan-

330 626 364 664 di
378 625 544 676 juvenis.

381 690 474 727 VII.
505 690 728 726 Convivium
747 703 792 726 eo
809 690 866 725 die
887 690 1087 733 sodalium,
1099 690 1165 739 qui
1182 690 1439 726 simuldecur-

328 761 470 798 rerant,
491 762 648 804 uterque
669 754 817 796 habuit,
840 767 954 804 quum
973 760 1130 790 vocatus
1158 754 1205 790 ad
1224 767 1371 790 coenam
1390 753 1439 790 ab

328 818 527 856 Demetrio
546 819 704 855 Perseus
724 826 909 868 negasset.
966 818 1081 855 Festo
1100 820 1159 855 die
1177 819 1354 855 invitatio
1372 818 1439 856 be-

329 883 447 932 nigna
466 890 504 920 et
516 883 686 920 hilaritas
700 882 890 932 juvenalis
909 890 1087 932 utrosque
1107 884 1145 919 in
1161 884 1290 918 vinum
1309 883 1438 919 traxit.

330 948 653 985 Commemoratio
674 948 724 985 ibi
745 949 959 985 certaminis
979 948 1114 984 ludicri
1130 954 1167 984 et
1180 947 1320 997 jocosa
1337 948 1439 984 dicta

328 1014 368 1049 in
388 1013 632 1056 adversarios,
654 1013 707 1048 ita
724 1020 765 1048 ut
786 1025 833 1048 ne
860 1013 950 1062 ipsis
971 1012 1123 1060 quidem
1143 1011 1300 1048 ducibus
1320 1011 1438 1048 absti-

327 1084 494 1120 neretur,
507 1077 767 1127 jactabantur.
810 1077 869 1112 Ad
889 1077 957 1112 has
977 1076 1215 1125 excipiendas
1231 1088 1338 1112 voces
1354 1089 1440 1125 spe-

330 1141 475 1177 culator
495 1154 539 1176 ex
574 1141 740 1177 convivis
766 1141 895 1176 Persei
924 1141 1072 1182 missus,
1103 1153 1219 1188 quum
1251 1141 1441 1176 incautior

328 1204 605 1246 obversaretur,
643 1212 822 1254 exceptus
859 1217 881 1240 a
911 1203 1117 1253 juvenibus
1141 1202 1241 1238 forte
1272 1202 1441 1239 triclinio

329 1269 504 1317 egressis,
524 1268 623 1304 male
639 1268 837 1305 mulcatur.
895 1266 1023 1317 Hujus
1044 1268 1098 1303 rei
1117 1267 1269 1315 ignarus
1297 1266 1439 1303 Deme-

328 1333 438 1375 ttius,
458 1333 543 1380 quin
570 1334 809 1374 comissatum,
830 1331 967 1379 inquit,
998 1332 1044 1366 acl
1061 1330 1226 1378 fratrem
1254 1331 1379 1366 imus?
1406 1336 1442 1368 et

328 1399 421 1432 iram
449 1394 536 1442 ejus,
555 1397 586 1432 si.
605 1409 675 1444 qua
703 1408 745 1432 ex
762 1398 954 1432 certamine
981 1396 1125 1437 residet,
1153 1395 1385 1442 simplicitate
1404 1399 1439 1431 et

330 1461 514 1497 hilaritate
525 1465 645 1496 nostra
661 1461 809 1496 lenimus
822 1461 843 1495 ,9
861 1458 1002 1495 Omnes
1016 1471 1055 1494 se
1071 1459 1123 1494 ire
1139 1457 1438 1501 conclamarunt,

328 1531 464 1575 praeter
483 1536 562 1567 eos,
583 1524 647 1572 qui
666 1522 911 1573 speculatoris
931 1522 978 1559 ab
995 1535 1035 1558 se
1054 1521 1190 1572 pulsati
1212 1528 1437 1571 praeseutem

329 1587 512 1624 ultionem
535 1586 782 1622 metuebant:
815 1598 929 1634 quum
957 1597 1021 1622 eos
1041 1597 1191 1634 quoque
1219 1584 1440 1622 Demetrius

327 1652 507 1694 traheret,
527 1650 670 1687 ferrum
699 1658 801 1687 veste
823 1649 1062 1692 abdiderunt,
1092 1662 1168 1698 quo
1187 1661 1226 1685 se
1256 1650 1385 1693 tutari,
1405 1650 1438 1686 si

327 1729 401 1765 qua
421 1717 474 1751 vis
494 1716 612 1759 fieret,
634 1723 800 1765 possent.
856 1714 966 1751 Nihil
995 1713 1134 1750 occulti
1154 1726 1234 1750 esse
1261 1714 1299 1748 in
1318 1714 1436 1752 intes„

326 1781 407 1816 tina
426 1780 613 1817 discordia
640 1785 788 1830 potest:
822 1786 980 1828 utraque
999 1778 1131 1814 domus
1156 1776 1437 1826 speculatorum

327 1851 366 1880 ct
394 1844 630 1894 proditorum
663 1843 775 1893 plena
810 1850 902 1879 erat.
959 1842 1210 1879 Praecucurrit
1244 1841 1357 1877 iudex
1387 1842 1437 1879 ad

326 1908 477 1951 Persea,
507 1907 607 1944 ferro
645 1907 863 1943 subcinctos
898 1906 1081 1942 nuncians
1119 1917 1203 1940 cum
1237 1903 1435 1942 Demetrio

326 1980 490 2022 quatuor
508 1971 765 2008 adolescentes
784 1971 935 2007 venire:
968 1970 1037 2005 etsi
1058 1981 1192 2005 caussa
1212 1968 1435 2017 adparebat,

330 2041 434 2082 (nam
454 2035 501 2071 ab
520 2035 566 2070 iis
595 2034 786 2085 pulsatum
814 2034 1011 2070 convivam
1039 2045 1148 2069 suum
1167 2031 1354 2077 audierat)
1376 2039 1434 2068 ta-

326 2111 427 2142 men,
446 2098 673 2136 infamandae
699 2099 751 2135 rei
771 2110 917 2141 caussa,
931 2097 1091 2147 januam
1110 2095 1274 2132 obserari
1295 2093 1431 2145 jubet:

326 2169 364 2198 ct
383 2174 428 2198 ex
449 2167 553 2211 parte
572 2162 766 2213 superiore
795 2162 945 2203 aedium,
967 2160 1156 2208 versisque
1187 2159 1224 2194 in
1251 2159 1349 2195 viam
1377 2158 1434 2196 fe-

325 2226 475 2270 nestris,
517 2227 797 2270 comissatores,
827 2231 1021 2275 tamquam
1063 2223 1109 2261 ad
1150 2222 1289 2261 caedem
1316 2234 1434 2275 'suam
