1546 2648
409 123 563 154 LIBER
586 122 705 151 XLV.
738 120 844 150 CAP.
867 121 1008 150 XLIV.
1177 116 1259 163 537

149 215 198 258 ei,
219 216 249 251 si
269 213 372 258 velit,
401 227 447 251 eo
467 214 526 250 die
546 213 720 250 daturum
740 211 920 257 dixisset3
951 210 1106 246 biduum
1134 209 1258 259 petiit,
1272 214 1314 245 U.
1328 214 1365 245 C.
1381 221 1457 267 5s5.

150 291 226 328 quo
246 278 385 329 templa
404 278 531 315 Deum
551 277 756 326 urbemque
783 282 820 312 et
845 275 1014 325 hospites
1044 274 1260 323 amicosque
1271 259 1311 290 Α·
1329 257 1366 288 c·
1381 264 1455 292 107·

147 343 296 379 viseret.
353 342 492 384 Datus,
512 342 576 390 qui
596 340 893 377 circumduceret
922 351 1021 381 eum,
1048 338 1093 375 L.
1116 337 1260 375 Corne·

148 405 220 442 lius
257 406 385 455 Scipio
419 412 610 454 quaestor3
657 404 721 452 qui
759 409 797 439 et
831 402 1000 452 Capuam
1038 402 1072 438 ei
1109 401 1260 438 obviam

147 471 282 505 missus
302 469 450 514 fuerat5
483 475 520 504 et
541 469 650 511 aedes,
681 481 763 517 qnae
783 468 906 517 ipsum
927 467 1159 515 comitesque
1179 466 1259 517 ejus

148 532 312 582 benigne
332 533 556 583 reciperent,
581 532 792 568 conductae.
849 531 883 567 T
887 530 983 567 ertio
1005 538 1093 580 post
1122 531 1182 567 die
1201 543 1259 567 se-

145 605 278 634 natum
307 598 410 641 adit;
443 596 654 646 gratulatus
682 597 881 633 victoriam
912 602 993 640 est3
1026 596 1162 631 merita
1191 608 1260 632 sua

145 660 186 698 in
216 673 260 697 eo
293 661 394 697 bello
425 661 758 706 commemoravit3
791 661 916 710 petiit,
955 661 1004 696 Ut
1037 664 1159 696 votum
1194 660 1259 696 sibi

144 727 290 767 solvere,
312 726 432 762 Romae
460 728 497 762 in
519 726 697 774 Capitolio
722 726 842 761 decem
873 721 1025 770 majores
1050 724 1195 767 hostias,
1225 729 1260 760 et

145 790 328 825 Proeneste
348 803 456 826 unam
475 791 651 831 Fortunae,
674 792 796 826 liceret
809 805 821 825 .·
849 801 890 825 ea
910 794 994 825 vota
1020 801 1088 837 pro
1107 790 1258 825 victoria

141 854 270 901 populi
290 854 447 890 Romani
471 866 553 889 esse.
610 855 663 889 Et
690 859 731 890 ut
748 855 897 890 societas
925 866 1040 890 secum
1072 865 1259 890 renovare-

147 922 206 953 tur
216 934 229 961 ;
249 930 404 966 agerque
425 919 504 960 sibi,
525 919 570 954 (le
588 930 671 966 rege
688 919 866 954 Antiocho
886 923 1023 967 coptus,
1045 930 1145 966 quem
1166 919 1261 954 nulli

147 983 270 1018 datum
305 995 328 1018 α
360 983 497 1030 populo
518 983 682 1018 Romano
708 984 808 1019 Galli
834 985 1065 1031 possiderent,
1097 984 1256 1019 claretur.

146 1045 283 1082 Filium
305 1055 498 1096 postremo
517 1047 766 1092 Nicomedem
790 1047 938 1083 senatui
967 1047 1258 1084 commendavit.

146 1109 343 1153 Omnium,
378 1111 442 1159 qui
476 1111 515 1146 in
544 1109 772 1146 Macedonia
811 1111 1058 1160 imperatores
1091 1110 1257 1153 fuerant,

146 1175 275 1211 favore
311 1182 368 1211 est
400 1174 564 1225 adjutus.
628 1175 763 1223 ltaque
796 1182 935 1218 cetera,
974 1188 1056 1224 quae
1089 1175 1257 1225 petebat,

146 1251 347 1275 concessa:
380 1239 426 1275 de
455 1251 548 1287 agro
574 1251 795 1288 responsum
826 1246 897 1282 est,
923 1239 1080 1287 Legatos
1107 1241 1157 1276 ad
1184 1252 1259 1276 rem

144 1305 399 1351 inspiciendam
419 1306 597 1339 missuros.
654 1303 696 1339 Si
722 1315 808 1350 ager
831 1305 960 1351 populi
979 1303 1138 1340 Romani
1154 1304 1257 1352 fuis-

140 1372 208 1409 set,
239 1380 302 1403 nec
334 1369 498 1416 cuiquam
529 1368 634 1403 datus
670 1372 770 1410 esset,
806 1368 1054 1414 dignissimum
1089 1380 1129 1403 eo
1165 1369 1256 1404 dono

145 1432 315 1468 Prusiam
334 1432 515 1468 habituros
534 1443 616 1468 esse.
673 1432 717 1467 Si
735 1437 854 1468 autem
874 1432 1045 1469 Antiochi
1065 1445 1136 1469 non
1153 1432 1255 1481 fuis-

143 1501 208 1539 set,
239 1509 278 1532 eo
309 1509 352 1533 ne
375 1497 503 1545 populi
535 1497 676 1544 quidem
702 1496 859 1532 Romani
877 1495 1027 1545 factum
1056 1498 1256 1546 adparereg

141 1565 219 1602 aut,
242 1562 272 1596 si
302 1562 407 1596 datus
431 1561 550 1596 Gallis
580 1565 680 1601 esset,
714 1561 894 1608 ignoscere
914 1561 1084 1596 Prusiam
1117 1561 1252 1603 debere,

140 1627 172 1660 si
190 1637 231 1661 ex
249 1626 381 1661 nullius
401 1623 533 1672 injuria
553 1626 748 1673 quidquam
766 1627 799 1660 ei
818 1626 943 1661 datum
970 1626 1077 1661 vellet
1096 1626 1255 1673 populus

142 1689 336 1725 Romanus.
385 1690 442 1726 Ne
461 1690 555 1738 quod
574 1691 678 1725 detur
697 1691 850 1737 quidem,
870 1694 1015 1737 gratum
1035 1702 1104 1726 esse
1124 1691 1254 1726 donum

134 1766 250 1803 posse,
272 1755 367 1803 quod
399 1767 492 1796 eum,
527 1755 588 1802 qui
616 1756 688 1796 (let,
709 1754 768 1791 ubi
797 1755 915 1797 vellet,
949 1755 1153 1790 ablaturum
1184 1766 1254 1791 esse

135 1820 239 1855 sciat.
309 1819 430 1854 Facile
466 1818 671 1854 Nicomedis
707 1820 1047 1854 commendationem
1080 1820 1251 1867 accipere.

138 1883 286 1924 Quanta
305 1896 392 1919 cura
410 1896 533 1931 regum
553 1886 749 1920 amicorum
775 1884 899 1919 liberos
929 1889 1072 1919 tueatur
1097 1885 1251 1931 populns

137 1948 337 1989 Romanus,
359 1949 567 1983 documento
589 1948 818 1983 Ptolemaeum
838 1948 996 1995 AEgypti
1026 1959 1142 1995 regem
1167 1960 1248 1983 esse.

137 2012 235 2048 Cum
260 2012 334 2049 hoc
365 2024 547 2059 responso
567 2012 719 2048 Prusias
751 2019 809 2048 est
843 2012 1029 2048 dimissus.
1085 2011 1264 2051 Munera,

138 2075 175 2111 ei
193 2088 240 2111 ex
255 2076 280 2098 ’κ
297 2077 478 2112 sestertiis
492 2075 601 2125 jussa
617 2075 712 2117 dari,
730 2082 767 2111 et
787 2088 963 2111 vasorum
984 2083 1262 2124 argenteorum,

138 2140 268 2190 pondo
295 2141 597 2189 quiuquaginta3
630 2147 668 2175 et
694 2139 773 2176 filio
799 2140 897 2188 regis
919 2139 1120 2176 Nicomedi
1141 2152 1186 2175 ex
1207 2152 1263 2176 ea,-

137 2217 285 2240 summa
313 2217 468 2241 munera
497 2205 577 2241 dari
606 2211 847 2247 censuerunt,
878 2217 924 2241 ex
953 2217 1027 2253 qua
1054 2203 1251 2252 Masgabae

137 2266 216 2305 filio
252 2268 351 2317 regis
380 2267 594 2305 Masinissae
628 2268 716 2304 data
753 2274 904 2305 essent:
950 2273 988 2304 et
1017 2274 1057 2304 ut
1089 2267 1257 2306 victima

635 2332 760 2371 A‚a5.
