1546 2648
308 164 395 220 496
767 173 813 203 Τ.
835 173 971 205 mvn-

109 275 154 309 U.
166 275 203 309 c.
218 265 360 314 584.j21.5·
377 277 514 308 eorum,
533 265 595 313 qui
613 263 788 307 dederint,
809 275 891 301 esse.
948 263 1098 300 Sumere
1122 266 1245 314 itaque
1268 267 1419 312 eosdem,

110 321 152 352 A·
165 319 202 351 C·
219 327 288 352 ¹⁶⁸·
305 344 374 368 non
392 343 428 367 se
446 341 589 378 rogare,
610 341 750 378 aequum
768 341 853 371 esse,
873 341 986 378 neque
1005 341 1121 367 emere
1145 342 1201 374 ea,
1228 343 1270 368 ez·
1279 331 1420 380 fructi-

304 395 366 432 bus
383 396 464 444 agri
482 394 526 430 ab
542 406 579 430 se
602 394 680 430 clati
699 405 774 442 quce
796 393 845 430 ibi
866 395 1093 442 proveniant.
1151 395 1197 432 Id
1221 395 1422 433 Masinissae

302 462 392 497 satis
422 471 506 502 esse,
535 463 571 495 et
592 457 825 507 sore,‚quod
855 459 991 507 populo
1019 458 1185 496 Romano
1213 464 1422 508 superesset.

305 524 397 561 Cum
414 525 459 561 iis
477 524 661 560 mandatis
678 535 710 558 a·
723 527 830 571 patre
845 522 1051 572 profectum
1070 529 1197 572 postea
1222 529 1423 561 consecutos

303 591 449 638 equites,
470 590 532 637 qui
551 588 725 624 devictam
742 587 995 623 Macedoniam
1008 590 1233 632 nunciarent,
1251 589 1421 636 gra-tula-

304 657 451 702 tumque
466 654 607 689 senatui
621 650 788 698 juberent
811 653 986 695 indicare,
1009 657 1119 689 tantae
1137 665 1218 688 eam
1235 665 1310 689 rem
1329 654 1420 689 taeti-

304 719 364 754 tz'oe
380 719 484 770 patri
501 728 565 753 suo
585 728 669 760 esse,
689 721 732 752 ut
751 717 903 753 Romam
925 718 1044 753 venire
1063 718 1163 760 velit,
1183 717 1338 766 Jovique
1355 729 1420 765 op-

304 783 391 819 timo
411 784 569 818 maximo
587 783 626 818 in
647 781 828 830 Capitolio
852 782 1069 831 sacrg'ficare,
1091 787 1126 818 et
1146 787 1269 830 grates
1291 793 1420 830 agere.-

302 848 356 891 id,
377 848 446 883 nisi
470 847 657 883 molestum
680 849 741 889 sit,
761 851 804 882 ut
828 848 862 883 ei
883 848 1130 896 permittatur,
1152 847 1196 883 ab
1211 851 1337 883 senatu
1353 858 1419 895 pe-

306 914 390 947 tere.
621 905 628 911 ¹

354 974 467 1012 XIV.
495 973 739 1025 Responsum
765 973 898 1023 regulo
923 980 1002 1011 est:
1035 975 1165 1012 Facere
1178 979 1323 1024 patrem
1343 974 1418 1022 ejus

300 1039 544 1083 Masinissam,
566 1040 660 1087 quod
684 1040 800 1075 virum
826 1043 974 1087 gratum
995 1038 1190 1088 bonumque
1203 1040 1334 1090 fucere
1355 1042 1415 1076 de-

299 1109 392 1148 ceat,
412 1109 453 1141 ut
467 1105 625 1153 pretium
644 1103 879 1152 honoremque
899 1104 1014 1140 debito
1033 1105 1196 1154 beneficio
1210 1106 1335 1141 addat.
1365 1105 1419 1141 Et

294 1169 472 1218 populum
494 1168 699 1205 Romanum
718 1169 762 1204 ab
787 1180 839 1211 εο,
861 1168 951 1204 bello
971 1169 1124 1212 Punico,
1134 1168 1417 1218 fortifidelique

298 1244 408 1281 opera
427 1230 616 1279 ‹uljutum5
637 1236 673 1268 et
689 1232 808 1274 illum,
818 1231 974 1280 favente
989 1234 1126 1281 populo
1143 1233 1319 1275 Romano,
1332 1245 1415 1281 reg·

295 1293 384 1333 num
402 1298 575 1346 adeptum
586 1313 600 1341 ,·
629 1299 798 1345 oeqnitate
815 1309 880 1333 sua
897 1302 1021 1344 postea
1041 1299 1151 1334 trium
1170 1309 1292 1345 regum
1313 1297 1413 1334 bellis

296 1362 461 1410 deinceps
480 1361 640 1397 omnibus
647 1360 821 1410 functum
843 1361 980 1410 officiis.
1015 1362 1175 1398 Victoria
1192 1373 1274 1398 vero
1284 1362 1415 1410 populi

294 1424 454 1461 Romani
474 1425 592 1460 laetari
610 1436 690 1460 eum
709 1436 828 1472 regem
853 1426 986 1460 mirum
1005 1437 1076 1460 non
1098 1437 1181 1468 esse,
1203 1427 1265 1474 qui
1281 1429 1413 1465 sortem

295 1487 605 1537 ornnemso›·tunae
622 1490 790 1537 regnique
806 1491 862 1525 sui
882 1501 961 1525 cum
975 1489 1076 1525 rebus
1095 1489 1268 1525 Romanis
1285 1490 1410 1525 inmis-

294 1555 431 1590 cuisset.
484 1553 611 1589 Grates
629 1553 716 1588 Diis
732 1564 803 1601 pro
818 1554 948 1602 populi
966 1553 1125 1590 Romani
1140 1555 1292 1590 victoria
1309 1555 1413 1602 apud

293 1630 374 1655 suos
401 1622 550 1667 penates
581 1623 702 1666 ageret
710 1634 724 1662 ,-
768 1617 893 1654 Romoe
911 1619 1040 1668 filium
1064 1631 1134 1667 pro
1164 1629 1205 1654 eo
1232 1622 1408 1656 acturum.

299 1683 533 1720 Gratulatum
560 1694 698 1731 quoque
726 1684 815 1719 satis
841 1695 904 1720 suo
936 1695 980 1720 ac
1007 1685 1128 1732 patris
1155 1682 1300 1720 ‘nomine
1327 1695 1409 1721 esse.

294 1745 420 1795 Ipsum
442 1748 644 1795 relinquere
669 1759 833 1795 regnum,
854 1752 890 1784 et
907 1747 1038 1797 Africa
1062 1749 1239 1792 excedere,
1255 1752 1408 1796 praeter-

293 1824 401 1859 quam
421 1813 516 1860 quod
535 1812 594 1848 illi
608 1813 736 1848 inutile
755 1817 854 1856 esset,
869 1824 941 1849 non
960 1825 1031 1849 esse
1049 1824 1067 1849 e
1084 1813 1267 1861 republica
1278 1812 1409 1861 populi

292 1874 464 1919 Romani,
479 1880 642 1912 senatum
661 1888 810 1913 censere.
839 1875 989 1912 Petenti
1009 1875 1220 1925 Masgabae,
1237 1882 1279 1912 ut
1295 1875 1406 1914 Han-

289 1952 342 1976 no
362 1939 592 1977 Hamilcaris
613 1940 710 1977 filius
728 1940 839 1978 obses
859 1942 898 1977 in
918 1940 1042 1978 locum
1060 1943 1086 1967 ἥ
1104 1941 1285 1989 exigeret.
1312 1939 1405 1977 Mu-

289 2017 381 2043 nera
396 2018 442 2043 ex
458 2005 791 2043 senatusconsulto
807 2018 930 2043 emere
945 2004 1079 2055 regulo
1094 2011 1261 2055 quaestor
1272 2003 1404 2055 jussus

289 2082 335 2106 ex
353 2076 504 2107 centum
521 2071 651 2122 pondo
671 2071 834 2121 argenti,
855 2076 893 2108 et
907 2071 1085 2122 prosequi
1104 2082 1188 2106 eum
1205 2067 1404 2113 Puteolos,

289 2145 517 2184 omnemque
539 2140 720 2179 sumtum,
743 2134 868 2184 quoad
886 2135 926 2171 in
946 2133 1059 2170 Italia
1085 2140 1199 2176 esset,
1218 2132 1401 2183 praebere,

287 2202 326 2236 et
356 2196 448 2237 duas
478 2210 593 2234 naves
626 2199 852 2243 conducere,
883 2197 1018 2248 quibus
1052 2198 1132 2248 ipse
1169 2197 1402 2246 comitesque

285 2262 384 2312 regis
416 2262 453 2299 in
482 2262 654 2300 Africam
684 2263 983 2300 deveherentnr:
1016 2268 1055 2299 et
1083 2261 1287 2300 comitibus
1313 2273 1399 2298 om-

285 2326 413 2371 nibus,
432 2326 562 2365 liberis
582 2329 787 2379 servisque,
807 2328 1035 2366 vestimenta
1054 2327 1153 2365 data.
1210 2325 1326 2364 Haud
1344 2325 1398 2368 ita
