1546 2648
388 131 545 162 LIBER
568 131 686 161 XLV.
718 129 825 160 cAl’.
848 130 946 160 xn.
1137 133 1220 178 493

108 224 275 276 patrium
302 222 520 274 recepisset,
549 219 858 273 petentibusque,
879 226 920 256 ut
947 232 1058 258 suum
1085 234 1221 261 munus
1235 232 1418 269 U.c.534,

107 296 291 332 tueretur,
312 295 350 325 et
376 288 520 324 diceret
547 286 691 337 potius,
711 285 802 335 quid
830 285 911 322 fieri
939 284 1066 330 vellet,
1093 300 1220 337 quam,
1234 277 1274 309 A·
1287 277 1324 309 C·
1341 284 1414 312 ¹⁶⁸·

106 354 229 391 hostis
259 366 307 390 ex
335 352 442 389 socio
468 351 608 394 factus,
639 351 676 387 vi
709 358 823 400 atque
853 351 965 386 armis
991 359 1135 400 ageret,
1161 366 1220 390 re-

105 418 280 469 spondit3
304 418 390 455 Non
408 418 516 454 aliter
530 428 643 465 neque
661 417 807 453 classem
825 421 1089 460 revocaturum,
1109 430 1222 466 neque

102 485 293 520 exercitam
311 484 558 525 reducturum,
577 483 646 518 nisi
663 482 729 518 sibi
747 486 783 518 et
802 486 880 518 tota
901 481 1032 530 Cypro,
1052 487 1087 518 et
1106 483 1220 520 Pelu-

99 550 166 590 sio,
192 561 363 597 agroque,
393 550 456 597 qui
484 549 581 584 circa
599 547 830 583 Pelusiacam
859 549 989 582 ostium
1017 547 1098 583 Nili
1116 553 1218 592 esset,

101 614 265 650 cederet:
293 612 469 662 diemque
497 611 716 663 praestituit,
737 610 839 647 intra
867 623 981 659 quam
1010 610 1056 647 de
1085 612 1219 650 condi-

101 676 270 713 tionibus
291 676 453 727 peractis
474 687 697 726 responsum
718 674 919 724 acciperet.

152 741 251 778 XII.
277 742 488 791 Postquam
507 742 585 778 dies
603 741 690 777 data
710 739 871 776 induciis
891 741 1088 790 praeteriit,
1107 742 1132 764 Ἃ·
1146 755 1216 779 na.

97 805 315 855 vigantibus
335 807 437 842 ostio
460 805 543 842 Nili
564 805 611 842 ad
634 804 842 849 Pelusium,
863 817 931 855 pei·
950 806 1096 843 deserta
1115 807 1214 844 Ara-

95 869 169 906 biae
185 869 210 892 ’ᾖ
227 870 274 906 ad
290 868 504 919 hlemphim
525 868 760 912 incolebant,
783 874 821 904 et
840 868 888 905 ab
909 870 1044 906 ceteris
1063 869 1215 922 AEgyp·

95 933 174 977 tiis,
193 933 332 983 partim
351 932 564 976 voluntate,
585 932 725 982 partim
744 938 863 977 metu,
880 932 927 968 ad
941 932 1213 972 Alexandriam

94 998 252 1035 modicis
278 997 477 1034 itineribus
498 997 705 1034 descendit.
761 997 822 1033 Ad
853 996 1058 1034 Leusinem
1087 1004 1211 1036 trans-
1225 1002 1415 1035 Obcurrunt

94 1074 224 1111 gresso
251 1061 407 1104 flumen,
428 1062 492 1111 qui
520 1060 627 1097 locus
648 1067 814 1110 quatuor
833 1059 954 1097 millia
973 1060 1021 1097 ab
1040 1061 1209 1100 Alexan·
1222 1046 1416 1121 ssngit‘i'cssgm

92 1128 174 1164 dria
194 1127 315 1170 abest,
335 1127 452 1176 legati
472 1126 642 1163 Romani
667 1126 920 1163 obcurrerunt
937 1140 945 1162 z
978 1140 1074 1176 quos
1094 1141 1212 1178 quum
1253 1099 1272 1129 g
1421 1112 1428 1121 ’

92 1192 336 1228 advenientes
351 1191 567 1235 salutasset,
589 1192 836 1241 dextramque
851 1190 1018 1241 Popillio
1038 1194 1210 1243 porrige-

91 1261 173 1301 ret3
205 1254 365 1292 tabellas
390 1255 424 1291 ei
454 1254 640 1305 Popillius
669 1256 852 1305 scriptum
871 1255 1057 1291 habentes
1076 1257 1207 1300 tradit,

90 1326 204 1369 atque
223 1320 394 1356 omnium
413 1319 577 1369 primum
596 1319 635 1356 id
653 1319 779 1368 legere
791 1317 918 1368 jubet.
949 1319 1102 1356 Quibus
1122 1333 1208 1370 per-

87 1384 210 1427 lectis,
244 1397 360 1433 quum
397 1396 438 1420 se
467 1384 810 1427 consideraturum,
844 1383 1025 1420 adhibitis
1059 1385 1205 1428 amicis,

88 1448 178 1498 quid
205 1448 422 1485 faciendum
443 1448 524 1486 *sibi
552 1454 665 1492 esset,
696 1449 877 1494 dixisset3
909 1447 1110 1498 Popillius,
1135 1461 1205 1499 pro
1218 1462 1370 1503 populius

88 1518 214 1548 cetera
233 1513 437 1562 asperitate
457 1514 588 1555 animi,
608 1513 729 1561 virga,
751 1525 864 1562 quam
893 1512 932 1548 in
962 1524 1076 1548 manu
1097 1526 1204 1562 gere·
1215 1506 1303 1555 yirga
1318 1508 1390 1557 cir<

86 1576 168 1619 bat,
198 1578 494 1627 circumscripsit
521 1589 675 1625 regem:
709 1589 767 1620 ac,
798 1578 1019 1626 Priusquam
1048 1578 1115 1614 hoe
1133 1580 1202 1615 cir·
1215 1551 1406 1634 seglgtggf‚nb¹²

86 1644 168 1680 culo
196 1644 356 1686 excedas,
386 1643 524 1692 inquit,
554 1644 664 1680 redde
689 1655 910 1691 responsum,
939 1645 1081 1680 senatui
1109 1646 1205 1693 quod

84 1706 253 1756 referam.
312 1706 614 1757 obstupefactus
644 1713 724 1744 tam
751 1706 924 1744 violento
951 1707 1113 1758 imperio
1135 1720 1205 1758 pa-

82 1784 236 1822 rumper
254 1783 371 1821 quum
390 1772 618 1815 haesitasset,
636 1772 798 1815 Faciam,
819 1770 958 1820 inquit,
974 1772 1070 1820 quod
1089 1777 1204 1810 censet

82 1841 238 1873 senatus.
294 1835 395 1872 Tum
418 1835 569 1872 demum
588 1834 775 1886 Popillius
795 1835 966 1872 dextram
985 1834 1083 1883 regi,
1102 1842 1202 1872 tam-

83 1912 196 1948 quam
215 1900 321 1937 socio
342 1906 456 1949 atque
475 1900 613 1943 amico,
635 1900 818 1949 porrexit.
864 1898 941 1936 Die
961 1898 1097 1936 deinde
1115 1898 1201 1936 fini-

81 1970 123 2001 ta
140 1977 255 2014 quum
271 1965 495 2002 excessisset
509 1964 686 2015 AEgypto
705 1963 937 2006 Antiochus,
958 1963 1089 2012 legati,
1102 1975 1201 2004 ,con-

81 2028 210 2065 cordia
237 2029 352 2066 etiam
381 2028 614 2066 auctoritate
643 2040 712 2064 sua
739 2028 841 2064 inter
867 2026 1004 2064 fratres
1033 2025 1198 2071 firmata,

82 2091 182 2128 inter
203 2104 297 2140 quos
326 2092 480 2129 vixdum
510 2097 755 2136 convenerat,
775 2104 862 2142 pars
893 2091 1062 2141 Cyprum
1091 2091 1198 2129 navi-

82 2162 199 2205 gant:
232 2162 271 2192 et
298 2157 400 2202 inde,
431 2171 514 2208 quae
535 2156 620 2208 jam
647 2158 792 2196 vicerat
823 2156 962 2207 proelio
991 2155 1200 2207 AEgyptias

79 2232 210 2264 naves,
241 2219 399 2257 classem
430 2222 616 2258 Antiochi
643 2221 853 2259 dimittunt.
912 2219 1026 2258 Clara
1057 2232 1102 2256 ea
1131 2231 1200 2270 per

78 2291 212 2333 ‚gentes
232 2283 375 2334 legatio
394 2284 481 2331 fuit,
503 2286 606 2336 quod
623 2286 727 2326 haud
753 2285 866 2324 dubie
885 2285 1038 2323 ademta
1057 2284 1197 2322 Antio-
