1546 2648
338 125 494 157 LIBER
515 123 742 155 XXXVIII.
775 121 881 152 CAP.
905 123 1024 152 XXV.
1160 118 1232 162 107

126 224 245 268 gerat,
279 217 473 268 pervenit:
507 228 618 266 quem
654 215 873 265 priusquam
906 211 1233 262 complecteretur,
1248 217 1288 248 U.
1303 216 1340 248 C.
1353 221 1426 247 563.

122 288 237 332 caput
256 281 488 317 centurionis
516 287 603 316 ante
623 279 734 329 pedes
756 277 836 328 ejus
863 275 1026 327 abjecit:
1060 275 1232 312 miranti·
1245 262 1285 292 Α·
1301 260 1338 292 C·
1354 266 1426 292 ¹89·

120 358 206 394 que,
228 343 423 394 cujusnam
444 344 482 380 id
501 349 615 393 caput
634 343 814 385 hominis,
833 348 899 378 aut
914 340 1016 390 quod
1035 340 1073 376 id
1084 340 1231 376 facinus

119 409 411 458 haudquaquam
438 407 622 444 muliebre
647 412 759 449 esset,
781 413 819 442 et
845 405 1023 456 injuriam
1046 405 1231 454 corporis,

118 481 156 510 et
175 472 359 510 ultionem
377 472 528 508 violatae
554 485 620 521 per
638 473 713 508 vim
741 471 932 522 pudicitiae
958 469 1134 506 confessa
1151 469 1232 504 viro

120 543 196 574 est:
229 536 376 585 aliaque
392 538 452 583 (ut
471 536 651 580 traditur)
670 536 873 571 sanctitate
889 542 927 571 et
943 534 1129 583 gravitate
1145 532 1231 568 vitae

117 600 229 652 hujus
261 600 481 638 matronalis
510 599 689 637 facinoris
720 600 830 636 decus
861 600 908 637 ad
937 598 1113 636 ultimum
1139 610 1231 634 con·

117 666 292 702 servavit.

167 730 299 767 XXV.
328 731 387 766 Ad
407 731 667 780 Ancyranrin
697 730 836 767 stativa
853 730 887 766 T
891 729 1112 780 ectosagfim
1143 741 1229 765 ora-
1241 730 1392 782 Tectosa-
1424 776 1430 781 ·

116 801 217 830 tores
248 794 295 830 ad
327 794 521 830 consulem
546 801 744 838 venerunt,
768 801 955 844 petentes,
985 807 1035 830 ne
1063 800 1151 830 ante
1182 792 1229 829 ab
1243 784 1322 815 gum
1339 774 1446 815 legam

117 858 272 907 Ancyra
300 864 424 894 castra
443 864 626 900 moveret,
649 870 760 906 quam
790 858 1014 894 conlocutus
1045 870 1128 893 cum
1154 858 1229 893 suis

116 922 267 971 regibus
289 930 411 958 esset:
443 921 566 958 nullas
588 923 824 958 conditiones
845 923 948 973 pacis
964 923 1010 957 iis
1031 935 1108 958 non
1128 921 1229 958 bello

113 986 196 1023 fore
215 988 396 1037 potiores.
451 987 618 1037 Tempus
639 988 677 1023 in
698 994 892 1038 posterum
908 988 1004 1023 diem
1027 987 1228 1024 coustitui-

113 1057 190 1094 tur,
210 1050 390 1100 locusque
411 1052 475 1100 qui
494 1052 657 1088 maxime
674 1052 816 1088 medius
837 1053 935 1088 inter
954 1057 1077 1088 castra
1094 1051 1226 1088 Gallo-

115 1127 199 1151 rum
229 1122 266 1151 et
285 1116 473 1164 Ancyram
503 1123 560 1151 est
584 1116 697 1152 visus.
755 1117 843 1156 Quo
869 1129 985 1165 quum
1015 1115 1148 1152 consul
1180 1116 1227 1152 ad

114 1185 262 1228 tempus
277 1192 360 1215 cum
375 1179 548 1229 praesidio
562 1180 857 1228 quingentorum
866 1181 1034 1229 equitum
1047 1180 1225 1223 venisset,

112 1255 183 1279 nec
205 1241 280 1278 ullo
301 1242 498 1279 Gallorum
519 1243 571 1279 ibi
591 1244 685 1286 viso,
707 1255 897 1292 regressus
918 1244 956 1279 in
973 1250 1097 1280 castra
1112 1250 1224 1288 esset,

113 1313 282 1343 oratores
302 1307 415 1343 iidem
432 1307 602 1351 redeunt,
619 1313 858 1350 excusantes,
875 1306 1059 1355 religione
1075 1306 1228 1357 objecta

111 1371 239 1407 venire
267 1383 373 1420 reges
393 1383 472 1407 non
500 1383 635 1422 posse:
668 1372 856 1422 principes
877 1371 1016 1419 gentis,
1046 1383 1113 1421 per
1132 1384 1226 1420 quos

111 1448 215 1484 aeque
234 1447 291 1471 res
311 1436 470 1484 transigi
493 1443 636 1485 posset,
657 1441 850 1471 venturos.
908 1434 1052 1470 Consul
1071 1447 1110 1471 se
1130 1448 1226 1484 quo-

112 1512 185 1550 que
203 1499 377 1535 Attalum
405 1501 608 1536 missurum
626 1500 734 1536 dixit.
790 1499 851 1535 Ad
875 1499 949 1535 hoc
978 1499 1225 1549 conloquium

111 1565 300 1612 utrimque
315 1570 470 1599 ventum
487 1570 544 1600 est
560 1578 567 1599 :
590 1569 781 1600 trecentos
797 1564 941 1613 equites
954 1562 1106 1600 Attalus
1126 1577 1223 1615 prae-‚

110 1629 195 1664 sidii
214 1640 346 1664 caussa
365 1641 479 1676 quum
511 1628 740 1671 adduxisset,
754 1627 870 1678 jactae
890 1634 978 1664 sunt
1006 1629 1109 1678 pacis
1130 1641 1237 1681 con-l

109 1693 283 1730 ditiones.
340 1692 444 1729 Finis
474 1694 528 1729 rei
547 1694 636 1742 quia
664 1692 884 1729 absentibus
905 1692 1061 1730 ducibus
1088 1695 1223 1745 inponi

109 1770 186 1794 non
206 1763 370 1807 poterat,
401 1758 593 1801 convenit,
624 1758 681 1793 uti
702 1757 835 1794 consul
862 1770 1044 1807 regesque
1063 1772 1109 1795 eo
1134 1759 1221 1796 loco

108 1828 262 1873 postero
277 1822 336 1858 die
352 1822 684 1870 congrederentur.
731 1822 945 1859 Frustratio
961 1822 1158 1861 Gallorum
1173 1837 1219 1861 eo
1232 1822 1317 1871 Galli
1334 1823 1410 1857 ῐῠείν.

109 1886 318 1937 spectabat,
348 1888 510 1937 primum
545 1894 586 1923 ut
618 1893 786 1923 tererent
814 1893 977 1938 tempus,
1008 1887 1128 1925 donec
1159 1901 1218 1926 res
1229 1867 1368 1942 (61ὲὸῐὲῑέιὶ

109 1963 208 1994 suas,
229 1951 363 2001 quibus
383 1951 587 2001 periclitari
607 1952 804 1996 nolebant,
826 1965 910 1989 cum
926 1951 1153 2003 conjugibus
1173 1967 1217 1991 ac

107 2014 233 2052 liberis
252 2022 355 2052 trans
376 2016 507 2066 Halyn
526 2016 666 2053 flumen
685 2015 928 2066 trajicerent:
961 2017 1096 2054 deinde
1115 2020 1217 2067 quod

107 2080 179 2130 ipsi
192 2081 350 2125 consuli,
363 2095 496 2133 parum
506 2089 619 2119 cauto
635 2082 810 2118 adversus
824 2082 1018 2132 conloquii
1028 2083 1214 2130 fraudem,

107 2147 394 2185 insidiabantur.
449 2149 560 2185 Mille
589 2149 636 2186 ad
655 2162 738 2185 eam
766 2145 846 2186 rem
865 2162 910 2186 ex
930 2151 1035 2186 omni
1056 2164 1215 2190 numero

108 2210 274 2247 audaciae
290 2219 451 2262 expertae
468 2213 689 2262 delegerunt
707 2214 864 2263 equites.
902 2213 956 2250 Et
975 2216 1215 2252 successisset

104 2273 242 2320 fraudi,
261 2277 303 2313 ni
316 2290 386 2330 pro
398 2277 486 2330 jure
501 2280 686 2329 gentium,
703 2278 809 2331 cujus
828 2278 993 2317 violandi
1015 2280 1212 2324 consilium

624 2344 699 2382 F6
