1546 2648
157 263 339 300 U...0567

157 307 338 340 A.C..185

152 1087 216 1118 Res
230 1095 329 1128 gestae

153 1130 187 1179 in
204 1131 319 1172 Hispa-

154 1183 219 1205 nia.

151 1662 289 1695 Romani

149 1713 238 1737 v1ct1.

354 163 435 205 186
471 179 476 185 ·
811 176 858 205 T.
883 176 1014 205 mvn

350 276 510 301 coronas
543 275 673 300 aureas
707 264 984 313 quinquaginta
1015 265 1131 301 duas:
1165 265 1245 301 auri
1279 272 1462 315 praeterea

329 327 478 378 ’pondo
498 333 650 363 centum
675 327 835 376 triginta
854 328 952 364 duo:
986 329 1133 377 argenti
1155 329 1316 364 sedecim
1346 329 1464 366 millia

347 398 541 428 trecenta:
574 397 612 427 et
639 393 906 441 pronunciavit
935 393 974 428 in
1006 399 1154 435 senatu,
1183 392 1310 428 decem
1345 392 1462 430 millia

346 455 476 506 pondo
496 455 657 503 argenti,
678 461 716 490 et
736 456 935 503 octoginta
955 456 1035 491 auri
1056 456 1104 494 Q
1119 455 1277 492 Fabium
1296 463 1460 505 quaesto-

346 531 425 555 rem
446 518 651 555 advehere·
685 519 719 554 id
741 532 890 569 quoque
916 532 955 555 sc
982 507 1018 555 in
1049 521 1218 557 aerarium
1245 520 1463 557 inlaturum.

345 582 513 632 Magnus
534 593 658 619 motus
679 582 822 618 servilis
844 596 890 619 eo
911 597 1012 620 anno
1034 585 1071 620 in
1085 584 1225 634 Apulia
1244 584 1327 620 fuit.
1384 584 1460 621 Ta-

346 654 496 684 rentum
509 647 742 697 provinciam
758 647 804 684 L.
819 648 1039 684 Postumius
1056 656 1195 698 praetor
1207 648 1384 685 habebat.
1423 648 1461 684 Is

346 711 393 748 de
406 718 599 761 pastorum
617 710 895 760 conjuratione,
910 712 973 761 qui
990 713 1067 748 vias
1081 712 1288 748 latrociniis
1303 724 1460 763 pascua-

346 787 421 824 que
448 774 601 824 publica
628 774 767 811 infesta
794 775 1023 820 habuerant,
1053 777 1302 826 quaestionem
1334 788 1463 814 severe

347 839 539 875 exercuit:
571 837 780 888 ad'septem
807 839 927 875 millia
953 839 1149 876 hominum
1170 840 1460 876 condemnavit:

343 902 456 939 multi
474 902 562 938 inde
580 902 775 951 fugerunt,
797 903 842 939 de
865 904 994 941 multis
1019 912 1184 941 sumtum
1205 912 1263 941 est
1281 903 1461 955 supplici-

346 978 423 1003 um.
466 966 667 1010 Consules,
684 967 749 1004 diu
768 969 906 1005 retenti
927 969 972 1005 ad
993 969 1123 1006 urbem
1136 968 1357 1013 delectibus,
1373 974 1460 1005 tan·

346 1030 431 1067 dem
450 1031 489 1067 in
509 1032 723 1081 provincias
744 1032 906 1082 profecti
927 1039 1026 1070 sunt.

398 1094 536 1132 XXX.
565 1095 712 1132 Eodem
731 1109 832 1132 anno
848 1098 887 1134 in
904 1096 1093 1147 Hispania
1109 1103 1289 1147 praetores
1310 1098 1353 1134 C.
1371 1097 1461 1134 Cal-

345 1158 501 1209 purnius
523 1166 561 1196 et
579 1159 626 1196 L.
642 1160 861 1203 Quinctius,
882 1173 998 1209 quum
1021 1161 1144 1210 primo
1163 1173 1249 1196 vere
1269 1173 1313 1196 ex
1333 1160 1461 1197 hiber·

345 1222 404 1259 nis
425 1222 553 1272 copias
574 1222 727 1259 eductas
753 1223 791 1259 in
811 1223 982 1259 Baeturia
1003 1222 1238 1273 junxissent,
1258 1224 1296 1259 in
1318 1223 1460 1274 Carpe-

343 1285 504 1329 taniam,
533 1285 598 1322 ubi
627 1286 797 1322 hostium
826 1294 950 1323 castra
978 1292 1100 1328 erant,
1137 1287 1327 1336 progressi
1356 1294 1459 1331 sunt,

345 1349 538 1385 communi
551 1350 678 1386 animo
692 1349 928 1398 consilioque
942 1351 1064 1400 parati
1077 1362 1153 1386 rem
1173 1363 1312 1399 gerere.
1344 1350 1461 1388 Haud

343 1412 478 1462 procul
498 1412 680 1463 Hippone
699 1419 738 1448 et
755 1413 895 1449 Toleto
915 1412 1072 1449 urbibus
1100 1414 1200 1449 inter
1218 1413 1460 1464 pabulatores

343 1489 472 1526 pugna
492 1484 577 1513 orta
596 1484 675 1514 est:
708 1477 844 1526 quibus
864 1477 954 1514 dum
984 1478 1173 1527 utrimque
1199 1478 1420 1516 subvenitur
1439 1493 1463 1517 a

343 1542 491 1584 castris,
508 1541 705 1592 paullatim
721 1554 852 1577 omnes
868 1542 988 1591 copiae
1001 1542 1040 1577 in
1056 1542 1175 1578 aciem
1188 1542 1332 1580 eductae
1346 1551 1434 1581 sunt
1448 1560 1457 1582 :

343 1604 383 1641 in
403 1617 449 1641 eo
469 1605 717 1643 tumultuario
737 1606 943 1642 certamine
959 1612 997 1642 et
1014 1605 1100 1642 loca
1115 1619 1183 1642 sua
1199 1613 1236 1643 et
1251 1620 1370 1656 genus
1389 1622 1459 1660 pu·

346 1680 429 1717 gnae
449 1681 519 1718 pro
537 1669 648 1705 hoste
667 1669 791 1706 fuere:
824 1669 900 1705 duo
919 1670 1105 1707 exercitus
1121 1670 1289 1707 Romani
1308 1671 1382 1708 fusi
1402 1679 1460 1709 at-

345 1744 418 1780 que
437 1732 476 1768 in
497 1739 621 1768 castra
640 1732 826 1783 compulsi
846 1739 956 1769 sunt:
990 1746 1067 1770 non
1088 1734 1260 1770 institere
1279 1735 1460 1784 perculsis

343 1798 487 1834 hostes.
543 1797 730 1834 Praetores
761 1798 942 1841 Romani,
974 1810 1022 1833 ne
1058 1804 1212 1847 postero
1241 1797 1301 1834 die
1334 1807 1458 1836 castra

343 1861 671 1912 obpugnarentur,
692 1862 844 1899 silentio
864 1863 1046 1913 proximae
1066 1862 1189 1898 noctis
1205 1868 1324 1899 tacito
1344 1864 1455 1912 signo

343 1927 551 1963 exercitum
588 1927 838 1964 abduxerunt.
893 1927 999 1964 Luce
1032 1928 1153 1977 prima
1184 1927 1347 1978 Hispani
1377 1930 1460 1966 acie

343 1992 530 2028 instructa
558 1993 604 2029 ad
632 1993 771 2029 vallum
809 2000 1062 2036 accesserunt,
1101 2006 1293 2042 vacuaque
1323 2002 1460 2045 praeter

344 2067 448 2104 spem
470 2062 593 2092 castra
620 2056 794 2105 ingressi,
815 2070 897 2106 quae
918 2057 1096 2094 derelicta
1116 2058 1214 2093 iuter
1233 2065 1459 2095 nocturnam

343 2119 637 2169 trepidationem
657 2127 778 2164 erant,
795 2121 1054 2172 diripuerunt:
1087 2123 1321 2172 regressique
1334 2124 1373 2159 in
1393 2135 1460 2160 sua

344 2189 482 2224 castra,
503 2195 643 2232 paucos
664 2183 742 2220 dies
763 2185 899 2233 quietis
920 2186 1066 2221 stativis
1087 2192 1319 2224 manserunt.
1375 2186 1458 2224 Ro-

342 2259 542 2284 manorum
562 2249 841 2298 sociorumque,
863 2248 901 2285 in
924 2248 1060 2299 proelio
1080 2249 1261 2298 fugaque,
1282 2250 1329 2287 ad
1347 2252 1459 2300 quin·

341 2323 414 2362 que
441 2311 560 2348 millia
579 2314 728 2360 occisa5
762 2325 923 2364 quorum
953 2326 992 2349 se
1021 2312 1152 2364 spoliis
1182 2314 1310 2351 hostes
1337 2327 1458 2351 arma-
