1546 2648
456 409 810 458 EPITOME
856 411 1082 459 LIBRI
1132 412 1301 461 XLII.

755 573 954 597 ...Φ-..-

444 697 674 734 FULVIUS
701 696 934 733 FLACCUS
951 709 1071 734 censor
1091 699 1262 747 templum
1280 698 1434 737 Junonis

347 784 351 785 ν
398 758 414 774 ⁶
447 761 609 798 Lacinioe
635 761 761 808 tegulis
788 762 998 797 marmoreis
1025 762 1208 810 spoliavit,
1237 767 1279 798 ut
1309 764 1432 807 aedem,

323 839 431 875 quam
462 825 664 868 dedicabat,
697 829 829 872 tegeret
844 841 857 861 .·
900 826 1030 873 tegulae
1058 838 1100 862 ex
1130 828 1434 864 senatusconsulto

321 895 528 939 reportatae.
584 890 773 932 Eumenes,
792 890 889 925 Asiae
914 901 991 933 rex,
1017 891 1055 925 in
1082 895 1206 926 senatu
1226 891 1270 927 de
1288 891 1432 935 Perseo,

318 953 546 990 ›Macedoniae
562 965 658 1000 rege,
680 956 819 1000 questus
836 957 912 989 est:
939 951 1037 999 cujus
1055 950 1196 998 injuriae
1209 956 1246 990 in
1256 955 1433 1003 populum

323 1018 528 1055 Romanum
542 1016 771 1066 referuntur:
790 1017 830 1052 ob
846 1029 932 1064 quas
949 1017 1038 1053 bello
1056 1020 1088 1053 ei
1107 1019 1255 1062 indicto,
1272 1019 1320 1056 P.
1334 1020 1433 1056 Lici·

321 1083 403 1119 nius
419 1082 566 1118 Crassus
584 1082 718 1124 consul,
736 1082 793 1117 cui
812 1081 851 1116 id
869 1081 1080 1117 mandatum
1098 1086 1190 1125 erat,
1206 1084 1244 1118 in
1259 1082 1433 1119 Macedo-

320 1147 421 1183 niam
434 1147 588 1188 transiit,
603 1145 800 1193 levibusque
812 1146 1103 1193 expeditionibus,
1117 1147 1330 1194 equestribus
1336 1159 1433 1196 proe-

323 1211 397 1253 liis,
412 1205 450 1246 in
467 1210 649 1246 'I'Jzessalia
661 1221 739 1245 cum
753 1209 883 1245 Perseo
896 1221 1027 1257 parum
1030 1208 1142 1258 felici
1152 1215 1276 1246 eventu
1287 1223 1432 1259 pugna-

323 1275 388 1310 vit.
444 1272 545 1309 Inter
564 1273 791 1309 Masinissam
809 1277 843 1308 et
862 1272 1179 1320 Karthaginienses
1193 1275 1237 1310 de
1254 1286 1342 1322 agro
1349 1274 1433 1323 fuit

320 1337 457 1373 arbiter
472 1338 521 1372 ad
535 1337 808 1384 disceptandum
823 1347 846 1371 α
869 1341 993 1372 senatu
1012 1337 1129 1373 datus.
1185 1337 1316 1385 Legati
1334 1338 1432 1374 missi

321 1401 371 1437 ad
389 1401 549 1437 civitates
565 1402 678 1436 socias
695 1405 729 1435 et
747 1412 845 1447 reges
862 1401 1052 1448 rogandos,
1072 1405 1113 1436 ut
1128 1402 1165 1436 in
1181 1394 1262 1449 fide
1280 1413 1430 1450 ,perma-

320 1469 459 1507 nerent,
490 1463 730 1500 dubitantibus
762 1463 925 1501 Rhodiis.
980 1464 1153 1501 Lustrum
1181 1477 1204 1499 α
1232 1466 1432 1501 censoribus

325 1529 506 1564 eonditum
525 1534 586 1564 est.
646 1528 757 1564 Censa
770 1533 852 1564 sunt
871 1529 999 1564 civium
1011 1529 1133 1576 capita
1152 1529 1306 1564 ducenta
1324 1531 1429 1577 quin-

323 1594 497 1640 quaginta
523 1597 656 1639 septem
683 1593 803 1628 millia
831 1594 982 1629 ducenta
1011 1594 1163 1640 triginta
1180 1604 1302 1630 unum,
1359 1592 1431 1629 Res

320 1660 494 1703 praeterea
523 1657 690 1693 adversus
725 1656 847 1693 Corsos
877 1660 913 1693 et
941 1656 1092 1704 Ligures
1118 1668 1288 1706 prospere
1312 1661 1429 1704 gestas

324 1720 488 1757 continet.
