1546 2648
95 263 140 294 U.
150 263 186 294 c.
205 268 280 299 574.

93 305 136 337 A.
149 306 187 337 C.
207 312 279 342 178-

93 777 246 808 Sardiniae

93 828 126 850 tu
133 821 265 852 multus.

91 1348 260 1387 Lyciorum

89 1391 236 1430 querelae.

288 181 370 224 292
489 165 494 171 ”
750 184 796 213 r.
821 186 954 215 mvn

290 269 528 319 magistratu,
548 277 677 321 posset
685 287 696 317 ς
718 271 808 309 huic
828 276 1019 323 rogationi
1038 276 1087 315 Q.
1103 275 1228 312 AElius
1249 276 1398 325 collega

289 335 516 379 intercessit,
547 337 769 385 magnisque
803 340 1112 376 contentionibus
1144 339 1324 383 obtinuit,
1352 352 1400 376 ne

287 398 528 448 perferretur.
583 399 657 435 Per
675 413 739 436 eos
760 401 837 437 dies
857 401 917 438 Ti.
938 403 1182 453 Sempronius
1203 403 1397 439 Gracchus

288 466 328 496 et
344 461 391 497 L.
407 461 623 499 Postumius
644 462 806 499 Albinus
824 477 869 500 ex
890 464 1080 514 Hispania
1098 466 1262 502 Romam
1282 479 1398 514 quum

287 526 542 568 revertissent,
564 532 714 562 senatus
743 527 788 562 iis
809 540 830 562 a
855 527 912 564 M.
931 528 1078 565 Titinio
1098 536 1259 579 praetore
1289 529 1396 565 datus

286 588 326 624 in
348 589 425 625 aede
454 589 624 626 Bellonae
645 590 691 626 ad
721 591 953 628 disserendas
974 606 1046 637 res,
1068 607 1158 642 quas
1179 595 1396 643 gessissent,

287 653 610 703 postulandosque
638 655 802 690 honores
832 657 1001 699 meritos,
1029 663 1072 692 ut
1099 657 1183 693 Diis
1213 659 1396 694 inmorta-

285 716 384 753 libus
403 718 607 754 haberetur
635 719 771 755 honos.
826 719 974 756 Eodem
993 727 1164 770 tempore
1184 727 1222 756 et
1249 722 1289 757 in
1309 723 1397 758 Sar·

287 781 390 818 dinia
426 794 605 830 magnum
639 782 844 819 tumultum
882 796 976 826 esse,
1015 784 1131 820 literis
1169 784 1215 821 T.
1246 784 1396 821 AEbutii

284 847 455 896 praetoris
485 847 682 894 cognitum
712 854 783 890 est,
805 860 896 896 quas
927 848 1022 884 filius
1054 848 1133 898 ejus
1157 849 1203 885 ad
1223 856 1396 886 senatum

284 910 482 947 adtulerat.
539 910 712 954 Ilienses,
748 911 935 961 adjunctis
968 912 1194 949 Balarorum
1228 913 1392 956 auxiliis,

282 982 456 1025 pacatam
489 975 721 1025 provinciam
757 976 972 1013 invaserant
991 993 998 1013 ε
1031 990 1101 1013 nec
1138 977 1190 1013 eis
1228 977 1393 1013 invalido

283 1041 465 1083 exercitu,
487 1046 524 1076 et
538 1053 676 1089 magna
696 1047 804 1090 parte
824 1040 1041 1089 pestilentia
1061 1040 1250 1083 absumto,
1270 1041 1393 1076 resisti

282 1110 445 1154 poterat.
501 1104 647 1141 Eadem
678 1111 716 1140 et
747 1104 950 1140 Sardorum
984 1104 1099 1152 legati
1129 1104 1363 1140 nunciabant
1378 1119 1390 1150 3

282 1175 448 1211 orantes,
465 1174 507 1204 ut
526 1167 679 1204 urbibus
701 1167 835 1204 saltem
855 1167 957 1218 (jam
977 1169 1077 1204 enim
1093 1180 1203 1216 agros
1219 1168 1392 1218 deplora-

282 1238 342 1268 tos
364 1232 461 1278 esse)
484 1244 595 1281 opem
615 1237 766 1267 senatus
788 1231 915 1267 ferret.
963 1230 1058 1267 Haec
1077 1230 1232 1279 legatio,
1249 1238 1391 1267 totum-

285 1309 357 1345 que
382 1296 483 1345 quod
503 1296 549 1332 ad
570 1295 780 1331 Sardiniam
800 1294 1028 1345 pertinebat,
1050 1295 1095 1331 ad
1116 1308 1233 1331 novos
1255 1297 1392 1345 magis-

283 1367 402 1397 tratus
422 1360 605 1410 rejectum
625 1366 693 1396 est.
749 1359 876 1409 AEque
903 1358 1126 1395 miserabilis
1152 1358 1294 1408 legatio
1312 1360 1391 1409 Ly-

284 1426 441 1467 ciorum,
460 1425 523 1474 qui
553 1423 812 1460 crudelitatem
840 1422 1098 1465 Rhodiorum,
1120 1423 1254 1471 quibus
1275 1423 1322 1459 ab
1348 1423 1390 1460 L.

283 1488 463 1525 Cornelio
506 1488 683 1538 Scipione
730 1486 909 1524 adtributi
947 1492 1069 1528 erant,
1108 1486 1362 1535 querebantur
1380 1501 1388 1523 :

279 1554 398 1590 Fuisse
427 1553 488 1589 sub
513 1553 646 1588 ditione
669 1551 866 1593 Antiochi5
896 1563 973 1586 eam
1005 1552 1139 1598 regiam
1164 1553 1387 1595 servitutem,

279 1617 459 1653 conlatam
475 1628 554 1652 cum
569 1616 735 1664 proesenti
753 1620 866 1656 stata,
885 1616 1099 1661 praeclaram
1120 1614 1318 1650 libertatem
1336 1616 1389 1651 υἱ-

277 1694 353 1717 sam
367 1698 379 1717 .·
410 1693 477 1717 non.
492 1681 636 1729 publico
657 1684 797 1715 tantum
815 1691 851 1714 se
875 1680 991 1726 premi
1011 1680 1173 1726 imperio,
1189 1680 1249 1715 sed
1265 1681 1385 1727 singu—

279 1746 330 1781 los
338 1744 478 1791 justum
493 1745 577 1792 pati
593 1746 776 1780 servitium
789 1759 800 1779 :
820 1742 930 1788 juxta
949 1754 985 1778 se
1010 1741 1178 1790 conjuges
1196 1743 1388 1792 liberosque

278 1811 401 1845 vexari
415 1826 427 1853 ,·
448 1811 484 1845 in
503 1821 641 1857 corpus,
663 1810 699 1844 in
719 1813 856 1854 tergum
874 1808 989 1842 seez-iri
1003 1823 1014 1849 ;
1034 1805 1199 1854 famam,
1219 1810 1314 1856 quod
1334 1811 1388 1846 in-

278 1873 426 1920 dignum
455 1873 516 1914 sit,
550 1872 725 1907 maculari
759 1869 1052 1917 dehonestarz‘que
1065 1886 1076 1904 .·
1107 1874 1142 1905 et
1177 1872 1301 1918 palam
1334 1885 1389 1909 res

276 1936 520 1984 odiosmfieri,
532 1933 629 1980 juris
647 1935 756 1970 etiam
773 1934 970 1981 usurpandi
995 1944 1120 1968 caussa
1136 1950 1148 1976 ;
1178 1946 1221 1969 ne
1236 1947 1304 1982 pro
1320 1937 1386 1972 du-

276 2001 330 2035 bio
358 2000 524 2042 habeant,
546 1999 637 2035 nihil
664 2000 758 2034 inter
778 2009 814 2033 se
833 2002 867 2032 et
885 2001 1033 2043 argento
1048 2001 1184 2044 parata
1204 2001 1386 2047 mancipia

276 2066 451 2100 interesse.
497 2063 629 2099 Motus
648 2063 707 2099 his
730 2068 897 2104 senatus,
918 2060 1043 2097 literas
1061 2060 1188 2110 Lyciis
1208 2063 1255 2098 ad
1275 2062 1383 2100 Rho-

276 2127 357 2164 dios
378 2127 480 2163 dedit
497 2142 504 2162 2
536 2139 600 2162 nec
619 2126 747 2174 Lycios
765 2125 929 2168 Rhodiis,
950 2136 1012 2160 nec
1041 2125 1133 2160 ullos
1151 2118 1384 2174 alicuiquam

276 2193 336 2240 qui
350 2193 429 2227 nati
448 2191 548 2227 liberi
564 2191 648 2233 sint,
670 2192 705 2226 in
721 2191 928 2226 servitutem
948 2189 1030 2224 dari
1045 2190 1201 2237 placere.
1257 2191 1386 2238 Lycios

274 2256 328 2291 ita
353 2254 415 2290 sub
435 2253 659 2291 Rhodiorum
685 2254 792 2290 simul
821 2254 970 2301 imperio
989 2257 1022 2288 et
1044 2254 1157 2289 tutela
1177 2265 1260 2298 esse,
1289 2259 1330 2292 ut
1348 2256 1383 2292 in

274 2319 406 2355 ditione
419 2319 550 2367 populi
564 2318 722 2355 Romani
738 2318 899 2355 civitates
916 2318 1020 2354 sociae
1035 2318 1118 2353 sint.
