1546 2648
393 152 546 182 LIBER
570 149 686 179 XLV.
718 149 825 177 CAP.
850 146 980 176 XLII.
1152 144 1233 188 533

118 229 225 281 *mani
251 244 385 291 redegi,
411 247 460 285 et,
490 242 583 290 quod
611 235 740 276 bellum
761 251 826 287 per
852 237 1123 287 quadriennium
1147 246 1236 284 qua·
1251 241 1432 272 U.C.58⁵»

126 314 208 344 tuor
226 313 309 344 ante
332 319 388 343 me
412 306 566 343 consules
592 305 646 340 ita
671 306 868 351 gesserunt,
896 306 935 337 ut
953 312 1088 349 semper
1106 311 1237 336 succes-
1252 284 1340 316 ὡς·
1362 287 1433 317 ¹⁶7'

124 374 199 408 sori
219 372 402 407 traderent
417 370 577 417 gravius,
598 368 636 403 id
653 379 717 414 ego
737 366 936 414 quindecim
956 365 1076 401 (liebus
1091 363 1239 413 perfeci.

127 437 298 473 Aliarum
334 434 461 470 deinde
489 433 726 469 secundarum
761 443 880 467 rerum
912 431 1009 466 velut
1049 434 1241 478 proventus

124 504 283 535 secutus:
302 499 463 534 civitates
477 507 594 533 omnes
605 495 829 531 Macedoniae
843 506 878 530 se
895 494 1107 530 dediderunt
1118 510 1131 537 ,-
1148 505 1242 540 gaza

127 565 227 611 regia
249 565 284 599 in
308 566 523 611 potestatem
541 561 665 605 venit3
694 571 756 596 rex
773 561 862 608 ipse,
882 559 1104 595 tradentibus
1128 571 1244 606 prope

127 630 212 676 ipsis
244 628 343 670 Diis,
380 629 415 663 in
448 627 579 674 templo
613 624 894 661 Samothracum
931 636 1010 660 cum
1044 623 1161 659 liberis
1193 627 1244 659 est

129 697 264 740 captus.
286 707 296 712 „
322 692 418 728 Mihi
450 702 586 739 quoque
614 690 683 738 ipsi
716 691 830 725 nimia
868 687 947 736 jam
972 686 1132 737 fortuna
1164 699 1243 723 ‘mea

125 757 253 798 videri,
287 767 394 804 eoque
425 759 586 802 suspecta
616 765 698 789 esse.
764 753 883 789 Maris
924 753 1086 801 pericula
1123 753 1246 788 timere

129 821 230 867 coepi,
252 820 288 854 in
308 824 412 854 tanta
433 818 586 866 pecunia
614 818 715 865 regia
733 818 771 852 in
791 817 943 852 Italiam
962 814 1192 862 trajicienda,
1211 820 1245 852 et

126 885 260 920 victore
278 884 434 918 exercitu
468 882 758 928 transportando.
816 881 1012 928 Postquam
1044 882 1165 916 omnia
1189 893 1244 924 se·

130 948 244 990 cundo
260 949 406 983 navium
422 958 525 982 cursu
544 947 579 981 in
596 945 747 981 Italiam
759 949 1005 993 pervenerunt,
1021 956 1134 992 neque
1151 950 1243 988 erat,

128 1013 227 1062 quod
245 1013 344 1048 ultra
360 1023 540 1060 precarer,
562 1012 654 1048 illud
672 1011 809 1058 optavi,
829 1015 882 1052 ut,
904 1021 1013 1058 quum
1040 1022 1083 1046 ex
1109 1021 1246 1047 summo

129 1083 229 1114 retro
249 1078 341 1114 volvi
358 1077 517 1126 fortuna
536 1081 744 1119 consuesset,
775 1076 1011 1112 mutationem
1029 1073 1104 1122 ejus
1122 1076 1247 1112 domus

133 1155 212 1179 mea
227 1144 360 1190 potius,
381 1154 487 1190 quam
505 1141 716 1189 respublica,
735 1141 894 1176 sentiret.
952 1131 1080 1188 Itaque
1095 1140 1245 1189 defurm-

133 1211 210 1243 tam
230 1218 302 1242 esse
317 1205 514 1255 fortunam
537 1207 721 1254 publicam
741 1218 819 1242 mea
846 1211 920 1242 tam
940 1207 1069 1254 insigni
1094 1208 1246 1243 calami-

129 1274 209 1306 tate
225 1282 347 1318 speroz
376 1271 471 1318 quod
502 1269 704 1318 triumphus
727 1274 836 1312 meus,
865 1270 962 1306 velut
986 1272 1035 1306 ad
1054 1271 1248 1307 ludibrium

132 1347 278 1373 casuum
298 1334 548 1377 humanorum,
569 1334 704 1370 duobus
720 1333 914 1383 funeribus
937 1335 1127 1371 liberorum
1153 1348 1250 1372 meo-

130 1412 208 1436 rum
230 1404 282 1436 est
299 1401 537 1447 interpositus.
594 1400 659 1442 Et,
686 1411 795 1448 quum
824 1412 889 1447 ego
918 1404 954 1435 et
980 1400 1132 1436 Perseus
1156 1413 1250 1437 nunc

134 1464 268 1500 nobilia
286 1465 440 1499 maxime
472 1464 576 1499 sortis
600 1464 811 1499 mortalium
843 1465 1004 1511 exempla
1035 1468 1247 1512 spectemur,

132 1528 209 1569 ille,
231 1528 292 1574 qui
309 1531 391 1581 ante
403 1538 439 1563 se
457 1528 617 1574 captivos
635 1528 795 1574 captivus
810 1528 884 1575 ipse
899 1528 983 1563 duci
1002 1527 1127 1564 liberos
1140 1529 1257 1571 vidus

134 1592 328 1628 incolumes
347 1596 464 1627 tamen
479 1603 536 1627 eos
555 1591 658 1627 habet
671 1607 682 1627 :
701 1603 779 1639 ego,
793 1592 855 1639 qui
873 1592 918 1627 de
932 1592 995 1627 illo
1015 1593 1248 1640 triumphavi,

133 1655 179 1691 ab
207 1656 357 1692 alterius
372 1655 507 1704 funere
528 1656 607 1704 filii
639 1668 747 1692 carru
779 1658 815 1692 in
846 1658 870 1681 ὅθ
892 1659 916 1681 ³⁶
938 1656 961 1678 ἦ
993 1668 1035 1692 ex
1069 1657 1250 1705 Capitolio

132 1732 247 1769 prope
265 1719 348 1766 jam
379 1722 620 1768 exspirantem
655 1722 762 1757 veni:
789 1732 902 1768 neque
934 1732 976 1756 ex
1010 1726 1113 1758 tanta
1138 1723 1251 1770 stirpe

131 1782 285 1820 ziberam
312 1789 482 1832 superest,
514 1786 576 1832 qui
596 1785 639 1820 L.
652 1785 801 1820 AEmilii
822 1785 952 1820 Paulli
987 1797 1112 1822 nomen
1129 1785 1250 1834 ferat.

134 1848 243 1884 Duos
267 1850 373 1893 enirn,
409 1853 593 1896 tamquam
625 1861 666 1884 ex
697 1861 831 1897 magna.
855 1851 1027 1897 progenie
1061 1850 1252 1886 liberorum

133 1914 173 1948 in
191 1914 416 1961 adoptionem
451 1916 566 1955 datos,
589 1915 757 1951 Cornelia
787 1920 823 1951 et
851 1916 960 1951 Fabia
983 1928 1070 1963 gens
1097 1916 1251 1960 liabent,-

136 1977 264 2014 Paulli
297 1980 332 2014 in
352 1980 469 2022 domo,
487 1985 620 2027 praeter
643 1991 692 2021 se,
712 1992 814 2015 nemo
844 1985 1011 2027 superest.
1068 1981 1142 2016 Sed
1161 1981 1252 2017 hanc

136 2042 274 2079 cladem
293 2044 417 2080 domus
438 2056 524 2081 meoe
547 2049 665 2080 vestra
683 2043 849 2094 felicitas
868 2050 903 2081 et
919 2047 1074 2082 secunda
1091 2045 1253 2094 fortuna

134 2105 280 2154 publica
297 2109 509 2144 consolatur.

194 2169 326 2208 XLII.
363 2171 471 2215 Haec,
492 2178 602 2209 tanto
622 2172 722 2208 dicta
743 2172 884 2215 animo,
905 2174 1025 2222 magis
1046 2173 1250 2219 confudere
1262 2163 1465 2237 Triurlrjpgus

138 2233 372 2271 audientium
394 2237 555 2280 animos,
576 2249 689 2286 quam
709 2238 740 2272 si
760 2237 1025 2274 miserabiliter
1045 2237 1248 2275 orbitatem
1262 2216 1397 2281 ὃὲἴένίῑῗ,
1430 2217 1462 2239 n'

136 2309 244 2334 suam
264 2298 435 2336 deflendo
454 2298 602 2337 loeutus
623 2307 734 2336 esset.
782 2301 852 2338 Cn.
866 2301 1048 2338 Octavius
1064 2301 1247 2340 Kalend'u

634 2354 669 2390 A
685 2366 706 2389 a
725 2354 748 2390 3
