1546 2648
337 153 416 194 118
472 210 476 217 ι
789 164 837 193 Τ.
862 165 997 194 mvn

143 259 185 290 U.
198 257 234 289 C.
252 255 381 290 563.C.
397 253 566 296 Atinius,
593 253 635 290 P.
655 253 834 290 Claudius
865 254 1042 298 Pulcher,
1069 252 1115 292 L.
1131 253 1299 291 Manlius
1319 253 1452 292 Acidi-

140 301 231 332 A'C’
251 307 323 334 ¹8⁹¹
335 333 417 356 nus.
476 319 650 355 Comitiis
685 318 875 368 perfectis,
906 319 1101 356 consulem
1132 319 1190 356 M.
1210 319 1383 356 Fulvium
1411 321 1451 355 in

333 384 568 435 provinciam
598 382 644 419 ad
675 384 882 419 exercitum
914 384 1035 420 redire
1068 384 1238 434 placuit3
1276 385 1386 433 eique
1414 390 1453 419 et

335 447 491 496 collegae
509 446 580 482 Cn.
596 445 745 482 Manlio
766 447 965 496 imperium
985 448 1023 483 in
1044 460 1185 484 annum
1204 452 1452 498 prorogatum

333 517 406 548 est.
461 510 522 546 Eo
542 522 642 545 anno
663 510 701 545 in
724 509 838 545 aedem
860 509 1037 545 Herculis
1059 510 1208 559 siguum
1234 510 1308 547 Dei
1334 511 1453 560 ipsius

335 587 384 612 ex
410 574 708 611 decemvirorum
737 585 934 623 responso,
956 580 995 609 et
1022 573 1170 624 sejuges
1201 575 1238 610 in
1259 573 1453 624 Capitolio

334 639 460 676 aurati
491 650 513 673 a
541 637 584 672 P.
607 635 788 671 Cornelio
816 637 957 685 positi:
999 637 1192 673 consulem
1221 637 1367 673 dedisse
1394 637 1455 672 in-

336 702 519 751 scriptum
548 705 617 735 est.
673 699 726 734 Et
753 699 951 735 duodecim
979 699 1100 749 clipea
1119 706 1251 736 aurata
1270 699 1317 735 ab
1337 698 1455 735 aedili-

334 765 408 802 bus
438 764 646 807 curulibus,
672 763 714 800 P.
735 763 895 799 Claudio
923 763 1089 800 Pulchro
1118 770 1156 800 et
1186 764 1265 799 Ser.
1286 762 1455 813 Sulpicio

338 829 478 873 Galba,
499 834 588 864 sunt
606 828 732 878 posita
752 840 799 863 ex
822 828 996 877 pecunia,
1018 841 1092 877 qua
1111 827 1377 864 frumentarios
1403 826 1453 864 ob

338 906 531 931 annonam
557 905 811 942 compressam
836 893 1088 929 damnarunt:
1122 899 1160 928 et
1189 892 1303 929 aedilis
1333 891 1455 942 plebis

334 959 388 998 Q.
404 958 556 995 Fulvius
577 956 733 993 Flaccus
754 957 830 993 duo
849 957 958 1005 signa
983 963 1128 1000 aurata,
1149 969 1225 992 uno
1254 968 1319 991 reo
1348 955 1454 991 dam-

338 1030 446 1067 nato,
471 1025 574 1070 (nam
596 1022 798 1072 separatim
819 1021 1103 1068 accusaverant)
1127 1021 1276 1071 posuit:
1309 1018 1457 1067 collega

146 1091 239 1165 {mg
257 1097 328 1122 564.
341 1087 421 1138 ejus
441 1088 487 1124 A.
505 1086 679 1123 Caecilius
700 1086 889 1121 neminem
909 1085 1187 1121 condemnavit.
1242 1083 1343 1119 Ludi
1371 1082 1455 1119 Ro-

179 1155 185 1162 .
231 1156 238 1164 .
257 1141 329 1166 188.

339 1153 535 1200 maniter,
555 1150 695 1201 plebeii
718 1150 914 1198 quinquies
939 1150 1013 1185 toti
1038 1148 1251 1185 instaurati.
1306 1147 1364 1183 M.
1380 1146 1458 1183 Va-

339 1217 453 1252 lerius
473 1214 656 1251 Messalla
677 1214 764 1249 inde
785 1220 822 1249 et
843 1214 887 1250 C.
903 1213 1034 1249 Livius
1061 1212 1252 1249 Salinator
1280 1211 1458 1249 consula-

340 1288 423 1317 tum
444 1279 566 1316 idibus
585 1278 738 1315 Martiis
760 1291 875 1327 quum
897 1278 1070 1320 inissent,
1092 1277 1137 1314 de
1166 1276 1372 1327 republica,
1394 1275 1458 1312 de·

343 1357 415 1394 que
436 1342 639 1394 provinciis
660 1347 698 1377 ct
721 1341 948 1378 exercitibus
978 1346 1151 1377 senatum
1175 1339 1458 1376 consuluerunt.

344 1409 405 1445 De
424 1407 573 1445 AEtolia
592 1413 630 1443 et
649 1407 741 1443 Asia
760 1405 856 1441 nihil
873 1410 1061 1441 mutatum
1087 1411 1156 1441 est.
1213 1403 1457 1447 Consulibus,

345 1473 453 1509 alteri
481 1472 579 1508 Pisae
609 1483 694 1507 cum
726 1469 948 1518 Liguribus,
970 1468 1080 1505 alteri
1110 1467 1460 1518 Gallia'provincia

344 1537 495 1574 decreta
513 1541 592 1572 est:
625 1547 844 1585 comparare
865 1535 962 1569 inter
982 1545 1035 1575 se,
1057 1538 1122 1568 aut
1142 1533 1268 1568 sortiri
1287 1531 1400 1581 jussi,
1421 1538 1461 1568 et

344 1613 464 1638 novos
484 1599 685 1643 exercitus,
704 1599 814 1635 binas
834 1598 1018 1646 legioueS‚
1036 1596 1213 1639 scribere,
1231 1602 1269 1632 et
1287 1601 1329 1632 ut
1348 1596 1459 1632 sociis

345 1665 476 1701 Latini
496 1663 660 1700 nominis
688 1664 804 1712 quina
830 1663 926 1699 dena
954 1660 1073 1698 millia
1100 1661 1271 1712 peditum
1298 1661 1460 1711 impera-

345 1735 443 1772 rent,
464 1734 502 1764 et
521 1727 623 1765 mille
643 1734 681 1764 et
700 1728 883 1764 ducentos
911 1727 1068 1776 equiteS.
1124 1724 1314 1762 Messallae
1340 1724 1460 1774 Ligu-

345 1805 418 1836 res,
442 1792 646 1828 Salinatori
667 1791 808 1839 obtigit
828 1790 964 1827 Gallia.
1023 1790 1208 1826 Praetores
1229 1789 1315 1825 inde
1335 1789 1461 1825 sortiti

346 1863 448 1894 sunt.
502 1855 560 1893 M.
575 1855 735 1892 Claudio
756 1855 914 1898 urbana,
935 1854 977 1891 P.
994 1854 1156 1890 Claudio
1175 1854 1374 1903 peregriua
1393 1851 1459 1903 ju-

346 1921 517 1957 risdictio
537 1920 675 1956 evenit.
732 1920 784 1956 Q.
799 1918 967 1955 Marcius
996 1917 1177 1959 Siciliam,
1200 1917 1459 1953 C.Stertinius

348 1984 576 2027 Sardiniam,
613 1982 660 2020 L.
685 1982 854 2019 Manlius
895 1982 1119 2031 Hispaniam
1156 1980 1382 2023 citeriorem,
1416 1980 1461 2017 C.

349 2049 503 2085 Atinius
523 2047 738 2083 ulteriorem
760 2052 817 2082 est
835 2046 1004 2083 sortitus.

403 2110 599 2148 XXXVI.
637 2110 698 2147 De
727 2110 953 2146 exercitibus
986 2110 1041 2145 ita
1072 2107 1236 2158 placuit:
1280 2119 1300 2143 e
1337 2106 1463 2144 Gallia

346 2175 529 2224 legiones,
551 2187 633 2223 quae
654 2173 722 2210 sub
745 2173 787 2210 C.
801 2173 923 2209 Laelio
948 2173 1112 2214 fueraut,
1134 2171 1180 2207 ad
1207 2170 1264 2207 M.
1276 2170 1461 2208 Tuccium
1521 2186 1524 2188 ’

345 2243 618 2288 propraetorem
638 2237 676 2273 in
697 2236 871 2272 Bruttios
893 2236 1038 2272 traduci
1057 2250 1064 2270 :
1098 2241 1149 2278 et,
1170 2236 1234 2284 qui
1262 2235 1302 2270 in
1332 2234 1462 2271 Sicilia

346 2310 459 2350 esset,
480 2304 620 2342 dimitti
639 2303 871 2349 exercitum
903 2308 942 2339 et
961 2301 1133 2345 classem,
1154 2313 1237 2351 quae
1266 2300 1320 2337 ibi
1349 2305 1461 2342 esset,
1524 2326 1537 2340 ,
