1546 2648
302 146 388 198 486
755 157 800 187 Τ.
824 157 957 188 mvn

113 253 201 285 0.(3.
219 259 292 286 584.
306 249 427 284 tulisse
462 250 561 284 intra
595 250 760 285 terminos
791 253 952 284 sacratos
983 247 1109 296 templi
1141 248 1318 284 dicantur.
1374 246 1418 283 Si

111 300 148 328 A.
163 297 200 328 c·
220 302 290 328 ¹⁶⁸·
303 313 494 362 confideret
507 313 689 356 Evander,
710 314 894 349 innoxium
911 324 948 349 se
957 313 1012 349 rei
1029 312 1197 361 capitalis
1215 312 1335 359 argui,
1354 321 1416 347 ve·

110 1097 256 1128 Evander

113 1141 272 1179 Cretensis

110 1185 235 1215 occisus
249 1194 268 1216 a

111 1227 234 1259 Perseo.

301 378 396 413 niret
414 378 463 413 acl
489 389 650 414 caussam
678 378 866 413 dicendam
879 392 892 413 .·
920 378 950 412 si
978 378 1199 413 committere
1218 387 1255 412 se
1274 373 1417 422 jndicio

302 453 373 478 non
401 443 564 485 auderet,
596 442 764 479 liberaret
790 442 961 489 religione
990 442 1175 489 templum,
1205 453 1248 476 ac
1277 440 1417 476 sibimet

304 508 376 554 ipse
390 507 597 544 consuleret.
654 506 829 549 Perseus,
851 512 1010 542 evocato
1028 505 1222 548 Evandro,
1234 504 1416 552 judicium

300 570 469 607 subeundi
487 572 587 607 nullo
603 575 712 619 pacto
741 575 867 606 auctor
888 582 981 607 esse:
1009 581 1072 606 nec
1090 582 1226 612 caussa,
1246 581 1311 606 nec
1326 581 1415 616 gra-

303 637 355 671 tia
371 647 496 684 parem
508 635 608 684 fore.
665 633 827 671 Suberat
847 640 886 670 et
903 634 967 670 ille
986 641 1122 676 metus,
1142 647 1192 670 ne
1216 634 1413 670 damnatus

303 704 498 735 auctorem
528 711 567 735 se
597 698 750 734 nefandi
780 697 961 734 facinoris
991 689 1259 748 protraheret}
1287 697 1419 745 reliqui

304 763 390 810 quid
407 767 507 806 esset,
527 763 598 799 nisi
614 761 819 812 utfortiter
837 764 1015 799 moriatur
1027 763 1049 798 ,⁹
1075 761 1186 798 Nihil
1203 760 1328 811 palam
1348 759 1417 797 ab·

303 838 419 864 nuere
445 826 646 863 Evander:
680 826 745 862 sed
763 838 893 876 quum,
923 838 1070 862 veneno
1100 837 1139 862 se
1167 824 1279 862 malle
1304 824 1417 868 mori,

304 902 417 939 quam
432 890 549 935 ferro,
570 891 728 928 dixisset
739 907 752 937 3
784 889 933 928 occulte
951 890 1081 939 fugam
1101 889 1283 941 parabat:
1316 889 1418 938 quod

304 967 420 1004 quum
453 956 718 992 renunciatum
746 957 827 1005 regi
856 962 969 1000 esset,
999 962 1186 998 metuens,
1220 967 1282 998 ne,
1317 960 1415 990 tam-

304 1031 418 1068 quam
438 1033 460 1056 a
479 1033 518 1056 se
537 1020 733 1057 subtracto
752 1033 876 1071 poenae
905 1033 985 1064 reo,
1005 1020 1100 1057 iram
1127 1019 1418 1056 Samothracum

304 1083 345 1119 in
373 1096 413 1120 se
442 1090 693 1128 converteret,
724 1084 886 1121 interfici.
914 1084 1133 1121 Evandrum
1146 1084 1275 1134 jussit.
1330 1083 1419 1137 Qua

305 1153 521 1198 perpetrata
541 1156 682 1184 temere
700 1148 814 1191 caede,
835 1148 953 1185 subiit
968 1147 1160 1198 extemplo
1179 1148 1361 1190 animum,
1378 1147 1418 1183 in

305 1224 345 1248 se
372 1212 549 1249 nimirum
580 1219 771 1264 receptam
799 1211 938 1256 labem,
960 1226 1042 1262 quae
1067 1212 1236 1249 Evandri
1255 1211 1416 1248 fuisset:

304 1274 352 1312 ab
372 1274 438 1312 illo
458 1275 619 1327 Delphis
637 1276 877 1313 vulneratum
895 1276 1122 1320 Eumenem,
1143 1276 1191 1313 ab
1220 1288 1260 1318 se
1282 1276 1418 1313 Samo-

304 1339 445 1375 thracae
464 1338 685 1376 Evandrum
704 1340 872 1376 occisum
891 1355 898 1376 :
926 1340 986 1385 'ita
1011 1339 1087 1376 duo
1109 1338 1349 1375 sanctissima
1377 1338 1418 1375 in

302 1404 413 1440 terris
430 1403 586 1454 templa,
602 1416 642 1440 se
662 1394 741 1440 uno
759 1410 929 1448 auctore,
950 1405 1135 1453 sanguine
1151 1404 1319 1441 humano
1335 1404 1416 1441 vio-

303 1467 394 1505 lata.
431 1467 558 1519 Hujus
578 1469 632 1505 rei
652 1469 808 1512 crimen,
826 1475 1015 1520 conrupto
1034 1462 1414 1520 pecuniaTheonda,

306 1532 502 1576 avertitur,
523 1539 565 1568 ut
586 1534 827 1569 renunciaret
848 1533 1006 1584 populo,
1026 1532 1246 1570 Evandrum
1267 1531 1339 1570 sibi
1358 1533 1418 1583 ip-

306 1608 388 1633 sum
407 1603 569 1633 mortem
589 1597 791 1634 conscisse.

358 1659 428 1697 VI.
459 1659 636 1697 Ceterum
667 1667 778 1697 tanto
797 1660 968 1698 facinore
995 1661 1035 1698 in
1064 1661 1217 1699 unicum
1245 1660 1418 1698 relictum

306 1719 483 1769 amicum,
504 1724 552 1761 ab
572 1725 656 1775 ipso
675 1737 743 1776 per
767 1731 828 1763 tot
847 1738 954 1763 casus
974 1732 1186 1776 expertum,
1206 1725 1419 1776 proditum-

306 1802 394 1840 que,
415 1790 504 1839 quia
531 1803 609 1827 non
639 1791 872 1841 prodiderat,
893 1792 1062 1828 omnium
1092 1790 1140 1827 ab
1166 1803 1205 1827 se
1225 1789 1418 1827 abaliena-

305 1855 361 1892 vit
389 1855 548 1892 animos.
605 1854 681 1891 Pro
702 1867 741 1892 se
761 1856 920 1905 quisque
944 1856 1105 1892 transire
1125 1855 1171 1892 ad
1190 1853 1388 1891 Romanos
1407 1868 1416 1890 ε

307 1918 483 1968 fugaeque
503 1918 705 1955 consilium
724 1931 858 1969 capere
883 1919 1005 1956 solum
1025 1932 1143 1970 prope
1163 1918 1336 1956 relictum
1354 1930 1419 1955 co-

307 1988 490 2032 egerunt:
523 1982 820 2033 Oroandemque
845 1984 1082 2027 Cretensem,
1104 1984 1165 2020 cui
1183 1991 1277 2020 nota
1295 1982 1418 2019 Thra-

307 2047 375 2085 ciae
395 2059 463 2083 ora
481 2052 576 2090 erat,
596 2047 685 2096 quia
704 2053 933 2085 mercaturas
954 2051 994 2084 iu
1017 2060 1061 2084 ea
1079 2048 1235 2096 regione
1260 2046 1417 2089 fecerat,

307 2109 486 2161 adpellat,
509 2117 549 2146 ut
568 2123 608 2147 se
627 2110 819 2148 sublatum
836 2112 875 2148 in
894 2111 1060 2149 lembum
1079 2111 1127 2147 ad
1146 2110 1286 2160 Cotym
1305 2109 1418 2146 deve-

305 2175 424 2212 heret.
482 2174 721 2212 Demetrium
742 2183 799 2212 est
826 2183 958 2227 portus
976 2176 1016 2212 in
1035 2175 1301 2226 promontorio
1321 2187 1416 2224 quo-

304 2234 390 2276 dam
411 2240 668 2276 Samothracae
687 2255 694 2275 :
727 2239 781 2277 ibi
795 2239 942 2277 lembus
963 2239 1102 2277 stabat.
1141 2239 1219 2277 Sub
1240 2251 1416 2276 occasum

305 2303 394 2341 solis
414 2303 648 2347 deferuntur,
669 2317 751 2354 quae
772 2304 818 2341 ad
837 2317 946 2341 usum
966 2304 1179 2341 necessaria
1197 2309 1328 2341 erant:
1351 2302 1415 2339 de-

1528 71 1546 159 ...34032
1524 0 1546 67 m
