1546 2648
258 154 413 183 LIBER
437 151 668 181 xxxvln.
702 151 809 179 CAP.
830 149 988 179 xvut.
1123 149 1187 191 99

66 243 253 281 exercitus
273 256 339 294 per
358 242 512 293 Axylon
535 243 666 291 (quam
684 239 840 286 vocant)
859 246 999 275 terram
1019 245 1234 289 coeptus.1J.
1252 249 1288 279 C.
1308 253 1382 279 568.

69 306 133 343 Ab
147 318 186 342 re
204 319 344 343 nomen
363 305 501 343 habet:
534 317 613 342 non
633 304 728 353 ligni
746 303 860 339 modo
876 302 1095 351 quidquam,
1116 301 1181 338 sed
1193 295 1232 324 Α·
1249 293 1285 322 C.
1305 298 1376 324 ¹⁴³⁹·

68 383 118 407 ne
143 370 268 422 spinas
298 371 463 420 quidem,
494 375 560 406 aut
589 368 706 405 ullum
736 366 838 404 aliud
867 366 1089 403 alimentum
1107 366 1183 403 fert

70 435 182 486 ignis.
236 435 348 472 Fimo
362 434 508 472 bubulo
527 447 596 485 pro
612 432 724 482 lignis
743 438 912 469 utuntur.
958 431 1020 468 Ad
1040 429 1182 467 Cubal-

70 499 163 544 lum,
183 498 446 549 Gallograeciae
471 497 683 540 castellum,
703 502 828 532 castra
848 493 1078 532 habentibus
1098 493 1182 531 Ro-

67 563 190 603 manis
211 564 416 614 adparuere
435 575 522 600 cum
544 574 683 611 magno
702 560 867 597 tumultu
888 559 1060 596 hostium
1076 559 1182 608 equi-

70 636 152 667 tes:
183 643 254 667 nec
282 629 485 666 turbarunt
506 634 657 665 tantum
686 627 870 663 stationes
891 625 1103 668 Romanas,
1123 639 1182 663 re-

70 703 186 749 pente
212 697 352 734 invecti
367 712 377 741 3
410 695 474 732 sed
492 695 676 744 quosdam
705 695 818 730 etiam
846 693 1086 730 occiderunt:
1119 695 1185 744 qui

72 761 257 798 tumultus
277 773 393 811 quum
420 761 460 796 in
490 766 613 796 castra
638 758 804 809 perlatus
828 764 939 802 esset,
961 758 1097 796 effusus
1125 771 1184 795 re-

73 834 187 877 pente
202 826 378 862 omnibus
395 826 514 875 portis
533 825 722 874 equitatus
739 823 937 860 Romanus
957 823 1057 861 fudit
1074 823 1186 873 fuga-

71 891 200 941 vitque
236 889 383 933 Gallos,
415 896 454 926 et
485 888 631 938 aliquot
662 889 851 938 fugientes
882 889 1032 925 occidit.
1090 888 1187 926 Inde

72 955 219 999 consul,
248 961 289 991 ut
321 955 384 1004 qui
404 952 487 1004 jam
518 953 566 990 ad
593 954 722 990 hostes
755 959 979 1004 perventum
999 960 1184 997 cerneret,

72 1019 272 1070 explorato
291 1019 427 1056 deinde
449 1024 487 1056 et
513 1031 598 1055 cum
618 1031 709 1055 cura
727 1025 862 1054 coacto
882 1018 1034 1067 agmine
1052 1030 1187 1068 proce-

75 1083 208 1120 debat:
241 1089 279 1119 et
298 1081 583 1119 continentibus
610 1081 809 1118 itineribus
830 1095 945 1131 quum
971 1082 1017 1118 ad
1040 1082 1186 1131 Sanga·

74 1149 172 1185 rium
200 1148 339 1185 flumen
368 1148 613 1198 pervenisset,
647 1153 818 1197 pontem,
852 1147 942 1197 quia
971 1147 1067 1183 vado
1096 1160 1188 1184 nus-

74 1226 187 1263 quam
207 1214 388 1249 transitus
409 1219 503 1255 erat,
523 1212 647 1249 facere
668 1211 845 1248 instituit.
904 1211 1124 1260 Sangarius,
1141 1225 1189 1250 ex

74 1277 227 1314 Adoreo
264 1283 398 1312 monte
426 1288 494 1326 per
524 1275 728 1325 Phrygiam
756 1275 891 1318 fluens,
924 1276 1105 1312 miscetur
1140 1276 1188 1313 ad

73 1341 296 1391 Bithyniam
324 1340 525 1390 Tymbreti
549 1339 688 1376 fluvio:
721 1339 809 1375 inde
828 1338 951 1389 major
963 1338 1046 1389 jam
1067 1342 1187 1389 gemi-

73 1406 173 1443 natis
194 1405 300 1455 aquis
319 1417 385 1456 per
404 1404 627 1455 Bithyniam
646 1404 780 1447 fertur,
797 1411 835 1440 et
854 1404 893 1439 in
912 1404 1186 1455 Propontidem

75 1483 156 1507 sese
175 1469 357 1514 effundit3
388 1482 468 1506 non
495 1476 624 1505 tamen
652 1475 732 1505 tam
761 1469 1022 1518 magnitudine
1044 1482 1187 1507 memo-

71 1532 216 1577 rabilis,
252 1546 364 1582 quam
390 1533 492 1582 quod
519 1533 680 1584 piscium
709 1532 850 1569 adcolis
887 1533 1083 1582 ingentem
1112 1535 1188 1571 vim

74 1599 231 1650 praebet.
285 1598 549 1647 Transgressis
579 1606 696 1649 ponte
720 1598 891 1649 perfecto
916 1599 1071 1643 flumen,
1091 1613 1187 1650 prae-

77 1671 134 1700 ter
152 1663 274 1714 ripam
289 1662 466 1699 euntibus
480 1661 581 1698 Galli
595 1662 733 1699 Matris
749 1662 904 1712 Magnae
920 1676 942 1699 a
960 1663 1188 1701 Pessinunte
1240 1680 1246 1685 s

76 1727 278 1764 obcurrere
298 1740 383 1763 cum
405 1727 617 1776 insignibus
638 1728 729 1771 suis,
747 1727 997 1764 vaticinantes
1017 1728 1186 1766 fanatico

75 1792 254 1835 carmine,
285 1791 410 1828 Deam
445 1791 632 1828 Romanis
661 1793 760 1828 viam
798 1791 887 1828 belli
921 1799 959 1828 et
988 1793 1186 1830 victoriam

72 1857 174 1899 dare,
194 1857 468 1906 imperiumque
487 1855 566 1907 ejus
586 1857 765 1905 regionis.
812 1857 996 1908 Accipere
1016 1870 1054 1894 se
1074 1870 1186 1895 omen

75 1933 190 1970 quum
215 1919 371 1956 dixisset
400 1920 547 1964 consul,
578 1926 702 1957 castra
731 1933 776 1956 eo
806 1921 888 1971 ipso
915 1920 1002 1957 loco
1031 1922 1185 1971 posuit:

73 1989 228 2034 postero
247 1983 307 2019 die
323 1983 370 2019 ad
390 1983 576 2020 Gordium
595 1984 778 2034 pervenit.
822 1984 868 2020 Id
886 1985 987 2021 haud
1007 1998 1186 2035 magnum

72 2047 221 2096 quidem
237 2047 418 2097 oppidum
435 2054 505 2091 est,
522 2048 587 2084 sed
606 2047 703 2098 plus,
721 2061 832 2097 quam
850 2049 1182 2093 mediterraneum,

72 2110 218 2149 celebre
235 2119 274 2148 et
290 2111 467 2160 frequens
484 2113 692 2163 emporium
710 2127 716 2148 :
739 2114 814 2149 tria
833 2114 952 2150 maria
967 2115 1048 2164 pari
1067 2114 1185 2151 ferme

73 2175 254 2212 distantia
282 2176 481 2212 intervallo
511 2176 642 2221 habet,
664 2177 974 2228 Hellespontum,
999 2179 1045 2215 ad
1072 2179 1186 2215 Sino-

72 2251 161 2289 pen,
183 2245 220 2275 et
240 2238 391 2275 alterius
412 2252 488 2276 01·ae
514 2239 642 2284 litora,
664 2254 738 2290 qua
757 2241 895 2278 Cilices
919 2243 1100 2278 maritimi
1121 2256 1185 2279 co-

73 2300 180 2339 lunt:
229 2301 432 2340 multarum
464 2316 764 2356 magnarumque
795 2312 978 2358 praeterea
1014 2307 1185 2356 gentium

233 2367 240 2373 '
589 2368 621 2405 F
640 2369 663 2404 2
