1546 2648
312 203 396 248 266
474 219 478 225 ·
763 215 811 245 T·
835 216 969 247 mvn

118 308 161 339 U.
173 309 208 340 c.
227 316 300 346 572.
311 318 430 358 prope
444 304 546 343 mille
564 312 727 344 centum.
772 306 899 343 Nullis
920 306 1050 344 castris
1069 319 1115 343 eo
1132 306 1191 344 die
1210 308 1332 345 victor
1349 300 1415 346 exss

117 351 158 383 A.
171 352 209 384 C.
228 361 299 386 180.

89 1210 162 1246 Res
176 1214 208 1245 in

100 1258 229 1297 Liguria

98 1308 206 1340 geStaeC

310 372 447 408 ercitus
477 371 636 407 mansit:
668 370 828 407 victoria
855 383 933 407 non
962 371 1043 407 sine
1064 370 1218 422 jactura
1249 371 1412 409 militum

306 435 402 472 fuit:
434 434 699 485 quadringenti
719 435 961 485 septuaginta
978 435 1053 472 duo
1073 435 1209 472 milites
1228 435 1412 479 Romani,

306 498 454 536 socifim
482 512 525 535 ac
553 498 682 535 Latini
711 499 876 535 nominis
905 499 1007 536 mille
1035 500 1164 536 decem
1192 506 1231 536 et
1257 512 1410 544 novem,

304 574 389 601 cum
403 563 462 600 his
481 563 556 599 tria
574 562 691 599 millia
709 563 870 599 militum
891 563 1174 600 auxiliariorum
1190 565 1382 615 perierunt
1397 578 1406 600 ε

301 628 357 664 ita
384 627 506 663 victor
532 627 732 670 exercitus,
753 633 933 663 renovata
960 628 1086 677 priore
1114 628 1248 677 gloria,
1268 628 1412 665 Tarra«

301 702 436 728 eonem
452 695 508 726 est
526 688 741 739 perductus,
796 688 975 725 Venienti
994 690 1129 727 Fulvio
1148 691 1209 728 Ti.
1230 691 1407 741 Sempro-

298 755 382 790 nius
412 759 565 803 praetor,
586 753 650 801 qui
677 752 794 788 biduo
824 758 911 789 ante
939 759 1107 798 venerat,
1137 753 1293 790 obviam*
1317 767 1406 804 pro-

297 817 436 862 cessit3
469 815 753 865 gratulatusque
783 821 853 859 est,
875 816 976 865 quod
999 816 1272 867 rempublicam
1297 829 1405 867 egre-

297 881 358 930 gie
378 881 576 929 gessisset:
609 892 693 916 cum
713 891 860 916 summa
888 881 1104 925 concordia,
1125 893 1218 931 quos
1239 881 1408 918 dimittes

295 951 393 988 rent,
432 956 602 994 quosque
648 944 855 980 retinerent
899 944 1052 988 milites,
1095 944 1402 996 composuerunt.

295 1007 389 1044 Inde
418 1007 586 1051 Fulvius,
607 1008 860 1044 exauctoratis
887 1008 1069 1045 militibus
1098 1010 1138 1046 in
1157 1022 1270 1046 naves
1291 1010 1400 1060 inpo-

294 1073 390 1116 sitis,
413 1067 579 1109 Romam
600 1078 657 1108 est
684 1072 889 1123 profectus.
946 1074 1189 1124 Sempronius
1219 1074 1259 1110 in
1282 1074 1400 1111 Celti-

292 1136 436 1172 beriam
455 1136 623 1184 legiones
641 1136 760 1172 duxit.

345 1199 456 1236 XLI.
487 1199 670 1236 Consules
687 1198 800 1236 ambo
818 1199 859 1235 in
879 1199 1038 1248 Ligures
1059 1201 1243 1236 exercitus
1263 1201 1398 1239 indux-

293 1269 403 1301 erunt
423 1263 576 1299 diversis
605 1262 788 1313 partibus.
844 1262 1062 1299 Postumius
1090 1263 1212 1312 prima
1230 1269 1268 1300 et
1287 1266 1399 1303 tertia

290 1328 443 1378 legione
471 1326 656 1364 Balistam
686 1326 1034 1376 Suismontiumque
1056 1333 1204 1364 montes
1224 1327 1395 1366 obsedit:

290 1399 343 1436 et,
363 1390 568 1443 premendo
587 1390 768 1440 praesidiis
788 1397 969 1439 angustos
990 1390 1105 1426 saltus
1126 1403 1270 1435 eorum,
1291 1405 1395 1430 com-

290 1461 436 1493 meatus
470 1453 695 1496 interclusit,
733 1454 935 1504 inopiaque
969 1454 1139 1490 omnium
1170 1467 1295 1492 rerum
1331 1469 1394 1497 eos

288 1519 516 1572 perdomuit.
571 1517 739 1561 Fulvius,
760 1518 924 1554 secunda
950 1524 988 1553 et
1007 1523 1142 1567 quarta
1160 1508 1310 1567 legione
1330 1522 1394 1557 ad-

289 1590 395 1621 ortus
427 1596 451 1619 a
485 1582 581 1618 Pisis
618 1581 800 1631 Apuanos
832 1580 1008 1630 Ligures,
1040 1582 1104 1631 qui
1137 1593 1268 1619 eorum
1296 1584 1396 1621 circa

287 1647 460 1685 Macram
475 1645 630 1682 fluvium
645 1644 877 1688 incolebant,
898 1645 936 1681 in
954 1645 1182 1682 deditionem
1203 1654 1394 1698 aecept08,

288 1712 335 1750 a'd
354 1718 497 1762 septem
516 1708 636 1746 millia
652 1709 850 1745 hominum
873 1710 909 1745 in
931 1722 1043 1746 naves
1075 1710 1279 1760 inpositos,
1297 1724 1393 1762 prae-

285 1783 345 1813 ter
364 1788 468 1812 oram
496 1773 650 1810 Etrusci
678 1773 790 1810 maris
816 1773 1019 1824 Neapolim
1042 1774 1275 1811 transmisit:
1307 1776 1393 1813 inde

286 1840 326 1877 in
357 1839 552 1876 Samnium
576 1837 754 1880 traducti,
787 1850 950 1887 agerque
979 1838 1036 1874 his
1068 1839 1166 1874 inter
1190 1838 1390 1889 populares

285 1903 394 1940 datus
415 1907 484 1938 est.
538 1899 814 1937 Montanorum
839 1900 1026 1949 Ligurum
1056 1901 1103 1938 ab
1123 1902 1171 1939 A.
1192 1901 1391 1940 Postumio

282 1967 401 2004 vineae
435 1977 554 2008 caesae,
586 1963 850 2012 frumentaque
878 1964 1034 2000 deusta:
1067 1964 1188 2001 donec
1221 1965 1388 2003 cladibus
1400 1969 1413 1985 ’-

282 2028 458 2067 omnibus
478 2027 568 2064 belli
587 2027 710 2063 coacti
737 2027 776 2062 in
797 2027 1027 2064 deditionem
1045 2034 1245 2071 venerunt,
1267 2025 1404 2066 arma-x

282 2106 356 2143 que
374 2091 621 2129 tradiderunt.
664 2090 836 2127 Navibus
856 2091 943 2127 inde
962 2091 1179 2128 Postumius
1199 2091 1246 2127 ad
1265 2092 1388 2129 visen-

281 2156 369 2195 dam
397 2169 501 2192 oram
531 2154 790 2204 Ingaunorum
824 2155 1182 2204 Intemeliorumque
1201 2154 1397 2204 Ligurum

281 2219 477 2272 processit.
533 2218 758 2267 Priusquam
785 2218 826 2254 hi
853 2217 1025 2254 consules
1055 2218 1227 2255 venirent
1254 2219 1302 2255 ad
1321 2232 1386 2258 ex-

280 2285 452 2327 ercitum,
473 2283 537 2332 qui
555 2281 661 2319 Pisas
681 2282 842 2319 indictus
863 2289 957 2326 erat,
978 2289 1166 2334 praeerant
1182 2283 1232 2320 A.
1246 2283 1385 2321 Postu-

279 2349 375 2386 mius
402 2354 439 2384 et
457 2346 573 2386 frater
601 2347 651 2387 Q.
670 2346 793 2384 Fulvii
821 2346 878 2385 M.
898 2346 1052 2385 Fulvius
1070 2346 1263 2385 Nobilior.
1309 2338 1385 2385 ‘Se-
