<?xml version="1.0" encoding="UTF-8"?>
<!DOCTYPE html PUBLIC "-//W3C//DTD XHTML 1.0 Transitional//EN"
    "http://www.w3.org/TR/xhtml1/DTD/xhtml1-transitional.dtd">
<html xmlns="http://www.w3.org/1999/xhtml" xml:lang="en" lang="en">
 <head>
  <title>
</title>
<meta http-equiv="Content-Type" content="text/html;charset=utf-8" />
  <meta name='ocr-system' content='tesseract 3.04.00' />
  <meta name='ocr-capabilities' content='ocr_page ocr_carea ocr_par ocr_line ocrx_word'/>
</head>
<body>
  <div class='ocr_page' id='page_1' title='image "./historiarumquaes04livyuoft/historiarumquaes04livyuoft_0050.png"; bbox 0 0 1546 2648; ppageno 0'>
   <div class='ocr_carea' id='block_1_1' title="bbox 287 175 946 225">
    <p class='ocr_par' dir='ltr' id='par_1_1' title="bbox 287 175 946 225">
     <span class='ocr_line' id='line_1_1' title="bbox 287 175 946 225; baseline -0.003 -17"><span class='ocrx_word' id='word_1_1' title='bbox 287 177 346 218; x_wconf 88' lang='lat'><strong>40</strong></span> <span class='ocrx_word' id='word_1_2' title='bbox 471 217 476 225; x_wconf 29' lang='grc' dir='ltr'>ι</span> <span class='ocrx_word' id='word_1_3' title='bbox 741 175 788 206; x_wconf 77' lang='grc' dir='ltr'><strong>τ.</strong></span> <span class='ocrx_word' id='word_1_4' title='bbox 815 176 946 207; x_wconf 77' lang='lat' dir='ltr'><strong>mvn</strong></span> 
     </span>
    </p>
   </div>
   <div class='ocr_carea' id='block_1_2' title="bbox 61 263 1397 380">
    <p class='ocr_par' dir='ltr' id='par_1_2' title="bbox 61 263 1397 380">
     <span class='ocr_line' id='line_1_2' title="bbox 80 263 1397 316; baseline 0.008 -20"><span class='ocrx_word' id='word_1_5' title='bbox 80 264 125 296; x_wconf 87' lang='lat' dir='ltr'><strong>U.</strong></span> <span class='ocrx_word' id='word_1_6' title='bbox 144 266 180 297; x_wconf 89' lang='lat' dir='ltr'><strong>c.</strong></span> <span class='ocrx_word' id='word_1_7' title='bbox 200 272 272 300; x_wconf 82' lang='lat'>562.</span> <span class='ocrx_word' id='word_1_8' title='bbox 285 272 489 316; x_wconf 82' lang='lat' dir='ltr'><strong>postquam</strong></span> <span class='ocrx_word' id='word_1_9' title='bbox 517 263 732 302; x_wconf 83' lang='lat' dir='ltr'><strong>obstinatos</strong></span> <span class='ocrx_word' id='word_1_10' title='bbox 752 265 860 308; x_wconf 83' lang='lat' dir='ltr'><strong>vidit,</strong></span> <span class='ocrx_word' id='word_1_11' title='bbox 888 263 1038 302; x_wconf 88' lang='lat' dir='ltr'><strong>duobus</strong></span> <span class='ocrx_word' id='word_1_12' title='bbox 1067 265 1178 303; x_wconf 89' lang='lat' dir='ltr'><strong>simul</strong></span> <span class='ocrx_word' id='word_1_13' title='bbox 1205 265 1297 304; x_wconf 89' lang='lat' dir='ltr'><strong>locis</strong></span> <span class='ocrx_word' id='word_1_14' title='bbox 1327 267 1397 306; x_wconf 90' lang='lat' dir='ltr'><strong>ob-</strong></span> 
     </span>
     <span class='ocr_line' id='line_1_3' title="bbox 61 309 1397 380; baseline 0.004 -16"><span class='ocrx_word' id='word_1_15' title='bbox 61 317 66 322; x_wconf 38' lang='lat'><em>*</em></span> <span class='ocrx_word' id='word_1_16' title='bbox 84 309 127 340; x_wconf 69' lang='grc' dir='ltr'><strong>Α·</strong></span> <span class='ocrx_word' id='word_1_17' title='bbox 143 310 179 341; x_wconf 73' lang='lat' dir='ltr'><strong>C*</strong></span> <span class='ocrx_word' id='word_1_18' title='bbox 199 317 271 344; x_wconf 72' lang='lat'><strong>³⁹⁰·</strong></span> <span class='ocrx_word' id='word_1_19' title='bbox 283 342 452 380; x_wconf 85' lang='lat' dir='ltr'><strong>pugnare</strong></span> <span class='ocrx_word' id='word_1_20' title='bbox 471 336 528 366; x_wconf 89' lang='lat' dir='ltr'><strong>est</strong></span> <span class='ocrx_word' id='word_1_21' title='bbox 547 329 713 366; x_wconf 85' lang='lat' dir='ltr'><strong>adortus.</strong></span> <span class='ocrx_word' id='word_1_22' title='bbox 769 328 901 365; x_wconf 85' lang='lat' dir='ltr'><strong>Altera</strong></span> <span class='ocrx_word' id='word_1_23' title='bbox 924 341 1009 379; x_wconf 90' lang='lat' dir='ltr'><strong>pars</strong></span> <span class='ocrx_word' id='word_1_24' title='bbox 1035 329 1250 380; x_wconf 87' lang='lat' dir='ltr'>infrequens</span> <span class='ocrx_word' id='word_1_25' title='bbox 1281 332 1397 369; x_wconf 82' lang='lat' dir='ltr'><strong>aedifi-</strong></span> 
     </span>
    </p>
   </div>
   <div class='ocr_carea' id='block_1_3' title="bbox 37 1945 215 2070">
    <p class='ocr_par' dir='ltr' id='par_1_3' title="bbox 37 1945 215 2070">
     <span class='ocr_line' id='line_1_4' title="bbox 42 1945 215 1975; baseline -0.006 0"><span class='ocrx_word' id='word_1_26' title='bbox 42 1945 215 1975; x_wconf 73' lang='lat' dir='ltr'><strong>Phocaeen-</strong></span> 
     </span>
     <span class='ocr_line' id='line_1_5' title="bbox 37 1994 207 2027; baseline 0 -9"><span class='ocrx_word' id='word_1_27' title='bbox 37 1996 87 2018; x_wconf 84' lang='lat' dir='ltr'><strong>ses</strong></span> <span class='ocrx_word' id='word_1_28' title='bbox 104 1994 207 2027; x_wconf 82' lang='lat' dir='ltr'><strong>portas</strong></span> 
     </span>
     <span class='ocr_line' id='line_1_6' title="bbox 39 2038 198 2070; baseline 0.006 -10"><span class='ocrx_word' id='word_1_29' title='bbox 39 2038 198 2070; x_wconf 62' lang='lat' dir='ltr'><strong>aperiunt.</strong></span> 
     </span>
    </p>
   </div>
   <div class='ocr_carea' id='block_1_4' title="bbox 246 392 1395 2374">
    <p class='ocr_par' dir='ltr' id='par_1_4' title="bbox 246 392 1395 2374">
     <span class='ocr_line' id='line_1_7' title="bbox 283 392 1393 443; baseline 0.002 -13"><span class='ocrx_word' id='word_1_30' title='bbox 283 394 349 430; x_wconf 89' lang='lat' dir='ltr'><strong>ciis</strong></span> <span class='ocrx_word' id='word_1_31' title='bbox 371 400 476 440; x_wconf 67' lang='lat' dir='ltr'><strong>erat,</strong></span> <span class='ocrx_word' id='word_1_32' title='bbox 509 393 648 443; x_wconf 86' lang='lat' dir='ltr'><strong>templa</strong></span> <span class='ocrx_word' id='word_1_33' title='bbox 670 392 796 429; x_wconf 71' lang='lat' dir='ltr'><strong>Deum</strong></span> <span class='ocrx_word' id='word_1_34' title='bbox 819 392 1053 442; x_wconf 87' lang='lat' dir='ltr'><strong>aliquantum</strong></span> <span class='ocrx_word' id='word_1_35' title='bbox 1081 395 1263 434; x_wconf 86' lang='lat' dir='ltr'><strong>tenebant</strong></span> <span class='ocrx_word' id='word_1_36' title='bbox 1290 395 1366 432; x_wconf 89' lang='lat' dir='ltr'><strong>loci</strong></span> <span class='ocrx_word' id='word_1_37' title='bbox 1384 410 1393 432; x_wconf 72' lang='grc' dir='ltr'><strong><em>ε</em></strong></span> 
     </span>
     <span class='ocr_line' id='line_1_8' title="bbox 279 457 1395 509; baseline 0.002 -15"><span class='ocrx_word' id='word_1_38' title='bbox 279 471 324 494; x_wconf 88' lang='lat' dir='ltr'><strong>ea</strong></span> <span class='ocrx_word' id='word_1_39' title='bbox 355 460 457 508; x_wconf 90' lang='lat' dir='ltr'><strong>prius</strong></span> <span class='ocrx_word' id='word_1_40' title='bbox 492 459 609 494; x_wconf 88' lang='lat' dir='ltr'><strong>ariete</strong></span> <span class='ocrx_word' id='word_1_41' title='bbox 643 457 812 499; x_wconf 82' lang='lat' dir='ltr'><strong>admoto,</strong></span> <span class='ocrx_word' id='word_1_42' title='bbox 848 463 1002 506; x_wconf 83' lang='lat' dir='ltr'><strong>quatere</strong></span> <span class='ocrx_word' id='word_1_43' title='bbox 1037 470 1164 494; x_wconf 90' lang='lat' dir='ltr'><strong>muros</strong></span> <span class='ocrx_word' id='word_1_44' title='bbox 1199 466 1395 509; x_wconf 85' lang='lat' dir='ltr'><strong>turresque</strong></span> 
     </span>
     <span class='ocr_line' id='line_1_9' title="bbox 275 521 1393 572; baseline 0.004 -14"><span class='ocrx_word' id='word_1_45' title='bbox 275 524 419 572; x_wconf 79' lang='lat' dir='ltr'><strong>coepit:</strong></span> <span class='ocrx_word' id='word_1_46' title='bbox 461 522 609 565; x_wconf 90' lang='lat' dir='ltr'><strong>deinde,</strong></span> <span class='ocrx_word' id='word_1_47' title='bbox 641 534 757 570; x_wconf 85' lang='lat' dir='ltr'><strong>quum</strong></span> <span class='ocrx_word' id='word_1_48' title='bbox 784 534 830 557; x_wconf 91' lang='lat' dir='ltr'><strong>eo</strong></span> <span class='ocrx_word' id='word_1_49' title='bbox 860 521 1064 558; x_wconf 83' lang='lat' dir='ltr'><strong>multitudo</strong></span> <span class='ocrx_word' id='word_1_50' title='bbox 1093 523 1312 560; x_wconf 82' lang='lat' dir='ltr'><strong>obem-reret</strong></span> <span class='ocrx_word' id='word_1_51' title='bbox 1346 526 1393 563; x_wconf 89' lang='lat' dir='ltr'><strong>ad</strong></span> 
     </span>
     <span class='ocr_line' id='line_1_10' title="bbox 277 585 1387 634; baseline 0.005 -13"><span class='ocrx_word' id='word_1_52' title='bbox 277 585 567 628; x_wconf 78' lang='lat' dir='ltr'><strong>defendendum,</strong></span> <span class='ocrx_word' id='word_1_53' title='bbox 597 585 716 621; x_wconf 81' lang='lat' dir='ltr'><strong>altera</strong></span> <span class='ocrx_word' id='word_1_54' title='bbox 744 597 894 634; x_wconf 88' lang='lat' dir='ltr'><strong>quoque</strong></span> <span class='ocrx_word' id='word_1_55' title='bbox 924 592 1032 634; x_wconf 84' lang='lat' dir='ltr'><strong>parte</strong></span> <span class='ocrx_word' id='word_1_56' title='bbox 1061 586 1234 622; x_wconf 82' lang='lat' dir='ltr'><strong>admotus</strong></span> <span class='ocrx_word' id='word_1_57' title='bbox 1264 589 1387 627; x_wconf 82' lang='lat' dir='ltr'><strong>aries:</strong></span> 
     </span>
     <span class='ocr_line' id='line_1_11' title="bbox 277 648 1391 701; baseline 0.002 -16"><span class='ocrx_word' id='word_1_58' title='bbox 277 657 315 685; x_wconf 92' lang='lat' dir='ltr'><strong>et</strong></span> <span class='ocrx_word' id='word_1_59' title='bbox 340 649 424 699; x_wconf 83' lang='lat' dir='ltr'><strong>jam</strong></span> <span class='ocrx_word' id='word_1_60' title='bbox 454 650 641 698; x_wconf 74' lang='lat' dir='ltr'><strong>utrimque</strong></span> <span class='ocrx_word' id='word_1_61' title='bbox 674 648 940 699; x_wconf 63' lang='lat' dir='ltr'><strong>sternebantur</strong></span> <span class='ocrx_word' id='word_1_62' title='bbox 969 650 1078 685; x_wconf 86' lang='lat' dir='ltr'><strong>muri.</strong></span> <span class='ocrx_word' id='word_1_63' title='bbox 1137 651 1197 686; x_wconf 89' lang='lat' dir='ltr'><strong>Ad</strong></span> <span class='ocrx_word' id='word_1_64' title='bbox 1231 665 1391 701; x_wconf 88' lang='lat' dir='ltr'><strong>quorum</strong></span> 
     </span>
     <span class='ocr_line' id='line_1_12' title="bbox 276 712 1390 766; baseline 0.002 -16"><span class='ocrx_word' id='word_1_65' title='bbox 276 727 404 750; x_wconf 86' lang='lat' dir='ltr'><strong>casum</strong></span> <span class='ocrx_word' id='word_1_66' title='bbox 442 727 556 763; x_wconf 91' lang='lat' dir='ltr'><strong>quum</strong></span> <span class='ocrx_word' id='word_1_67' title='bbox 591 715 759 763; x_wconf 84' lang='lat' dir='ltr'><strong>inpetum</strong></span> <span class='ocrx_word' id='word_1_68' title='bbox 793 712 958 750; x_wconf 83' lang='lat' dir='ltr'><strong>Romani</strong></span> <span class='ocrx_word' id='word_1_69' title='bbox 996 713 1133 750; x_wconf 86' lang='lat' dir='ltr'><strong>milites</strong></span> <span class='ocrx_word' id='word_1_70' title='bbox 1170 727 1237 764; x_wconf 89' lang='lat' dir='ltr'><strong>per</strong></span> <span class='ocrx_word' id='word_1_71' title='bbox 1269 717 1390 766; x_wconf 86' lang='lat' dir='ltr'>ipsam</span> 
     </span>
     <span class='ocr_line' id='line_1_13' title="bbox 274 776 1386 826; baseline 0.004 -13"><span class='ocrx_word' id='word_1_72' title='bbox 274 784 439 826; x_wconf 84' lang='lat' dir='ltr'><strong>stragem</strong></span> <span class='ocrx_word' id='word_1_73' title='bbox 458 778 650 814; x_wconf 81' lang='lat' dir='ltr'><strong>ruinarum</strong></span> <span class='ocrx_word' id='word_1_74' title='bbox 669 777 853 820; x_wconf 77' lang='lat' dir='ltr'><strong>facerent,</strong></span> <span class='ocrx_word' id='word_1_75' title='bbox 875 776 938 813; x_wconf 86' lang='lat' dir='ltr'><strong>alii</strong></span> <span class='ocrx_word' id='word_1_76' title='bbox 965 777 1075 814; x_wconf 84' lang='lat' dir='ltr'><strong>scalis</strong></span> <span class='ocrx_word' id='word_1_77' title='bbox 1096 779 1208 814; x_wconf 84' lang='lat' dir='ltr'><strong>etiam</strong></span> <span class='ocrx_word' id='word_1_78' title='bbox 1230 780 1386 818; x_wconf 83' lang='lat' dir='ltr'><strong>adscen-</strong></span> 
     </span>
     <span class='ocr_line' id='line_1_14' title="bbox 273 841 1386 888; baseline 0.004 -10"><span class='ocrx_word' id='word_1_79' title='bbox 273 854 356 878; x_wconf 85' lang='lat' dir='ltr'><strong>sum</strong></span> <span class='ocrx_word' id='word_1_80' title='bbox 375 843 414 878; x_wconf 92' lang='lat' dir='ltr'><strong>in</strong></span> <span class='ocrx_word' id='word_1_81' title='bbox 440 855 566 878; x_wconf 88' lang='lat' dir='ltr'><strong>muros</strong></span> <span class='ocrx_word' id='word_1_82' title='bbox 586 848 778 878; x_wconf 85' lang='lat' dir='ltr'><strong>tentarent</strong></span> <span class='ocrx_word' id='word_1_83' title='bbox 797 858 807 888; x_wconf 81' lang='lat'>3</span> <span class='ocrx_word' id='word_1_84' title='bbox 841 842 934 878; x_wconf 87' lang='lat' dir='ltr'><strong>adeo</strong></span> <span class='ocrx_word' id='word_1_85' title='bbox 955 841 1146 878; x_wconf 80' lang='lat' dir='ltr'><strong>obstinate</strong></span> <span class='ocrx_word' id='word_1_86' title='bbox 1166 844 1386 882; x_wconf 87' lang='lat' dir='ltr'><strong>restiterunt</strong></span> 
     </span>
     <span class='ocr_line' id='line_1_15' title="bbox 272 905 1385 956; baseline 0.004 -16"><span class='ocrx_word' id='word_1_87' title='bbox 272 905 467 955; x_wconf 85' lang='lat' dir='ltr'>oppidani,</span> <span class='ocrx_word' id='word_1_88' title='bbox 490 911 529 941; x_wconf 87' lang='lat' dir='ltr'><strong>ut</strong></span> <span class='ocrx_word' id='word_1_89' title='bbox 558 905 669 942; x_wconf 88' lang='lat' dir='ltr'><strong>facile</strong></span> <span class='ocrx_word' id='word_1_90' title='bbox 700 905 911 956; x_wconf 83' lang='lat' dir='ltr'><strong>adpareret,</strong></span> <span class='ocrx_word' id='word_1_91' title='bbox 932 905 1015 955; x_wconf 85' lang='lat' dir='ltr'><strong>plus</strong></span> <span class='ocrx_word' id='word_1_92' title='bbox 1045 906 1084 941; x_wconf 90' lang='lat' dir='ltr'><strong>in</strong></span> <span class='ocrx_word' id='word_1_93' title='bbox 1113 907 1224 942; x_wconf 84' lang='lat' dir='ltr'><strong>armis</strong></span> <span class='ocrx_word' id='word_1_94' title='bbox 1255 914 1292 943; x_wconf 92' lang='lat' dir='ltr'><strong>et</strong></span> <span class='ocrx_word' id='word_1_95' title='bbox 1310 909 1385 944; x_wconf 83' lang='lat' dir='ltr'><strong>vir-</strong></span> 
     </span>
     <span class='ocr_line' id='line_1_16' title="bbox 270 970 1384 1022; baseline 0.004 -16"><span class='ocrx_word' id='word_1_96' title='bbox 270 976 366 1013; x_wconf 88' lang='lat' dir='ltr'><strong>tute,</strong></span> <span class='ocrx_word' id='word_1_97' title='bbox 389 983 500 1020; x_wconf 90' lang='lat' dir='ltr'><strong>quam</strong></span> <span class='ocrx_word' id='word_1_98' title='bbox 529 971 568 1006; x_wconf 90' lang='lat' dir='ltr'><strong>in</strong></span> <span class='ocrx_word' id='word_1_99' title='bbox 597 970 800 1013; x_wconf 79' lang='lat' dir='ltr'><strong>moenibus,</strong></span> <span class='ocrx_word' id='word_1_100' title='bbox 821 970 952 1007; x_wconf 85' lang='lat' dir='ltr'><strong>auxilii</strong></span> <span class='ocrx_word' id='word_1_101' title='bbox 982 982 1085 1006; x_wconf 88' lang='lat' dir='ltr'><strong>esse:</strong></span> <span class='ocrx_word' id='word_1_102' title='bbox 1118 978 1271 1008; x_wconf 85' lang='lat' dir='ltr'><strong>coactus</strong></span> <span class='ocrx_word' id='word_1_103' title='bbox 1293 985 1384 1022; x_wconf 86' lang='lat' dir='ltr'><strong>ergo</strong></span> 
     </span>
     <span class='ocr_line' id='line_1_17' title="bbox 269 1034 1382 1086; baseline 0.003 -15"><span class='ocrx_word' id='word_1_104' title='bbox 269 1035 437 1085; x_wconf 81' lang='lat' dir='ltr'><strong>periculo</strong></span> <span class='ocrx_word' id='word_1_105' title='bbox 456 1035 618 1071; x_wconf 84' lang='lat' dir='ltr'><strong>militum</strong></span> <span class='ocrx_word' id='word_1_106' title='bbox 640 1042 780 1085; x_wconf 85' lang='lat' dir='ltr'><strong>praetor</strong></span> <span class='ocrx_word' id='word_1_107' title='bbox 798 1036 966 1086; x_wconf 88' lang='lat' dir='ltr'><strong>reccptui</strong></span> <span class='ocrx_word' id='word_1_108' title='bbox 987 1036 1071 1072; x_wconf 87' lang='lat' dir='ltr'><strong>cani</strong></span> <span class='ocrx_word' id='word_1_109' title='bbox 1093 1034 1224 1086; x_wconf 83' lang='lat' dir='ltr'><strong>jussit,</strong></span> <span class='ocrx_word' id='word_1_110' title='bbox 1245 1049 1292 1073; x_wconf 90' lang='lat' dir='ltr'><strong>ne</strong></span> <span class='ocrx_word' id='word_1_111' title='bbox 1312 1037 1382 1074; x_wconf 89' lang='lat' dir='ltr'><strong>ob-</strong></span> 
     </span>
     <span class='ocr_line' id='line_1_18' title="bbox 261 1098 1384 1150; baseline 0.004 -15"><span class='ocrx_word' id='word_1_112' title='bbox 261 1098 399 1149; x_wconf 80' lang='lat' dir='ltr'><strong>jiceret</strong></span> <span class='ocrx_word' id='word_1_113' title='bbox 436 1101 608 1136; x_wconf 87' lang='lat' dir='ltr'><strong>incautos</strong></span> <span class='ocrx_word' id='word_1_114' title='bbox 645 1099 858 1136; x_wconf 80' lang='lat' dir='ltr'><strong>furentibus</strong></span> <span class='ocrx_word' id='word_1_115' title='bbox 893 1100 1155 1150; x_wconf 83' lang='lat' dir='ltr'><strong>desperatione</strong></span> <span class='ocrx_word' id='word_1_116' title='bbox 1188 1113 1232 1137; x_wconf 82' lang='lat' dir='ltr'><strong>ac</strong></span> <span class='ocrx_word' id='word_1_117' title='bbox 1265 1102 1384 1142; x_wconf 80' lang='lat' dir='ltr'><strong>rabie.</strong></span> 
     </span>
     <span class='ocr_line' id='line_1_19' title="bbox 267 1158 1377 1215; baseline 0.003 -16"><span class='ocrx_word' id='word_1_118' title='bbox 267 1163 443 1201; x_wconf 89' lang='lat' dir='ltr'><strong>Diremto</strong></span> <span class='ocrx_word' id='word_1_119' title='bbox 471 1164 621 1215; x_wconf 88' lang='lat' dir='ltr'><strong>proelio,</strong></span> <span class='ocrx_word' id='word_1_120' title='bbox 641 1177 689 1200; x_wconf 89' lang='lat' dir='ltr'><strong>ne</strong></span> <span class='ocrx_word' id='word_1_121' title='bbox 715 1173 795 1200; x_wconf 87' lang='lat' dir='ltr'><strong>tum</strong></span> <span class='ocrx_word' id='word_1_122' title='bbox 821 1164 971 1212; x_wconf 86' lang='lat' dir='ltr'><strong>quidem</strong></span> <span class='ocrx_word' id='word_1_123' title='bbox 995 1164 1041 1199; x_wconf 87' lang='lat' dir='ltr'><strong>ad</strong></span> <span class='ocrx_word' id='word_1_124' title='bbox 1070 1158 1234 1213; x_wconf 78' lang='lat' dir='ltr'><strong>quietem</strong></span> <span class='ocrx_word' id='word_1_125' title='bbox 1254 1167 1377 1213; x_wconf 82' lang='lat' dir='ltr'><strong>versi3</strong></span> 
     </span>
     <span class='ocr_line' id='line_1_20' title="bbox 267 1228 1378 1278; baseline 0.002 -13"><span class='ocrx_word' id='word_1_126' title='bbox 267 1229 332 1265; x_wconf 84' lang='lat' dir='ltr'><strong>sed</strong></span> <span class='ocrx_word' id='word_1_127' title='bbox 370 1229 535 1278; x_wconf 87' lang='lat' dir='ltr'><strong>undique</strong></span> <span class='ocrx_word' id='word_1_128' title='bbox 567 1241 697 1265; x_wconf 88' lang='lat' dir='ltr'><strong>omnes</strong></span> <span class='ocrx_word' id='word_1_129' title='bbox 732 1229 780 1265; x_wconf 87' lang='lat' dir='ltr'><strong>ad</strong></span> <span class='ocrx_word' id='word_1_130' title='bbox 815 1228 1019 1265; x_wconf 86' lang='lat' dir='ltr'><strong>munienda</strong></span> <span class='ocrx_word' id='word_1_131' title='bbox 1051 1235 1089 1265; x_wconf 88' lang='lat' dir='ltr'><strong>et</strong></span> <span class='ocrx_word' id='word_1_132' title='bbox 1122 1229 1378 1275; x_wconf 81' lang='lat' dir='ltr'><strong>obmolienda‚</strong></span> 
     </span>
     <span class='ocr_line' id='line_1_21' title="bbox 265 1293 1378 1345; baseline 0.004 -17"><span class='ocrx_word' id='word_1_133' title='bbox 265 1306 349 1342; x_wconf 81' lang='lat' dir='ltr'><strong>quae</strong></span> <span class='ocrx_word' id='word_1_134' title='bbox 377 1294 494 1329; x_wconf 88' lang='lat' dir='ltr'><strong>ruinis</strong></span> <span class='ocrx_word' id='word_1_135' title='bbox 520 1301 640 1330; x_wconf 85' lang='lat' dir='ltr'><strong>strata</strong></span> <span class='ocrx_word' id='word_1_136' title='bbox 666 1299 786 1336; x_wconf 85' lang='lat' dir='ltr'><strong>erant,</strong></span> <span class='ocrx_word' id='word_1_137' title='bbox 809 1300 1093 1329; x_wconf 87' lang='lat' dir='ltr'><strong>concurrerunt.</strong></span> <span class='ocrx_word' id='word_1_138' title='bbox 1150 1293 1253 1329; x_wconf 90' lang='lat' dir='ltr'><strong>Huic</strong></span> <span class='ocrx_word' id='word_1_139' title='bbox 1273 1296 1378 1345; x_wconf 85' lang='lat' dir='ltr'><strong>operi</strong></span> 
     </span>
     <span class='ocr_line' id='line_1_22' title="bbox 263 1358 1374 1408; baseline 0.002 -14"><span class='ocrx_word' id='word_1_140' title='bbox 263 1358 420 1394; x_wconf 86' lang='lat' dir='ltr'><strong>intentis</strong></span> <span class='ocrx_word' id='word_1_141' title='bbox 450 1359 667 1408; x_wconf 75' lang='lat' dir='ltr'><strong>supervenit</strong></span> <span class='ocrx_word' id='word_1_142' title='bbox 686 1358 735 1397; x_wconf 87' lang='lat' dir='ltr'><strong>Q.</strong></span> <span class='ocrx_word' id='word_1_143' title='bbox 755 1358 963 1401; x_wconf 87' lang='lat' dir='ltr'><strong>Antonius,</strong></span> <span class='ocrx_word' id='word_1_144' title='bbox 984 1371 1006 1394; x_wconf 90' lang='lat' dir='ltr'><strong>a</strong></span> <span class='ocrx_word' id='word_1_145' title='bbox 1034 1365 1196 1408; x_wconf 69' lang='lat' dir='ltr'><strong>praetore</strong></span> <span class='ocrx_word' id='word_1_146' title='bbox 1218 1359 1374 1396; x_wconf 87' lang='lat' dir='ltr'><strong>missus:</strong></span> 
     </span>
     <span class='ocr_line' id='line_1_23' title="bbox 262 1421 1376 1471; baseline 0.003 -14"><span class='ocrx_word' id='word_1_147' title='bbox 262 1422 341 1471; x_wconf 88' lang='lat' dir='ltr'><strong>qui,</strong></span> <span class='ocrx_word' id='word_1_148' title='bbox 362 1422 547 1471; x_wconf 78' lang='lat' dir='ltr'><strong>castigata</strong></span> <span class='ocrx_word' id='word_1_149' title='bbox 563 1422 771 1471; x_wconf 84' lang='lat' dir='ltr'><strong>pertinacia</strong></span> <span class='ocrx_word' id='word_1_150' title='bbox 791 1434 935 1464; x_wconf 87' lang='lat' dir='ltr'><strong>eorum,</strong></span> <span class='ocrx_word' id='word_1_151' title='bbox 957 1421 1135 1468; x_wconf 79' lang='lat' dir='ltr'><strong>Majorem</strong></span> <span class='ocrx_word' id='word_1_152' title='bbox 1155 1423 1376 1460; x_wconf 79' lang='lat' dir='ltr'><strong>curam&#39;Ro-</strong></span> 
     </span>
     <span class='ocr_line' id='line_1_24' title="bbox 260 1485 1377 1534; baseline 0.003 -13"><span class='ocrx_word' id='word_1_153' title='bbox 260 1487 390 1528; x_wconf 82' lang='lat' dir='ltr'><strong>mauis,</strong></span> <span class='ocrx_word' id='word_1_154' title='bbox 425 1499 530 1534; x_wconf 81' lang='lat' dir='ltr'><strong>quam</strong></span> <span class='ocrx_word' id='word_1_155' title='bbox 559 1487 645 1529; x_wconf 77' lang='lat' dir='ltr'><strong>illis,</strong></span> <span class='ocrx_word' id='word_1_156' title='bbox 673 1485 901 1528; x_wconf 80' lang='lat' dir='ltr'><strong>ostenderet,</strong></span> <span class='ocrx_word' id='word_1_157' title='bbox 935 1497 1017 1528; x_wconf 80' lang='lat' dir='ltr'><strong>esse,</strong></span> <span class='ocrx_word' id='word_1_158' title='bbox 1048 1498 1091 1521; x_wconf 84' lang='lat' dir='ltr'><strong>ne</strong></span> <span class='ocrx_word' id='word_1_159' title='bbox 1118 1487 1155 1522; x_wconf 84' lang='lat' dir='ltr'><strong>in</strong></span> <span class='ocrx_word' id='word_1_160' title='bbox 1180 1489 1377 1534; x_wconf 78' lang='lat' dir='ltr'><strong>perniciem</strong></span> 
     </span>
     <span class='ocr_line' id='line_1_25' title="bbox 260 1550 1373 1600; baseline 0.003 -13"><span class='ocrx_word' id='word_1_161' title='bbox 260 1552 355 1587; x_wconf 81' lang='lat' dir='ltr'><strong>urbis</strong></span> <span class='ocrx_word' id='word_1_162' title='bbox 378 1556 630 1600; x_wconf 80' lang='lat' dir='ltr'><strong>pugnaretur:</strong></span> <span class='ocrx_word' id='word_1_163' title='bbox 656 1553 687 1588; x_wconf 82' lang='lat' dir='ltr'><strong>si</strong></span> <span class='ocrx_word' id='word_1_164' title='bbox 715 1551 880 1587; x_wconf 66' lang='lat' dir='ltr'><strong>absistere</strong></span> <span class='ocrx_word' id='word_1_165' title='bbox 897 1550 1031 1600; x_wconf 79' lang='lat' dir='ltr'><strong>furore</strong></span> <span class='ocrx_word' id='word_1_166' title='bbox 1049 1553 1192 1594; x_wconf 74' lang='lat' dir='ltr'><strong>vellent,</strong></span> <span class='ocrx_word' id='word_1_167' title='bbox 1215 1558 1373 1600; x_wconf 82' lang='lat' dir='ltr'><strong>potesta-</strong></span> 
     </span>
     <span class='ocr_line' id='line_1_26' title="bbox 262 1615 1375 1663; baseline 0.002 -12"><span class='ocrx_word' id='word_1_168' title='bbox 262 1620 331 1651; x_wconf 77' lang='lat' dir='ltr'><strong>tem</strong></span> <span class='ocrx_word' id='word_1_169' title='bbox 357 1617 400 1651; x_wconf 74' lang='lat' dir='ltr'><strong>iis</strong></span> <span class='ocrx_word' id='word_1_170' title='bbox 428 1617 515 1651; x_wconf 80' lang='lat' dir='ltr'><strong>dare</strong></span> <span class='ocrx_word' id='word_1_171' title='bbox 543 1616 667 1651; x_wconf 79' lang='lat' dir='ltr'><strong>eadem</strong></span> <span class='ocrx_word' id='word_1_172' title='bbox 696 1615 909 1657; x_wconf 79' lang='lat' dir='ltr'><strong>conditione,</strong></span> <span class='ocrx_word' id='word_1_173' title='bbox 936 1627 1007 1662; x_wconf 76' lang='lat' dir='ltr'><strong>qua</strong></span> <span class='ocrx_word' id='word_1_174' title='bbox 1031 1617 1133 1663; x_wconf 80' lang='lat' dir='ltr'><strong>prius</strong></span> <span class='ocrx_word' id='word_1_175' title='bbox 1158 1616 1196 1652; x_wconf 92' lang='lat' dir='ltr'><strong>C.</strong></span> <span class='ocrx_word' id='word_1_176' title='bbox 1213 1617 1310 1653; x_wconf 76' lang='lat' dir='ltr'><strong>Livii</strong></span> <span class='ocrx_word' id='word_1_177' title='bbox 1337 1619 1375 1654; x_wconf 88' lang='lat' dir='ltr'><strong>in</strong></span> 
     </span>
     <span class='ocr_line' id='line_1_27' title="bbox 246 1678 1371 1728; baseline 0.001 -12"><span class='ocrx_word' id='word_1_178' title='bbox 246 1680 365 1728; x_wconf 81' lang='lat' dir='ltr'><strong>fidem</strong></span> <span class='ocrx_word' id='word_1_179' title='bbox 392 1681 576 1722; x_wconf 76' lang='lat' dir='ltr'><strong>venissent,</strong></span> <span class='ocrx_word' id='word_1_180' title='bbox 596 1691 633 1715; x_wconf 78' lang='lat' dir='ltr'><strong>se</strong></span> <span class='ocrx_word' id='word_1_181' title='bbox 662 1679 840 1715; x_wconf 75' lang='lat' dir='ltr'><strong>tradendi.</strong></span> <span class='ocrx_word' id='word_1_182' title='bbox 897 1678 993 1714; x_wconf 83' lang='lat' dir='ltr'><strong>Haec</strong></span> <span class='ocrx_word' id='word_1_183' title='bbox 1022 1691 1136 1727; x_wconf 87' lang='lat' dir='ltr'><strong>quum</strong></span> <span class='ocrx_word' id='word_1_184' title='bbox 1165 1679 1371 1725; x_wconf 84' lang='lat' dir='ltr'><strong>audissent,</strong></span> 
     </span>
     <span class='ocr_line' id='line_1_28' title="bbox 259 1741 1371 1793; baseline 0 -13"><span class='ocrx_word' id='word_1_185' title='bbox 259 1744 424 1792; x_wconf 86' lang='lat' dir='ltr'><strong>quinque</strong></span> <span class='ocrx_word' id='word_1_186' title='bbox 444 1743 587 1780; x_wconf 85' lang='lat' dir='ltr'><strong>dierum</strong></span> <span class='ocrx_word' id='word_1_187' title='bbox 607 1744 731 1793; x_wconf 87' lang='lat' dir='ltr'><strong>spatio</strong></span> <span class='ocrx_word' id='word_1_188' title='bbox 750 1743 797 1779; x_wconf 88' lang='lat' dir='ltr'><strong>ad</strong></span> <span class='ocrx_word' id='word_1_189' title='bbox 817 1741 1097 1779; x_wconf 86' lang='lat' dir='ltr'><strong>deliberandum</strong></span> <span class='ocrx_word' id='word_1_190' title='bbox 1126 1750 1265 1787; x_wconf 90' lang='lat' dir='ltr'><strong>sumto,</strong></span> <span class='ocrx_word' id='word_1_191' title='bbox 1286 1751 1371 1780; x_wconf 87' lang='lat' dir='ltr'><strong>ten·</strong></span> 
     </span>
     <span class='ocr_line' id='line_1_29' title="bbox 257 1807 1368 1858; baseline 0.002 -15"><span class='ocrx_word' id='word_1_192' title='bbox 257 1814 339 1844; x_wconf 90' lang='lat' dir='ltr'><strong>tata</strong></span> <span class='ocrx_word' id='word_1_193' title='bbox 357 1809 508 1844; x_wconf 88' lang='lat' dir='ltr'><strong>interim</strong></span> <span class='ocrx_word' id='word_1_194' title='bbox 535 1821 601 1858; x_wconf 89' lang='lat' dir='ltr'><strong>spe</strong></span> <span class='ocrx_word' id='word_1_195' title='bbox 626 1807 758 1844; x_wconf 85' lang='lat' dir='ltr'><strong>auxilii</strong></span> <span class='ocrx_word' id='word_1_196' title='bbox 786 1807 833 1844; x_wconf 90' lang='lat' dir='ltr'><strong>ab</strong></span> <span class='ocrx_word' id='word_1_197' title='bbox 853 1807 1062 1850; x_wconf 87' lang='lat' dir='ltr'><strong>Antiocho,</strong></span> <span class='ocrx_word' id='word_1_198' title='bbox 1083 1813 1285 1857; x_wconf 85' lang='lat' dir='ltr'><strong>postquam</strong></span> <span class='ocrx_word' id='word_1_199' title='bbox 1314 1807 1368 1845; x_wconf 92' lang='lat' dir='ltr'><strong>le-</strong></span> 
     </span>
     <span class='ocr_line' id='line_1_30' title="bbox 257 1871 1368 1921; baseline 0.001 -13"><span class='ocrx_word' id='word_1_200' title='bbox 257 1873 338 1920; x_wconf 87' lang='lat' dir='ltr'><strong>gati</strong></span> <span class='ocrx_word' id='word_1_201' title='bbox 357 1873 459 1908; x_wconf 86' lang='lat' dir='ltr'><strong>missi</strong></span> <span class='ocrx_word' id='word_1_202' title='bbox 481 1872 528 1908; x_wconf 89' lang='lat' dir='ltr'><strong>ad</strong></span> <span class='ocrx_word' id='word_1_203' title='bbox 554 1884 694 1921; x_wconf 86' lang='lat' dir='ltr'><strong>regem,</strong></span> <span class='ocrx_word' id='word_1_204' title='bbox 715 1871 811 1908; x_wconf 85' lang='lat' dir='ltr'><strong>nihil</strong></span> <span class='ocrx_word' id='word_1_205' title='bbox 835 1872 874 1907; x_wconf 93' lang='lat' dir='ltr'><strong>in</strong></span> <span class='ocrx_word' id='word_1_206' title='bbox 894 1883 940 1906; x_wconf 91' lang='lat' dir='ltr'><strong>eo</strong></span> <span class='ocrx_word' id='word_1_207' title='bbox 961 1883 1040 1907; x_wconf 79' lang='lat' dir='ltr'><strong>esse</strong></span> <span class='ocrx_word' id='word_1_208' title='bbox 1069 1872 1245 1921; x_wconf 82' lang='lat' dir='ltr'><strong>praesidii,</strong></span> <span class='ocrx_word' id='word_1_209' title='bbox 1266 1879 1368 1909; x_wconf 88' lang='lat' dir='ltr'><strong>retu-</strong></span> 
     </span>
     <span class='ocr_line' id='line_1_31' title="bbox 256 1937 1367 1987; baseline 0.002 -15"><span class='ocrx_word' id='word_1_210' title='bbox 256 1937 379 1973; x_wconf 85' lang='lat' dir='ltr'><strong>lerant</strong></span> <span class='ocrx_word' id='word_1_211' title='bbox 399 1953 408 1982; x_wconf 77' lang='lat'>3</span> <span class='ocrx_word' id='word_1_212' title='bbox 443 1943 523 1972; x_wconf 88' lang='lat' dir='ltr'><strong>tum</strong></span> <span class='ocrx_word' id='word_1_213' title='bbox 555 1944 683 1987; x_wconf 79' lang='lat' dir='ltr'><strong>portas</strong></span> <span class='ocrx_word' id='word_1_214' title='bbox 710 1943 950 1986; x_wconf 87' lang='lat' dir='ltr'><strong>aperuerunt,</strong></span> <span class='ocrx_word' id='word_1_215' title='bbox 972 1937 1071 1986; x_wconf 84' lang='lat' dir='ltr'><strong>pacti</strong></span> <span class='ocrx_word' id='word_1_216' title='bbox 1097 1949 1144 1972; x_wconf 91' lang='lat' dir='ltr'><strong>ne</strong></span> <span class='ocrx_word' id='word_1_217' title='bbox 1164 1937 1253 1985; x_wconf 90' lang='lat' dir='ltr'><strong>quid</strong></span> <span class='ocrx_word' id='word_1_218' title='bbox 1277 1937 1367 1974; x_wconf 88' lang='lat' dir='ltr'><strong>hos-</strong></span> 
     </span>
     <span class='ocr_line' id='line_1_32' title="bbox 256 2000 1368 2050; baseline 0.001 -14"><span class='ocrx_word' id='word_1_219' title='bbox 256 2000 322 2036; x_wconf 88' lang='lat' dir='ltr'><strong>tile</strong></span> <span class='ocrx_word' id='word_1_220' title='bbox 342 2007 572 2050; x_wconf 83' lang='lat' dir='ltr'><strong>paterentur.</strong></span> <span class='ocrx_word' id='word_1_221' title='bbox 602 2001 731 2040; x_wconf 87' lang='lat' dir='ltr'><strong>Quum</strong></span> <span class='ocrx_word' id='word_1_222' title='bbox 746 2001 854 2049; x_wconf 85' lang='lat' dir='ltr'><strong>signa</strong></span> <span class='ocrx_word' id='word_1_223' title='bbox 868 2001 907 2036; x_wconf 89' lang='lat' dir='ltr'><strong>in</strong></span> <span class='ocrx_word' id='word_1_224' title='bbox 923 2000 1052 2036; x_wconf 83' lang='lat' dir='ltr'><strong>urbem</strong></span> <span class='ocrx_word' id='word_1_225' title='bbox 1072 2000 1313 2045; x_wconf 79' lang='lat' dir='ltr'><strong>inferrentur,</strong></span> <span class='ocrx_word' id='word_1_226' title='bbox 1330 2008 1368 2038; x_wconf 90' lang='lat' dir='ltr'><strong>et</strong></span> 
     </span>
     <span class='ocr_line' id='line_1_33' title="bbox 255 2064 1368 2116; baseline 0.002 -16"><span class='ocrx_word' id='word_1_227' title='bbox 255 2065 543 2116; x_wconf 83' lang='lat' dir='ltr'><strong>pronunciasset</strong></span> <span class='ocrx_word' id='word_1_228' title='bbox 572 2071 725 2113; x_wconf 77' lang='lat' dir='ltr'><strong>praetor,</strong></span> <span class='ocrx_word' id='word_1_229' title='bbox 746 2065 850 2114; x_wconf 84' lang='lat' dir='ltr'><strong>parci</strong></span> <span class='ocrx_word' id='word_1_230' title='bbox 879 2077 916 2101; x_wconf 81' lang='lat' dir='ltr'><strong>se</strong></span> <span class='ocrx_word' id='word_1_231' title='bbox 942 2065 1075 2100; x_wconf 85' lang='lat' dir='ltr'><strong>deditis</strong></span> <span class='ocrx_word' id='word_1_232' title='bbox 1097 2064 1204 2107; x_wconf 72' lang='lat' dir='ltr'><strong>velle,</strong></span> <span class='ocrx_word' id='word_1_233' title='bbox 1225 2064 1368 2102; x_wconf 83' lang='lat' dir='ltr'><strong>clamor</strong></span> 
     </span>
     <span class='ocr_line' id='line_1_34' title="bbox 254 2128 1366 2178; baseline 0.003 -14"><span class='ocrx_word' id='word_1_234' title='bbox 254 2129 419 2177; x_wconf 87' lang='lat' dir='ltr'><strong>undique</strong></span> <span class='ocrx_word' id='word_1_235' title='bbox 449 2136 506 2164; x_wconf 89' lang='lat' dir='ltr'><strong>est</strong></span> <span class='ocrx_word' id='word_1_236' title='bbox 534 2128 718 2172; x_wconf 85' lang='lat' dir='ltr'><strong>sublatus,</strong></span> <span class='ocrx_word' id='word_1_237' title='bbox 741 2131 925 2177; x_wconf 71' lang='lat' dir='ltr'><strong>indignum·</strong></span> <span class='ocrx_word' id='word_1_238' title='bbox 943 2128 1094 2178; x_wconf 79' lang='lat' dir='ltr'><strong>fucinus</strong></span> <span class='ocrx_word' id='word_1_239' title='bbox 1112 2142 1194 2172; x_wconf 68' lang='lat' dir='ltr'><strong>esse,</strong></span> <span class='ocrx_word' id='word_1_240' title='bbox 1217 2130 1366 2167; x_wconf 77' lang='lat' dir='ltr'><strong>Phocae-</strong></span> 
     </span>
     <span class='ocr_line' id='line_1_35' title="bbox 254 2193 1367 2242; baseline 0.002 -14"><span class='ocrx_word' id='word_1_241' title='bbox 254 2205 361 2234; x_wconf 83' lang='lat' dir='ltr'><strong>enses,</strong></span> <span class='ocrx_word' id='word_1_242' title='bbox 382 2205 574 2240; x_wconf 51' lang='lat' dir='ltr'><strong>numquam</strong></span> <span class='ocrx_word' id='word_1_243' title='bbox 586 2194 686 2242; x_wconf 81' lang='lat' dir='ltr'><strong>fidos</strong></span> <span class='ocrx_word' id='word_1_244' title='bbox 702 2195 826 2236; x_wconf 73' lang='lat' dir='ltr'><strong>socios,</strong></span> <span class='ocrx_word' id='word_1_245' title='bbox 845 2206 982 2242; x_wconf 77' lang='lat' dir='ltr'><strong>semper</strong></span> <span class='ocrx_word' id='word_1_246' title='bbox 1002 2193 1144 2242; x_wconf 81' lang='lat' dir='ltr'><strong>infestos</strong></span> <span class='ocrx_word' id='word_1_247' title='bbox 1163 2194 1289 2237; x_wconf 75' lang='lat' dir='ltr'><strong>hostes,</strong></span> <span class='ocrx_word' id='word_1_248' title='bbox 1311 2195 1367 2231; x_wconf 86' lang='lat' dir='ltr'><strong>in-</strong></span> 
     </span>
     <span class='ocr_line' id='line_1_36' title="bbox 251 2255 1364 2307; baseline 0.002 -15"><span class='ocrx_word' id='word_1_249' title='bbox 251 2269 349 2305; x_wconf 83' lang='lat' dir='ltr'><strong>pune</strong></span> <span class='ocrx_word' id='word_1_250' title='bbox 363 2257 513 2299; x_wconf 77' lang='lat' dir='ltr'><strong>eludere.</strong></span> <span class='ocrx_word' id='word_1_251' title='bbox 569 2255 631 2292; x_wconf 89' lang='lat' dir='ltr'><strong>Ab</strong></span> <span class='ocrx_word' id='word_1_252' title='bbox 661 2257 730 2293; x_wconf 77' lang='lat' dir='ltr'><strong>hae</strong></span> <span class='ocrx_word' id='word_1_253' title='bbox 761 2270 865 2300; x_wconf 72' lang='lat' dir='ltr'><strong>voce,</strong></span> <span class='ocrx_word' id='word_1_254' title='bbox 887 2256 987 2293; x_wconf 84' lang='lat' dir='ltr'><strong>velut</strong></span> <span class='ocrx_word' id='word_1_255' title='bbox 1015 2258 1124 2306; x_wconf 86' lang='lat' dir='ltr'><strong>signo</strong></span> <span class='ocrx_word' id='word_1_256' title='bbox 1153 2270 1175 2292; x_wconf 88' lang='lat' dir='ltr'><strong>a</strong></span> <span class='ocrx_word' id='word_1_257' title='bbox 1202 2263 1364 2307; x_wconf 80' lang='lat' dir='ltr'><strong>praetore</strong></span> 
     </span>
     <span class='ocr_line' id='line_1_37' title="bbox 255 2320 1361 2374; baseline 0.002 -17"><span class='ocrx_word' id='word_1_258' title='bbox 255 2321 358 2366; x_wconf 79' lang='lat' dir='ltr'><strong>dato,</strong></span> <span class='ocrx_word' id='word_1_259' title='bbox 392 2320 440 2357; x_wconf 88' lang='lat' dir='ltr'><strong>ad</strong></span> <span class='ocrx_word' id='word_1_260' title='bbox 472 2321 721 2374; x_wconf 84' lang='lat' dir='ltr'><strong>diripiendam</strong></span> <span class='ocrx_word' id='word_1_261' title='bbox 755 2321 885 2360; x_wconf 87' lang='lat' dir='ltr'><strong>urbem</strong></span> <span class='ocrx_word' id='word_1_262' title='bbox 919 2322 1060 2374; x_wconf 84' lang='lat' dir='ltr'><strong>passim</strong></span> <span class='ocrx_word' id='word_1_263' title='bbox 1097 2321 1361 2359; x_wconf 86' lang='lat' dir='ltr'><strong>discurrerunt.</strong></span> 
     </span>
    </p>
   </div>
   <div class='ocr_carea' id='block_1_5' title="bbox 1494 0 1546 2648">
    <p class='ocr_par' dir='ltr' id='par_1_5' title="bbox 1494 0 1546 2648">
     <span class='ocr_line' id='line_1_38' title="bbox 1494 0 1546 2648; baseline 0 0"><span class='ocrx_word' id='word_1_264' title='bbox 1494 0 1546 2648; x_wconf 95' lang='lat' dir='ltr'><strong> </strong></span> 
     </span>
    </p>
   </div>
  </div>
 </body>
</html>
