1546 2648
338 169 487 198 LIBER
513 167 629 195 XLV.
663 164 770 193 CAI’.
795 162 951 191 XXXV·
1113 158 1195 201 523

85 262 192 298 vibus
225 260 464 310 exspectatis,
498 257 632 307 quibus
667 267 754 292 usus
791 252 1063 290 Macedonicus
1090 262 1196 286 exer·
1212 253 1254 282 U.
1268 252 1304 284 C.
1323 259 1396 303 55⁵.

86 328 182 361 citus
203 331 296 366 erat,
326 325 365 360 in
387 322 535 358 Italiam
570 319 731 370 trajecit.
788 319 916 358 Quum
945 317 1025 352 haec
1045 315 1083 350 in
1108 298 1252 350 Mai-A·
1267 296 1303 326 C·
1325 302 1395 329 1⁶7·

86 392 243 427 cedonia
262 390 455 439 Epiroque
475 395 582 436 gesta
601 392 702 427 sunt,
724 383 854 433 legati,
875 382 938 431 qui
959 393 1042 416 cuni
1063 377 1198 415 Attalo

86 456 131 492 ad
151 454 355 491 finiendum
371 452 510 488 bellum
526 451 626 486 inter
641 448 772 485 Gallos
791 454 828 483 et
844 459 971 494 regem
987 444 1198 480 Eumenem

85 519 187 555 missi
221 524 342 560 erant,
379 518 416 552 in
447 516 575 551 Asiam
608 518 871 564 pervenerunt.
929 508 1097 546 Induciis
1131 518 1197 555 per

84 583 245 617 hiemem
266 580 391 622 factis,
410 586 447 616 et
467 578 567 616 Galli
589 578 721 614 domos
738 575 924 616 abierant,
942 578 979 608 et
998 585 1064 608 rex
1080 571 1118 606 in
1137 569 1197 604 hi-

83 647 201 682 berna
221 652 460 681 concesserat
480 644 722 692 Pergamum,
743 640 922 690 gravique
941 637 1077 674 morbo
1099 645 1197 683 aeger

84 710 220 746 fuerat.
295 709 370 744 Ver
402 709 565 757 primum
598 720 644 742 ex
680 705 795 741 domo
832 703 971 739 excivit
989 716 996 736 ε
1040 698 1198 750 jamque

85 773 262 819 Synnada
299 777 563 816 pervenerant,
599 782 713 818 quum
749 768 939 804 Eumenes
977 764 1025 800 ad
1062 761 1197 798 Sardes

83 822 249 870 undique
268 822 472 857 exercitum
495 828 751 858 contraxerat,
798 826 858 857 lm
879 827 917 856 et
935 826 1103 855 Romani
1125 825 1205 860 δυ-4

80 885 280 921 lovettium
317 884 448 921 ducem
476 884 673 921 Gallorum
708 885 894 934 Synnadis
932 883 1117 925 adlocuti,
1155 887 1195 917 et

82 948 234 984 Attalus
255 961 339 984 cum
360 949 412 984 eis
435 947 626 997 profectus
642 963 652 993 5
680 948 745 984 sed
774 955 899 984 castra
917 946 1116 983 Gallorum
1136 946 1194 982 in-

83 1020 183 1049 trare
203 1025 288 1048 eum
317 1025 395 1048 non
427 1011 584 1062 placuit,
616 1025 664 1047 ne
695 1012 812 1048 animi
846 1024 893 1047 ex
919 1010 1195 1059 disceptatione

83 1077 331 1112 irritarentur.
388 1076 431 1112 P.
451 1076 621 1112 Licinius
651 1088 737 1111 cum
765 1074 898 1123 regulo
919 1073 1117 1110 Gallorum
1137 1079 1194 1108 est

81 1139 245 1182 locutus,
289 1139 506 1188 retulitque,
552 1139 777 1175 ferociorem
823 1151 909 1174 eum
955 1137 1192 1187 deprecando

82 1202 249 1240 factum:
283 1210 324 1239 ut
348 1204 484 1239 mirum
504 1203 620 1239 videri
646 1209 788 1253 posset,
808 1203 907 1240 inter
935 1210 1014 1239 tam
1033 1201 1193 1252 opulen-

81 1273 142 1304 tos
161 1280 282 1316 reges,
299 1268 534 1304 Antiochum
561 1267 898 1317 Ptolemaeumque,
919 1274 1068 1304 tantum
1086 1265 1190 1314 lega-

81 1338 206 1367 torum
226 1331 490 1368 Romanorum
510 1332 624 1368 verba
645 1331 820 1374 valuisse,
852 1338 893 1367 ut
911 1330 1103 1380 extemplo
1122 1343 1190 1380 pa-

80 1407 160 1432 cem
178 1394 346 1431 facerent
361 1411 371 1441 3
395 1395 494 1445 apud
514 1394 644 1431 Gallos
665 1395 804 1431 nullius
821 1395 1005 1431 momenti
1024 1394 1152 1430 fuisse.

131 1459 305 1496 XXXV.
348 1459 514 1496 Romam
542 1461 704 1510 primum
724 1472 830 1508 reges
857 1460 1010 1509 captivi,
1030 1458 1190 1494 Perseus

81 1530 119 1559 et
138 1524 313 1567 Gentius,
333 1525 373 1560 in
394 1525 604 1561 custodiam
634 1538 719 1561 cum
745 1524 873 1561 liberis
894 1523 1046 1560 abducti
1061 1539 1072 1568 3
1104 1522 1188 1558 dein

79 1586 192 1623 turba
211 1587 285 1624 alia
303 1589 539 1638 captivorum
557 1603 564 1624 :
597 1595 676 1624 tum
697 1587 832 1636 quibus
848 1587 1105 1624 Macedonum
1125 1586 1190 1621 de·
1223 1572 1230 1577 s

77 1651 301 1687 nunciatum
320 1659 414 1695 erat,
443 1660 484 1688 ut
503 1652 668 1688 Romam
695 1652 880 1694 venirent,
901 1652 1190 1701 principumque

77 1714 258 1752 Graeciae:
290 1728 378 1752 nam
407 1716 447 1752 hi
477 1729 626 1765 qnoque
646 1729 724 1752 non
750 1715 872 1751 solum
899 1720 1102 1765 praesentes
1124 1726 1189 1749 ex-

76 1779 140 1814 citi
163 1786 284 1823 erant,
305 1781 370 1816 sed
390 1781 519 1824 etiam,
540 1781 570 1817 si
591 1781 653 1830 qui
675 1780 774 1830 apud
789 1793 895 1828 reges
917 1791 997 1816 esse
1013 1777 1191 1815 diceban-

76 1849 151 1885 tur,
168 1842 286 1879 literis
306 1844 476 1880 arcessiti
495 1851 594 1880 sunt.
625 1843 779 1880 Paullus
800 1844 877 1893 ipse
892 1849 982 1893 post
1001 1842 1078 1878 dies
1096 1853 1190 1891 pau-

75 1919 139 1942 cos
159 1907 262 1955 regia
278 1919 371 1943 nave
388 1908 552 1956 ingentis
570 1907 856 1956 inagnitutlini3‚
869 1919 981 1955 quam
1002 1905 1191 1941 sexdecim

74 1983 202 2007 versus
218 1984 406 2008 remorum
426 1972 604 2020 agebant,
621 1979 756 2008 ornata
768 1972 1027 2008 Macedonicis
1045 1969 1190 2020 spoliis,

77 2047 155 2070 non
188 2036 396 2084 insignium
422 2042 571 2072 tantum
607 2048 811 2078 armorum,
839 2035 904 2071 Sed
933 2035 1046 2070 etiam
1069 2034 1190 2082 regio-

78 2109 159 2134 rum
175 2100 376 2143 textilium,
388 2101 542 2136 adverso
553 2100 682 2136 Tiberi
699 2100 745 2136 ad
762 2100 892 2137 urbem
905 2106 961 2136 est
977 2099 1192 2139 subvectus,

84 2163 281 2213 completis
302 2166 390 2215 ripis
411 2166 562 2202 obviam
585 2166 701 2202 effusa
725 2165 977 2202 multitudine.
1044 2163 1191 2199 Paucos

77 2235 166 2277 post
199 2227 276 2263 <lies
305 2229 460 2265 Anicius
490 2236 528 2265 et
565 2229 746 2265 Octavius
783 2229 900 2265 classe
934 2240 1001 2264 sua
1033 2226 1191 2263 advecti.

76 2290 215 2329 Tribus
231 2291 275 2328 iis
295 2292 469 2329 omnibus
486 2293 656 2330 decretus
678 2302 734 2329 est
747 2292 792 2329 ab
806 2298 940 2329 senatu
953 2289 1162 2339 triumphus
1179 2304 1187 2324 ;
