1546 2648
297 217 452 246 LIBER
478 215 683 244 xxxvn.
716 213 823 242 CAP.
846 213 976 240 XLII.
1134 206 1187 253 51

77 314 216 357 guntur
235 307 425 356 quadrigae
443 320 449 341 ε
482 311 687 354 amotoque
708 303 810 340 inani
828 301 1006 344 ludibrio,
1023 307 1104 337 tum
1124 301 1188 337 de·
1203 305 1244 335 U.
1255 303 1291 335 C.
1311 310 1386 337 562.

76 384 179 408 mum
199 371 244 407 ad
257 370 404 421 justum
424 369 615 421 proelium,
637 369 748 418 signo
769 367 957 415 utrimque
978 366 1081 409 dato,
1097 378 1189 402 con-
1202 350 1240 381 A·
1254 349 1291 380 C·
1311 356 1383 383 ¹⁹⁰'

74 447 224 471 cursum
244 441 312 472 est.

126 501 259 539 XLII.
291 501 469 538 Ceterum
497 512 594 536 vana
624 497 688 535 illa
720 509 778 534 res
815 509 913 533 verae
947 509 1036 533 mox
1073 495 1187 533 cladis

73 579 206 603 caussa
226 565 321 602 fuit:
354 564 493 601 auxilia
514 564 614 599 enim
642 561 881 604 subsidiaria,
904 574 985 610 quae
1012 561 1188 611 proxima

71 629 197 667 locata
217 636 337 673 erant,
363 641 502 680 pavore
526 634 562 664 et
590 626 898 663 consternatione
919 626 1185 675 quadrigarum

72 696 218 738 territa,
236 700 274 730 et
299 695 381 744 ipsa
406 694 443 729 iu
472 692 599 741 fugam
621 704 741 734 versa,
763 690 953 726 nudarunt
973 690 1103 726 omnia
1123 702 1185 726 us-

71 772 144 809 que
171 759 217 796 ad
246 758 511 808 cataphractos
536 757 704 805 equites:
739 754 784 791 ad
805 767 899 804 quos
925 767 1053 804 quum,
1075 755 1186 791 dissi-

70 825 168 875 patis
199 823 388 865 subsidiis,
415 822 647 872 pervenisset
681 821 869 870 equitatus
900 819 1115 864 Romanus,
1136 832 1184 857 ne

66 889 228 940 primum
249 888 400 937 quidem
419 888 591 937 inpetum
619 897 705 935 pars
734 897 864 921 eorum
894 886 1179 922 sustinueruntt

69 954 132 991 alii
159 954 233 991 fusi
259 960 371 999 sunt3
404 952 468 989 alii
498 958 654 1002 propter
687 952 912 1001 gravitatem
938 958 1182 1001 tegumento·

67 1032 151 1056 rum
185 1030 451 1067 armorumque
487 1016 659 1067 obpressi
693 1023 792 1054 sunt.
866 1016 1009 1053 Totum
1048 1017 1182 1055 deinde

67 1083 203 1121 laevum
235 1096 352 1120 cornu
382 1082 602 1127 inclinavit3
639 1090 690 1124 et,
722 1081 882 1117 turbatis
917 1081 1179 1126 auxiliaribus,

68 1150 132 1199 qui
164 1150 264 1185 inter
293 1150 451 1198 equites,
490 1154 528 1183 et
565 1160 657 1197 quos
693 1146 886 1197 adpellant
921 1147 1178 1198 phalangitas,

68 1219 188 1256 erant,
212 1225 327 1262 usque
347 1212 392 1248 ad
414 1211 573 1247 mediam
598 1212 716 1247 aciem
737 1219 858 1246 terror
877 1213 1059 1261 pervenit.
1118 1214 1179 1250 ]bi

66 1277 177 1314 simul
213 1277 424 1328 perturbati
463 1277 627 1320 ordines,
667 1283 705 1311 et
740 1275 929 1325 inpeditus
966 1278 1181 1315 intercursu

66 1355 216 1379 suorum
240 1355 326 1378 usus
347 1342 625 1391 praelongarum
651 1341 859 1384 hastarum,
891 1343 1062 1389 (sarissas
1089 1343 1178 1380 Ma-

65 1407 224 1443 cedones
246 1406 400 1452 vocant)
425 1404 584 1441 intulere
604 1405 713 1453 signa
732 1404 917 1441 Romanae
934 1405 1118 1454 legioneS,
1141 1415 1178 1444 et

63 1471 140 1523 pila
160 1472 197 1507 in
218 1471 459 1521 perturbatos
478 1470 693 1520 conjecere:
727 1483 774 1506 ne
793 1471 1005 1521 interpositi
1028 1473 1175 1521 quidem

62 1536 252 1587 elephanti
275 1535 433 1572 militem
459 1534 677 1570 Romanum
699 1535 955 1578 deterrebant,
978 1537 1176 1575 adsuetum

54 1599 136 1650 jam
157 1600 204 1636 ab
227 1600 365 1635 Africis
387 1598 493 1634 bellis
516 1605 552 1634 et
573 1600 690 1634 vitare
711 1599 880 1649 inpetum
900 1599 1048 1643 belluae,
1071 1608 1108 1637 et
1129 1616 1175 1639 ex

60 1672 275 1700 transverso
298 1671 363 1700 aut
383 1664 468 1714 pilis
493 1665 693 1706 incessere,
715 1670 793 1706 aut,
815 1665 843 1699 si
872 1666 1025 1715 propius
1047 1666 1174 1704 subire

60 1736 202 1780 posset,
237 1729 364 1777 gladio
396 1741 529 1765 nervos
561 1728 739 1765 incidere.
796 1728 883 1764 Jam
917 1730 1039 1767 nit-dia
1073 1733 1172 1768 acies

58 1794 136 1830 fere
156 1794 278 1830 omnis
302 1807 325 1829 a
353 1793 479 1829 fronte
507 1799 697 1842 prostrata
723 1800 817 1836 erat,
839 1801 877 1830 et
902 1795 1069 1833 subsidia
1099 1799 1172 1834 cir-

59 1859 199 1896 cumita
218 1872 241 1895 a
261 1864 367 1907 tergo
387 1858 651 1894 caedebantur:
684 1871 796 1907 quum
820 1859 858 1894 in
884 1868 991 1909 parte
1018 1861 1091 1898 alia
1110 1863 1170 1899 fu-

58 1934 142 1973 gam
163 1936 331 1967 suorum,
354 1930 391 1959 et
414 1936 531 1974 prope
550 1922 632 1972 jam
653 1923 697 1958 acl
723 1924 803 1973 ipsa
824 1932 946 1960 castra
967 1925 1171 1964 clamorem

57 1988 274 2038 paventium
297 2001 488 2037 accepere.
544 1988 721 2036 Namque
746 1989 961 2025 Antiochus
990 2003 1012 2026 a
1035 1993 1170 2029 dextro

57 2064 189 2096 cornu,
211 2065 327 2102 quum
353 2053 405 2088 ibi
430 2053 564 2089 fiducia
588 2052 752 2089 fluminis
779 2053 883 2089 nulla
903 2055 1069 2093 subsidia
1089 2071 1169 2094 cer-

57 2126 177 2162 neret,
197 2125 334 2169 praeter
360 2126 522 2168 quatuor
544 2126 686 2155 turmas
716 2120 898 2169 equitum,
921 2128 958 2157 et
982 2135 1058 2165 eas,
1079 2124 1168 2160 (lum

58 2181 248 2231 adplicant
270 2196 309 2219 se
334 2184 425 2226 suis,
446 2184 566 2233 ripam
595 2184 795 2227 nudantes,
818 2185 990 2236 inpetum
1019 2187 1058 2223 in
1086 2201 1168 2225 cam

9 2253 203 2297 ⁸partem
228 2261 311 2285 cum
335 2249 482 2285 auxiliis
511 2256 548 2285 et
579 2250 825 2299 cataphracto
855 2253 1026 2300 equitatu
1050 2253 1166 2291 fecit:

57 2323 128 2348 nec
158 2325 181 2348 a
205 2312 332 2349 fronte
363 2320 510 2351 tantum
536 2314 719 2358 instabat,
741 2316 818 2359 sed,
840 2317 1038 2354 circumito
1059 2332 1080 2355 a
1100 2319 1169 2356 flu-

55 2377 157 2414 mine
188 2390 321 2428 cornu,
343 2377 426 2430 jam
459 2379 506 2416 ab
539 2380 657 2415 latere
680 2381 864 2430 urgebat3
895 2383 1017 2420 donec
1045 2384 1170 2434 fugati

552 2443 644 2481 Da
