1546 2648
373 163 529 194 LIBER
552 160 683 192 XLII.
715 157 822 187 CAP.
846 157 938 187 Lu.
1126 158 1212 204 375

102 253 177 292 tria
204 253 321 292 millia
348 253 542 291 Thracum
570 250 776 289 liberorum
802 263 910 288 suum
938 251 1071 289 ducem
1095 253 1212 290 habe-

103 317 210 356 bant.
257 318 497 354 Cretensium
516 329 584 366 par
601 328 699 366 pene
718 327 895 351 numerus
915 327 1003 352 suos
1024 316 1135 353 duces
1157 330 1214 354 se-

102 382 302 432 quebatur,
319 382 455 418 Susum
471 380 769 418 Phalasarneum
785 384 822 414 et
840 378 984 429 Syllum
996 379 1216 420 Gnossium.

99 445 155 484 Et
181 446 372 482 Leonides
396 444 710 482 Lacedaemonius
737 443 955 492 quingentis
981 457 1027 480 ex
1053 445 1216 490 Graecia,

101 510 222 546 mixto
251 509 381 558 generi
410 509 623 551 hominum,
644 513 815 557 praeerat.
872 505 987 555 Regii
1010 508 1040 543 is
1068 510 1215 556 generis

98 573 312 620 ferebatur3
335 573 456 616 exsul,
472 573 673 609 damnatus
689 570 878 620 frequenti
894 570 1059 607 concilio
1078 573 1216 609 Achae-

100 649 224 680 orum,
254 636 374 673 literis
410 637 458 673 ad
491 636 630 672 Persea
661 635 868 685 deprensis,
923 634 1145 672 AEtolorum
1178 644 1217 672 et

99 700 343 745 Boeotorum,
365 701 430 751 qui
455 713 533 737 non
564 699 769 750 explebant
793 699 876 748 plus
897 711 1010 748 quam
1029 700 1217 748 quingen-

98 770 227 802 torum
263 777 394 801 omnes
427 776 641 807 numerum,
674 763 783 812 Lyco
817 762 981 798 Achaeus
1013 762 1215 812 praefectus

100 833 193 864 crat.
248 827 310 865 Ex
342 828 400 864 his
434 827 564 863 mixtis
594 833 654 863 tot
682 825 927 876 populorum,
958 832 1018 861 tot
1046 827 1218 876 gentium

100 890 264 936 auxiliis,
295 892 494 929 duodecim
522 891 643 927 millia
670 897 903 927 armatorum
932 890 1050 927 ferme
1080 893 1216 929 efficie-

99 955 250 998 bantur.
306 956 491 1006 Equitum
522 969 570 993 ex
598 961 683 991 tota
712 954 943 990 Macedonia
973 962 1218 994 contraxerat

100 1020 174 1056 tria
202 1020 333 1058 millia,
390 1021 558 1057 Venerat
590 1019 724 1056 eodem
755 1018 888 1067 CotyS‚
920 1018 1072 1055 Seuthae
1101 1019 1216 1064 filius,

99 1097 164 1120 rex
184 1086 307 1133 gentis
329 1085 576 1134 Odrysarum,
597 1096 682 1120 cum
708 1082 812 1119 mille
836 1082 990 1119 deiectis
1011 1083 1217 1132 equitibuS,

100 1149 182 1197 pari
209 1148 326 1185 ferme
355 1149 525 1199 peditum
552 1160 723 1186 numero.
781 1148 936 1184 Summa
961 1149 1080 1184 totius
1109 1161 1216 1185 exer-

102 1211 199 1248 citus
225 1213 384 1260 triginta
409 1224 545 1248 novem
573 1211 690 1247 millia
715 1210 884 1261 peditum
910 1217 1032 1254 erant,
1053 1217 1222 1260 quatuor

99 1275 282 1323 equitum.
321 1275 420 1312 Satis
437 1275 652 1318 constabat,
666 1274 872 1311 secundum
889 1287 974 1310 eum
992 1276 1213 1319 exercitum,

101 1351 211 1388 quem
240 1339 407 1389 Magnus
439 1339 656 1376 Alexander
684 1339 722 1374 in
752 1339 883 1374 Asiam
911 1337 1074 1388 trajecit,
1104 1352 1215 1376 nurn-

101 1416 214 1453 quam
235 1403 344 1441 ullius
364 1404 622 1441 Macedonum
642 1403 741 1452 regis
762 1403 890 1453 copias
913 1408 1036 1439 tantas
1057 1403 1186 1440 fuisse.

153 1467 244 1504 LII.
275 1468 411 1505 Sextus
432 1474 470 1504 et
488 1467 686 1503 vicesimus
707 1478 828 1505 annus
849 1466 1047 1515 agebatur,
1068 1480 1114 1503 ex
1138 1480 1220 1516 quo

101 1533 245 1582 petenti
264 1532 444 1582 Philippo
464 1532 551 1570 data
571 1526 645 1582 pax
671 1539 774 1568 erat:
797 1543 863 1581 per
879 1531 915 1568 id
934 1543 1047 1568 omne
1065 1538 1213 1582 tempus

39 1604 42 1607 '
102 1597 230 1645 quieta
248 1595 478 1633 Macedonia
493 1602 531 1632 et
545 1596 768 1645 progeniem
785 1596 964 1638 ediderat,
982 1594 1041 1644 cuj
1048 1608 1088 1632 us
1105 1609 1213 1645 mag·

1227 253 1269 283 U.
1283 253 1320 285 C.
1338 260 1415 286 581.

1227 297 1268 327 A.
1284 297 1323 328 C.
1339 303 1416 334 171,

102 1672 152 1695 na
170 1672 256 1709 pars
276 1666 424 1697 matura
444 1659 587 1696 militiae
607 1666 719 1702 esset,
741 1665 778 1695 et
797 1659 940 1695 levibus
960 1658 1068 1695 bellis
1088 1659 1235 1696 Thra-2

102 1735 187 1760 cum
207 1723 437 1768 adcolarum,
455 1736 536 1773 quae
557 1730 776 1760 exercerent
795 1724 930 1773 magis,
945 1736 1058 1772 quam
1072 1723 1213 1772 fatiga-

98 1794 198 1831 rent,
221 1788 289 1825 sub
309 1788 465 1825 adsidua
481 1795 609 1824 tamen
629 1787 765 1824 militia
783 1787 929 1824 fuerat:
953 1795 992 1823 et
1010 1787 1074 1823 diu
1093 1788 1212 1824 medi-

100 1859 222 1890 tatum
247 1853 426 1904 Philippo
454 1854 592 1904 primo,
620 1852 754 1889 deinde
783 1858 821 1889 et
849 1852 970 1895 Persi,
991 1851 1212 1889 Romanum

98 1915 254 1961 bellum,
275 1918 403 1954 omnia
421 1925 462 1953 ut
481 1918 666 1954 instructa
690 1922 896 1967 parataque
917 1921 1057 1959 essent,
1078 1915 1214 1952 effece-

101 1987 173 2018 rat.
226 1981 340 2019 Mota
365 1994 567 2032 parumper
585 1981 698 2024 acies,
723 1984 819 2028 (non
838 1979 948 2030 justo
973 1980 1134 2016 decursu
1151 1986 1212 2019 ta-

94 2045 207 2093 men)
225 2058 275 2082 ne
291 2047 441 2083 stetisse
461 2051 609 2082 tantum
627 2045 800 2089 inarmis
816 2044 1032 2081 viderentur
1047 2059 1055 2079 :
1087 2056 1212 2080 arma-

101 2116 250 2157 tosque,
283 2111 381 2147 sicut
413 2115 535 2153 erant,
570 2109 616 2146 ad
647 2109 871 2146 concionem
904 2108 1066 2151 vocavit..
1123 2107 1212 2157 Ipse

101 2174 275 2210 constitit
298 2175 341 2210 in
369 2174 565 2218 tribunali,
594 2174 694 2216 circa
722 2186 762 2210 se
789 2172 935 2210 habens
964 2171 1062 2209 filios
1089 2172 1208 2209 duos:

102 2250 264 2286 quorum
290 2236 413 2287 major
439 2237 652 2288 Philippus,
680 2243 817 2274 natura
843 2236 975 2279 frater,
1004 2235 1213 2285 adoptione

102 2301 199 2339 filius
210 2318 221 2349 3
244 2302 382 2350 minor,
397 2315 510 2353 quem
527 2302 786 2346 Alexandrum
805 2300 1010 2346 vocabant,
1026 2298 1215 2338 naturalis
