1546 2648
343 154 424 200 150
499 187 503 194 ,
794 159 842 187 τ.
863 159 998 189 mvn

143 245 187 277 U.
203 246 239 278 C.
253 252 326 280 56⁵.
338 256 422 293 ergo
441 255 512 281 esse
523 246 662 293 regium
681 257 809 282 aurum
822 247 844 283 .9
869 247 930 284 ubi
945 252 999 284 tot
1016 247 1240 284 haereditates
1253 252 1448 298 acceptas?

141 290 183 321 Α·
197 290 233 321 C·
254 297 326 327 ¹⁸⁷·
337 311 382 347 In
401 312 519 354 domo,
536 323 642 359 quam
660 317 796 348 sumtus
809 325 879 349 non
892 313 1129 357 exhauserim,
1145 318 1282 350 exstare
1295 315 1450 352 debuisse

335 375 607 425 novaesortunae
625 377 818 414 cumulum.
854 379 906 414 At
924 380 1031 422 enim,
1048 380 1144 427 quod
1161 390 1204 415 ex
1217 379 1315 415 bonis
1331 380 1451 428 redigi

333 457 404 482 non
419 447 545 494 possit,
566 457 607 482 ex
632 458 778 495 corpore
802 451 838 483 et
863 452 962 495 tergo
987 460 1054 496 per
1070 449 1292 485 vexationem
1309 454 1346 486 et
1365 461 1448 486 con·

335 515 500 551 tumelias
528 515 571 551 L.
593 514 769 563 Scipionis
792 517 968 564 petituros
996 518 1179 555 inimicos:
1205 523 1248 554 ut
1271 519 1309 554 in
1328 530 1447 555 carce-

333 590 410 615 rem
429 580 521 615 inter
528 578 637 628 fures
654 584 846 616 nocturnos
863 585 898 616 et
918 581 1072 617 latrones
1088 582 1146 617 vir
1163 583 1376 620 clarissimus
1391 584 1448 620 in-

334 644 517 687 cludatur,
539 648 575 679 et
602 645 639 680 in
662 644 785 680 robore
807 649 841 680 et
863 645 1012 681 tenebris
1028 638 1182 694 exspiret
1194 661 1214 682 .-
1235 647 1363 683 deinde
1379 660 1447 684 nu-

333 707 400 743 dus
414 712 498 744 ante
514 720 690 744 carcerem
706 707 933 756 projiciatur.
979 710 1064 746 Non
1083 711 1121 746 id
1142 710 1316 747 Corneliae
1332 713 1448 760 magis

322 770 498 819 familiae,
519 784 627 819 quom
644 771 722 808 urbi
740 772 927 816 Romanae,
938 771 1028 822 fore
1043 773 1324 810 erubescendum.

385 834 474 873 LX.
503 836 691 872 Adversus
721 849 765 873 ea
796 837 997 874 Terentius
1027 843 1169 889 praetor
1200 838 1443 887 rogationem

331 897 536 943 Petilliam,
567 906 605 936 et
633 901 1016 945 senatusconsultum,
1048 909 1086 939 et
1104 901 1293 952 judicium
1322 901 1369 938 de
1395 901 1444 940 L.

332 962 511 1015 Scipione
530 964 672 1001 factum
692 966 890 1002 recitavit:
924 979 977 1010 se,
1004 966 1044 1002 ni
1069 965 1254 1002 referatur
1283 966 1446 1016 pecunia

331 1027 371 1063 in
404 1028 611 1078 publicum,
643 1043 725 1079 quat
752 1029 927 1080 judicata
954 1030 1017 1074 sit,
1044 1029 1140 1066 nihil
1167 1029 1322 1073 habere,
1343 1030 1445 1079 quod

330 1090 460 1135 faciat,
479 1093 552 1128 nisi
567 1099 609 1128 ut
628 1093 810 1142 prehendi
827 1094 1062 1137 damnatum,
1084 1093 1175 1129 etin
1191 1092 1343 1129 vincula
1357 1093 1444 1129 duci

322 1153 472 1206 jubeat.
528 1157 692 1194 Tribuni
726 1171 841 1207 quum
874 1160 913 1195 in
947 1158 1150 1195 consilium
1186 1158 1443 1202 secessissent,

327 1219 458 1270 paullo
477 1228 565 1271 post
594 1222 637 1258 C.
656 1222 826 1259 Fannius
847 1236 894 1260 ex
917 1235 985 1260 sua
1013 1222 1319 1272 collegarumque
1348 1221 1447 1259 alio-

325 1296 424 1328 rum,
442 1292 578 1336 praeter
598 1286 827 1331 Gracchum,
849 1288 1038 1324 sententia
1052 1287 1333 1337 pronunciavit,
1347 1299 1444 1336 prae-

329 1350 401 1385 tori
418 1362 490 1386 non
510 1352 727 1388 intercedere
749 1352 918 1396 tribunos,
941 1364 1010 1400 quo
1035 1353 1153 1388 minus
1176 1363 1242 1387 sua
1266 1356 1447 1399 potestate

136 1418 304 1450 Gracchus
327 1417 466 1451 utatur.
522 1414 583 1451 Ti.
617 1414 811 1452 Gracchus
844 1416 900 1452 ita
930 1415 1120 1452 decrevit:
1155 1416 1234 1457 Quo
1258 1407 1376 1452 minus
1403 1427 1447 1452 ex

130 1464 314 1546 {xggitfum
328 1476 423 1513 bonis
453 1477 497 1514 L.
513 1477 705 1527 Scipionis,
737 1480 832 1528 quod
851 1477 1057 1525 judicatum
1084 1481 1145 1522 sit,
1176 1469 1377 1527 redigatur,
1409 1490 1447 1516 se

326 1556 400 1580 non
437 1545 651 1581 intercedere
682 1546 842 1594 praetori.
902 1545 948 1581 L.
978 1544 1179 1592 Scipionem
1215 1544 1295 1591 (qui
1326 1555 1446 1591 regem

327 1611 633 1659 opulentissimum
670 1612 762 1647 orbis
801 1616 979 1648 terrarum
1024 1611 1206 1653 devicerit,
1255 1611 1446 1658 imperium

321 1676 452 1724 populi
482 1676 640 1712 Romani
667 1678 924 1724 propagaverit
950 1677 987 1712 in
1014 1675 1162 1711 ultimos
1191 1679 1370 1711 terrarum
1388 1675 1444 1724 fi-

324 1750 400 1782 nes,
429 1751 548 1787 regem
577 1740 787 1783 Eumenem,
815 1740 987 1782 Rhodios,
1014 1739 1108 1774 alias
1137 1742 1190 1774 tot
1219 1737 1320 1774 urbes
1348 1739 1446 1775 Asiae

327 1803 525 1841 devinxerit
553 1805 681 1853 populi
719 1804 874 1840 Romani
910 1804 1095 1852 beneficiis,
1127 1803 1305 1851 plurimos
1341 1803 1446 1838 duces

329 1868 482 1905 hostium
511 1870 548 1905 in
586 1869 766 1917 triumpho
799 1870 921 1905 ductos
959 1880 1099 1904 carcere
1130 1867 1332 1913 incluserit)
1374 1878 1445 1903 non

323 1944 518 1983 passurum
535 1934 628 1969 inter
647 1932 759 1969 hostes
785 1934 912 1981 populi
938 1932 1095 1968 Romani
1123 1931 1169 1967 L.
1185 1930 1391 1978 Scipionem
1409 1932 1446 1966 in

328 2009 470 2033 carcere
500 2001 535 2033 et
559 1998 596 2032 in
625 1998 776 2033 vinculis
812 2009 895 2039 esse,
933 1998 1098 2045 mittique
1133 2006 1213 2032 eum
1243 2006 1280 2030 se
1305 1993 1443 2041 jubere.

327 2059 456 2097 Tanto
487 2060 647 2097 adsensu
680 2061 851 2097 auditum
877 2066 934 2097 est
963 2060 1170 2102 decretum,
1192 2059 1285 2095 adeo
1313 2058 1444 2094 dimis-

327 2136 411 2161 sum
436 2124 483 2162 L.
505 2125 720 2174 Scipionem
750 2125 827 2162 laeti
853 2125 1026 2161 homiues
1049 2123 1238 2166 viderunt,
1260 2129 1303 2159 ut
1320 2123 1384 2159 vix
1402 2123 1443 2159 in

327 2189 459 2226 eadem
478 2189 631 2226 civitate
650 2190 838 2225 videretur
856 2189 998 2225 factum
1012 2187 1213 2239 judicium.
1270 2187 1316 2224 In
1335 2187 1440 2224 bona

326 2253 462 2290 deinde
498 2253 544 2291 L.
576 2253 763 2305 Scipionis
798 2265 1013 2305 possessum
1046 2252 1196 2303 publice
1231 2257 1441 2301 quaestores

325 2324 466 2370 praetor
493 2318 619 2355 misit:
652 2331 774 2368 neque
794 2319 832 2354 in
853 2318 897 2354 iis
928 2330 1003 2354 non
1025 2317 1139 2355 modo
1159 2313 1362 2365 vestigium
1383 2314 1444 2352 ul·
1501 2327 1513 2341 ³
