1546 2648
105 291 148 322 U.
163 293 199 324 C.
211 302 285 327 580.

105 336 147 366 A.
159 336 197 369 C.
213 344 284 374 172.

296 195 381 251 348
482 173 486 179 .
749 210 797 240 'r-
820 210 954 242 mvn

297 295 368 333 bus
387 297 602 336 Februariis
619 299 812 337 Brundisii
832 301 962 337 adesse
970 298 1137 350 juberet.
1179 297 1266 335 Hac
1284 296 1402 334 classe

299 367 338 396 et
368 362 442 398 hoc
473 364 638 400 exercitu
672 364 741 402 Cn.
763 365 923 401 Sicinius
953 364 1187 415 provinciam
1218 361 1402 399 Macedo·

297 425 401 462 niam
420 426 606 472 obtinere,
626 428 746 464 donec
766 441 959 465 successor
976 428 1133 471 veniret,
1147 425 1291 478 jussus,
1312 436 1401 475 pro-

297 496 434 538 rogato
453 491 493 527 in
513 504 653 528 annum
671 492 842 542 imperio.
897 492 956 529 Ea
984 492 1126 534 omnia,
1146 503 1229 540 quae
1248 495 1401 526 senatus

297 555 456 598 censuit,
474 556 621 605 inpigre
639 556 741 593 facta
760 563 860 593 sunt.
888 555 1275 605 Duodequadraginta
1290 552 1402 602 quin-

295 630 487 667 queremes
508 632 555 655 ex
572 619 766 657 navalibus
795 620 990 656 deductae:
1023 620 1086 668 qui
1112 618 1310 655 deduceret
1338 627 1400 652 eas

293 681 553 726 Brundisium,
573 683 619 720 L.
635 683 792 719 Porcius
811 683 969 719 Licinus
988 683 1237 733 praepositus:
1261 680 1400 716 duode-

292 744 368 781 cim
387 757 432 781 ex
453 745 582 782 Sicilia
599 746 733 782 missae.
789 746 850 782 Ad
869 745 1100 782 frumentum
1119 745 1229 781 classi
1254 743 1397 781 exerci-

292 807 423 856 tuique
453 809 697 845 coemendum
729 809 767 845 in
797 809 976 860 Apuliam
1007 808 1295 856 Calabriamque
1320 813 1396 843 tres

291 871 406 920 legati
435 872 552 915 missi,
584 873 669 909 Sex.
685 872 867 922 Digitius,
894 873 940 909 T.
960 873 1173 915 Juventius,
1202 871 1259 908 M.
1277 872 1397 908 Caeci-

290 934 374 973 lius.
430 936 492 972 Ad
510 937 639 973 omnia
657 943 867 987 praeparata
886 937 956 973 Cn.
974 937 1134 973 Sicinius
1155 943 1307 986 praetor,
1327 948 1395 986 pa-

289 997 438 1035 ludatus
459 1012 504 1036 ex
524 999 615 1036 urbe
634 1000 840 1050 profectus,
857 1000 1099 1036 Brundisium
1120 999 1233 1035 venit.

342 1062 538 1100 XXVIII.
567 1063 686 1099 Exitu
715 1075 833 1112 prope
863 1063 952 1099 anni
982 1063 1025 1099 C.
1047 1061 1230 1112 Popillius
1262 1060 1393 1097 consul

287 1125 453 1162 Romam
472 1126 583 1162 rediit
611 1126 806 1175 aliquanto
836 1127 968 1169 serius,
999 1139 1111 1176 quam
1132 1133 1283 1162 senatus
1303 1137 1391 1161 cen-

288 1195 439 1225 suerat:
485 1190 546 1226 cui
587 1190 710 1239 primo
753 1202 902 1238 quoque
943 1197 1115 1239 ternpore
1151 1188 1392 1236 magistratus

286 1252 419 1295 creari,
440 1264 556 1302 quum
574 1258 724 1288 tantum
741 1251 882 1290 bellum
901 1253 1116 1294 inmineret,
1128 1251 1277 1301 jussum
1298 1257 1389 1287 erat.

286 1314 422 1364 Itaque
453 1328 531 1352 non
569 1316 739 1351 secundis
777 1315 928 1352 auribus
965 1315 1119 1351 Pati-um
1158 1315 1306 1350 auditus
1334 1321 1391 1349 est

284 1378 431 1422 consul,
453 1392 566 1427 quum
589 1380 626 1415 in
647 1379 724 1416 aede
742 1378 913 1415 Bellonae
933 1379 978 1415 de
995 1379 1104 1414 rebus
1125 1379 1161 1414 in
1181 1378 1388 1426 Liguribus

283 1442 398 1490 gestis
433 1443 657 1479 dissereret:
689 1442 1004 1480 subclamationes
1033 1442 1247 1491 frequentes
1282 1450 1390 1478 erant

283 1507 692 1558 interrogationesque,
713 1521 779 1545 cur
795 1508 933 1545 scelere
956 1508 1081 1544 fratris
1102 1507 1301 1557 obpressos
1322 1507 1391 1544 Li-

283 1583 393 1619 gures
422 1572 460 1607 in
491 1571 705 1608 libertatem
733 1584 812 1607 non
831 1572 1082 1607 restituisset?
1112 1571 1278 1607 Comitia
1298 1584 1391 1607 con·

283 1634 434 1678 sularia,
455 1635 495 1670 in
524 1648 636 1684 quam
665 1636 788 1672 edicta
813 1642 921 1672 erant
940 1635 1052 1678 diem,
1074 1641 1162 1671 ante
1177 1635 1276 1671 diem
1295 1635 1390 1671 duo-

283 1697 470 1735 decimum
490 1699 683 1736 Kalendas
699 1700 859 1736 Martias
876 1706 964 1735 sunt
979 1699 1122 1735 habita.
1153 1699 1279 1734 Creati
1297 1711 1389 1734 con-

283 1762 395 1805 sules,
433 1763 477 1800 P.
502 1763 674 1799 Licinius
711 1764 882 1806 Crassus,
919 1764 962 1800 C.
990 1764 1141 1799 Cassius
1174 1762 1388 1810 LonginuS.

282 1825 443 1862 Postero
468 1827 527 1862 die
556 1833 735 1875 praetores
766 1825 872 1869 facti,
904 1826 947 1862 C.
964 1825 1149 1875 Sulpicius
1179 1825 1316 1869 Galba,
1340 1825 1387 1863 L.

282 1888 417 1926 Furius
454 1889 600 1933 Philus,
637 1890 684 1927 L.
708 1890 911 1926 Canuleius
943 1890 1075 1931 Dives,
1114 1890 1158 1926 C.
1186 1889 1388 1926 Lucretius

282 1954 428 1998 Gallus,
469 1954 512 1991 C.
537 1955 719 1991 Caninius
756 1954 929 1998 Rebilus,
966 1954 1014 1991 L.
1041 1953 1176 1990 Villius
1213 1954 1387 1992 Annalis.

281 2017 354 2054 His
375 2018 598 2068 praetoribus
619 2019 821 2068 provinciae
841 2018 999 2055 decretae
1018 2033 1026 2054 ε
1049 2018 1130 2054 duae
1143 2017 1231 2068 jure
1250 2017 1386 2055 Romae

281 2081 454 2124 dicendo,
485 2081 687 2131 Hispania,
715 2088 752 2118 et
782 2081 922 2125 Sicilia,
953 2087 990 2117 et
1020 2081 1218 2126 Sardinia,
1251 2087 1293 2116 ut
1320 2082 1385 2117 uni

282 2156 362 2181 sors
382 2144 530 2192 integra
549 2151 660 2187 esset,
681 2158 756 2193 quo
785 2152 935 2182 senatus
962 2144 1180 2180 censuisset.
1237 2144 1388 2182 Consu·

281 2207 378 2244 libus
409 2207 612 2256 designatis
633 2209 832 2257 imperavit
859 2214 1025 2251 senatus,
1056 2216 1113 2251 ut,
1134 2221 1208 2257 qua
1226 2207 1286 2245 die
1304 2221 1386 2246 ma·

282 2272 482 2320 gistratum
507 2272 680 2315 inissent,
701 2272 835 2308 hostiis
865 2271 1071 2322 majoribus
1100 2273 1171 2309 rite
1194 2273 1384 2316 mactatis,

281 2341 536 2383 precarentur,
566 2341 621 2380 ut,
652 2335 752 2385 quod
780 2335 920 2374 bellum
949 2334 1111 2389 populus
1129 2335 1327 2373 Romanus
1347 2336 1388 2373 in
