1546 2648
356 158 433 201 188
455 174 460 181 ·
804 170 849 200 T.
873 171 1009 202 mvn

156 257 247 289 U·C·
265 264 337 295 ⁵67-
353 260 421 304 dit,
438 260 483 297 T.
496 260 747 300 Quinctilium
765 261 906 298 Varum
921 269 958 298 et
974 261 1020 299 L.
1033 261 1255 299 Juventium
1273 261 1462 300 Thalnam
1519 276 1522 293 ε

154 302 244 333 Δ”ς’
265 309 496 373 ¹⁸⁵·legatos
529 325 576 362 ad
613 325 779 374 singulas
813 325 980 375 legiones
1014 326 1268 363 adhortandas
1301 338 1461 377 propere

348 390 478 426 mittit.
525 390 675 426 Docere
695 397 733 426 et
752 401 906 426 mernere
919 390 1046 440 jubet,
1062 394 1098 427 in
1117 392 1190 428 illis
1206 404 1304 440 spem
1323 403 1462 428 omnem

347 456 508 490 vincendi
526 459 560 491 et
588 456 782 491 retinendae
800 455 987 503 Hispanioe
1014 467 1095 491 esse.
1152 456 1194 491 Si
1212 456 1269 491 illi
1298 456 1375 492 loco
1403 448 1478 492 ce-¹
1533 481 1535 488 .

347 519 448 560 dant,
469 522 641 555 neminem
662 518 735 566 ejus
753 521 925 556 exercitus
942 531 1012 555 non
1030 521 1135 556 modo
1156 520 1320 562 Italiam,
1342 521 1403 556 sed
1418 531 1462 555 ne

352 584 444 631 Tagi
463 585 605 632 quidem
624 585 828 620 ulteriorem
847 586 978 632 ripam,
999 597 1169 632 umquam
1187 586 1358 620 visurum.
1395 583 1461 633 Ip-

347 659 401 690 se,
422 659 507 684 cum
536 647 724 697 equitibus
745 648 902 685 duarum
931 647 1124 697 legionum
1153 647 1361 698 paullulum
1387 647 1459 682 cir-

347 718 577 754 cumvectus,
595 713 635 748 in
654 725 816 748 cuneum
835 712 1016 755 hostium,
1034 713 1097 761 qui
1119 712 1280 748 mediam
1300 710 1460 760 urgebat

346 776 481 818 aciem,
502 775 549 812 ab
570 776 686 812 latere
706 777 876 813 incurrit.
932 776 1135 816 Quinctius
1152 788 1238 812 cum
1257 776 1332 811 suis
1353 775 1459 824 equi-

345 838 448 874 tibus
462 839 622 876 alterum
637 840 804 877 hostium
819 839 917 877 latus
934 840 1078 877 invadit
1093 855 1100 876 ;
1124 839 1189 876 sed
1205 839 1321 888 longe
1336 840 1458 876 acrius

348 902 594 953 Calpurniani
615 906 758 954 equites
786 905 1023 955 pugnabant,
1045 911 1083 941 et
1107 911 1247 955 praetor
1273 905 1352 954 ipse
1372 901 1461 940 antle

347 966 440 1004 alios
457 983 464 1003 ε
497 981 585 1005 nam
606 976 642 1005 et
661 971 803 1020 primus
823 971 973 1006 hostem
993 970 1191 1019 percussit,
1212 976 1251 1005 et
1271 969 1323 1005 ita
1342 981 1381 1004 se
1400 969 1461 1004 in-

151 1025 232 1074 vicu
250 1025 326 1058 Hiss·
346 1032 498 1069 miscuit
516 1034 662 1077 mediis,
684 1040 725 1070 ut
741 1035 816 1078 vix,
839 1035 957 1070 utrius
978 1034 1094 1084 partis
1115 1040 1226 1076 esset,
1243 1035 1350 1070 nosci
1369 1046 1458 1083 pos-

149 1079 235 1108 pam.
346 1103 427 1132 set:
459 1103 497 1133 et
517 1098 660 1146 equites
690 1098 862 1148 praetoris
892 1098 1030 1133 eximia
1049 1099 1201 1140 virtute,
1222 1103 1260 1132 et
1289 1098 1458 1146 equitum

344 1161 489 1210 pedites
509 1162 658 1197 accensi
675 1168 774 1198 sunt.
831 1161 959 1197 Pudor
977 1162 1094 1197 movit
1110 1162 1250 1211 primos
1267 1161 1458 1197 centurio-

344 1237 426 1268 neS,
448 1226 512 1274 qui
531 1226 630 1262 inter
651 1225 727 1262 tela
746 1226 914 1262 hostium
939 1233 1139 1277 praetorem
1167 1232 1458 1275 conspexerunt.

340 1288 476 1338 Itaque
507 1303 640 1339 urgere
669 1291 870 1340 signiferos
891 1303 960 1341 pro
989 1303 1028 1327 se
1048 1291 1219 1340 quisque,
1232 1288 1370 1339 jubere
1399 1290 1459 1326 iu-

339 1353 439 1391 ferre
460 1356 582 1404 signa,
603 1362 640 1391 et
656 1355 859 1392 confestim
878 1355 1037 1392 militem
1057 1355 1174 1404 sequi.
1230 1354 1456 1391 Renovatur

341 1417 388 1454 ab
419 1418 594 1455 omnibus
625 1419 788 1455 clamor:
821 1420 971 1469 inpetus
988 1418 1030 1455 fit
1057 1418 1160 1454 velut
1188 1418 1456 1468 exsuperiore

339 1481 438 1520 loco.
494 1483 611 1520 Haud
631 1496 736 1520 secus
757 1496 864 1533 ergo,
885 1495 998 1533 quam
1017 1483 1197 1519 torrentis
1217 1483 1346 1526 modo,
1365 1482 1453 1519 fun·

339 1547 435 1583 dunt
454 1554 703 1598 sternuntque
731 1548 938 1600 perculSOS,
958 1561 1029 1584 nec
1058 1548 1243 1584 sustinere
1262 1547 1326 1583 alii
1342 1559 1455 1597 super

339 1611 434 1648 alios
463 1613 668 1650 inferentes
698 1626 779 1650 sese
807 1619 979 1664 possunt.
1034 1612 1240 1661 Fugientes
1260 1613 1300 1648 in
1329 1618 1454 1649 castra

338 1677 484 1725 equites
513 1679 701 1728 persecuti
729 1685 832 1721 sunt,
861 1684 900 1714 et
927 1678 1104 1729 permixti
1136 1677 1257 1713 turbae
1284 1677 1453 1713 hostium

336 1741 439 1778 intra
454 1741 590 1779 vallum
613 1750 927 1793 penetraverunt:
961 1742 1023 1778 ubi
1044 1741 1091 1778 ab
1107 1741 1246 1777 relictis
1266 1741 1305 1776 in
1322 1741 1450 1790 praesi-

338 1805 402 1841 dio
422 1812 631 1842 castrorum
647 1807 822 1858 proelium
838 1808 1088 1842 instauratum
1105 1821 1112 1842 :
1145 1805 1342 1854 coactique
1361 1810 1450 1840 sunt

335 1869 503 1907 Romani
523 1872 666 1920 equites
687 1871 912 1907 descendere
932 1883 978 1907 ex
997 1871 1114 1919 equis.
1165 1868 1447 1906 Dimicantibus

334 1935 395 1978 iis,
416 1933 516 1984 legio
535 1936 665 1984 quinta
694 1935 931 1984 supervenit:
964 1934 1112 1977 deinde,
1134 1941 1175 1970 ut
1194 1945 1351 1982 quoeque
1377 1945 1448 1982 po-

335 2004 502 2042 tuerant,
521 1999 643 2048 copiae
669 1997 898 2035 adfluebant.
956 1997 1164 2034 Caeduutur
1189 1997 1326 2046 passim
1354 1995 1448 2032 His-

335 2062 423 2112 pani
445 2074 512 2111 per
530 2068 613 2097 tota
633 2068 779 2107 castra5
812 2074 882 2098 nec
906 2060 987 2110 plus
1008 2073 1121 2110 quam
1140 2066 1303 2109 quatuor
1329 2059 1447 2096 millia

333 2125 532 2161 hominum
552 2126 764 2175 effugerunt
780 2140 787 2161 :
820 2126 907 2162 iude
926 2127 999 2162 tria
1015 2125 1130 2162 millia
1150 2124 1241 2167 fere,
1258 2125 1323 2173 qui
1342 2137 1446 2161 arma

334 2191 582 2233 retinuerant,
617 2198 785 2226 montem
823 2191 1076 2240 propinquum
1105 2195 1286 2240 ceperunt
1303 2204 1310 2224 :
1343 2188 1445 2225 mille

333 2254 548 2289 semiermes
578 2254 741 2290 maxime
774 2266 840 2303 per
875 2265 986 2302 agros
1016 2253 1134 2303 palati
1167 2259 1267 2290 sunt.
1324 2253 1446 2302 Supra

334 2317 493 2366 triginta
523 2318 689 2368 quinque
718 2317 836 2355 millia
863 2318 1031 2355 hostium
1051 2317 1215 2361 fuerant,
1245 2329 1291 2354 ex
1310 2315 1446 2367 quibus
