1546 2648
147 266 193 298 U.
205 266 242 297 C.
256 273 331 299 ssi.

148 309 330 346 A.c.171.

141 1421 248 1461 Legati
265 1419 305 1450 R.

143 1466 176 1494 in
193 1466 281 1495 Grae-

142 1509 240 1541 ciam,
249 1515 286 1538 et

140 1551 320 1592 Illyricum.

339 172 423 227 358
471 168 475 175 ⁴
793 182 842 211 er.
863 181 999 213 mvn

343 279 441 312 terea
456 275 628 317 mitteret,
655 285 727 310 mm
748 285 821 311 esse
833 290 845 311 .·
864 276 1049 311 neminem
1073 285 1199 311 eorum
1214 286 1285 323 ,per
1298 274 1451 311 {stolium

341 340 396 375 ire
414 339 606 375 liciturum.
661 337 724 374 Ita
747 338 924 380 dimissis,
945 338 988 374 P.
1001 338 1153 374 Licinio
1172 338 1319 374 consuli
1343 349 1450 374 man-

341 402 485 445 datum,
505 402 606 437 intra
625 401 863 437 undecimum
883 401 980 437 diem
995 400 1151 451 juberet
1170 413 1234 438 eos
1251 400 1365 437 Italia
1382 413 1449 437 αι-

339 465 485 508 cedere,
506 470 544 500 et
560 464 623 514 Sp.
641 461 846 500 Carvilium
873 465 1055 508 mitteret,
1075 466 1154 514 qui,
1175 465 1296 501 donec
1314 475 1451 500 navem

338 529 662 571 conscendissent,
683 528 901 565 custodiret.
958 528 1054 565 Haec
1077 529 1211 565 Romae
1230 534 1331 571 acta,
1350 540 1448 564 non-

338 592 428 628 dum
447 591 626 641 profectis
653 591 690 626 in
719 591 954 640 provinciam
983 591 1214 628 consulibus.
1268 591 1357 628 Jam
1377 591 1448 626 Cn.

339 656 518 697 Sicinius,
539 655 618 702 qui,
637 654 856 703 priusquam
883 655 1109 702 magistratu
1129 654 1265 697 abiret,
1285 653 1450 690 Brundi-

336 719 437 755 sium
464 718 510 754 ad
540 717 698 753 classem
729 723 770 752 et
799 717 846 753 ad
878 718 1086 753 exercitum
1115 718 1328 767 praemissus
1354 722 1448 760 erat,

336 781 507 832 trajectis
533 782 572 817 in
591 781 750 829 Epirum
771 781 944 830 quinque
969 780 1138 818 millibus
1167 781 1350 830 peditum,
1372 785 1450 816 tre-

338 847 458 883 centis
479 845 683 894 equitibus,
704 845 752 881 ad
767 844 1020 894 Nymphaeum
1041 846 1080 881 in
1100 857 1193 894 agro
1212 843 1450 894 Apolloniati

332 916 462 947 castra
479 907 656 944 habebat.
714 908 809 944 Inde
828 907 1002 944 tribunos
1018 921 1108 945 cum
1120 908 1266 945 duobus
1282 907 1447 944 millibus

333 973 499 1010 militum
525 973 572 1009 ad
596 972 817 1023 occupanda
841 971 1147 1009 Dassaretiorum
1172 979 1212 1009 et
1231 972 1448 1021 Illyriorum

333 1037 506 1080 castella,
527 1037 616 1086 ipsis
650 1036 925 1073 arcessentibus
958 1037 1147 1086 praesidia,
1172 1043 1218 1072 -ut
1246 1036 1406 1072 tutiores
1425 1048 1448 1071 a

332 1100 585 1138 finitimorum
604 1102 735 1150 inpetu
753 1100 1009 1136 Macedonum
1029 1107 1168 1143 essent,
1189 1100 1304 1136 misit.

389 1164 608 1200 XXXVII.
627 1164 763 1199 Paucis
782 1170 870 1214 post
889 1163 1019 1200 (liebus
1036 1165 1085 1203 Q.
1100 1163 1283 1207 Marcius,
1299 1164 1346 1200 A.
1362 1162 1450 1198 Ati-

335 1228 422 1270 lius,
435 1234 473 1264 et
486 1228 529 1264 P.
541 1234 579 1263 et
593 1227 671 1264 Ser.
689 1227 857 1263 Cornelii
872 1227 1038 1271 Lentuli,
1056 1234 1093 1264 et
1108 1227 1154 1264 L.
1167 1227 1376 1271 Decimius,
1393 1227 1447 1264 le-

335 1294 416 1341 gati
436 1294 474 1329 in
493 1293 683 1329 Graeciam
703 1293 1050 1342 missi,·Corcyram
1079 1293 1247 1343 peditum
1265 1292 1367 1329 mille
1386 1304 1446 1329 se-

335 1369 421 1393 cum
441 1357 696 1393 advexerunt:
729 1356 782 1392 ibi
804 1357 904 1392 inter
923 1369 962 1392 se
985 1363 1022 1392 et
1041 1357 1229 1404 regioneS,
1250 1368 1341 1405 quas
1361 1355 1446 1392 obi-

335 1426 434 1463 rent,
455 1427 493 1456 et
513 1420 650 1456 milites
670 1420 891 1457 diviserunt.
946 1420 1143 1456 Decimius
1169 1421 1302 1456 missus
1321 1426 1379 1456 est
1398 1419 1445 1456 ad

336 1483 531 1527 Gentium,
557 1496 686 1532 regem
711 1482 942 1532 Illyriorum,
973 1496 1099 1532 quem,
1129 1484 1161 1519 si
1191 1483 1354 1532 aliquem
1383 1495 1443 1520 re-

335 1554 506 1597 spectum
525 1547 700 1583 amicitiae
720 1559 806 1582 eum
830 1546 972 1583 habere
991 1552 1174 1589 cerneret,
1196 1553 1357 1589 tentare,
1377 1553 1444 1583 aut

333 1611 448 1647 etiam
468 1611 514 1646 ad
530 1609 620 1646 belli
640 1611 862 1646 societatem
889 1610 1068 1660 perlicere
1089 1608 1233 1659 jussus,
1288 1609 1444 1646 Lentuli

329 1674 373 1710 in
393 1672 679 1724 Cephalleniam
700 1674 819 1715 missi,
842 1680 883 1708 ut
907 1674 946 1708 in
967 1672 1272 1722 Peloponnesum
1292 1671 1444 1721 trajice-

327 1744 430 1780 rent,
451 1749 631 1785 oramque
657 1737 784 1779 maris,
806 1738 845 1772 in
865 1736 1102 1772 occidentem
1120 1736 1231 1778 versi,
1255 1742 1342 1771 ante
1361 1735 1443 1772 hie-

329 1813 430 1836 mem
450 1800 704 1837 circumirent.
749 1799 901 1835 Marcio
917 1804 954 1835 et
973 1798 1094 1834 Atilio
1110 1798 1262 1848 Epirus,
1278 1797 1442 1842 AEtolia‚

326 1869 370 1900 et
386 1862 588 1899 Thessalia
607 1864 882 1899 circumeundae
903 1863 1160 1912 adsignantur.
1208 1861 1301 1898 Inde
1320 1862 1441 1899 Boeo·

317 1926 422 1963 'tiam
443 1934 556 1975 atque
574 1926 767 1963 Euhoeam
796 1928 989 1976 adspicere
1002 1926 1125 1976 jussi;
1157 1932 1238 1962 tum
1267 1927 1307 1962 in
1328 1925 1440 1962 Pelo-

324 2002 541 2041 ponnesum
559 1989 757 2039 trajicere:
789 1990 843 2026 ibi
869 2001 1137 2038 congressuros
1164 2001 1204 2025 se
1232 2001 1317 2025 cum
1336 1989 1442 2026 Len-

327 2053 417 2089 tulis
438 2053 689 2091 constituunt.
747 2053 969 2102 Priusquam
989 2053 1274 2101 digrederentur
1299 2064 1321 2087 a
1341 2052 1439 2088 Cor-

327 2127 430 2165 cyra,
449 2115 569 2152 literae
589 2129 611 2152 a
630 2116 768 2153 Perseo
794 2117 927 2153 adlatae
953 2123 1054 2159 sunt,
1073 2115 1210 2165 quibus
1231 2116 1438 2164 quaerebat,

326 2190 410 2227 quae
429 2191 561 2214 caussa
582 2179 764 2215 Romanis
786 2187 851 2216 aut
873 2181 909 2216 in
930 2179 1117 2216 Graeciam
1140 2178 1352 2228 trajiciendi
1371 2191 1436 2216 co·

323 2240 420 2292 pias,
441 2247 507 2277 aut
526 2241 635 2278 urbes
665 2244 889 2292 occupandi,
911 2244 1034 2279 esset?
1064 2243 1136 2278 Cui
1156 2241 1310 2278 rescribi
1340 2241 1435 2278 nihil

324 2303 467 2355 placuit
478 2319 490 2351 3
523 2305 664 2342 nuncio
694 2306 826 2357 ipsius,
859 2308 924 2358 qui
956 2306 1084 2343 literas
1109 2304 1318 2350 adtulerat,
1345 2304 1434 2348 dici,
