1546 2648
329 165 483 193 LIBER
506 163 649 192 XLIV.
681 161 788 191 cAP.
812 162 983 191 XXVII.
1126 162 1209 208 455

102 254 278 291 adversus
298 255 335 291 id
353 265 503 304 quoque
521 252 669 288 misceri
689 250 865 300 ambages
887 257 1070 295 cerneret,
1086 252 1210 290 invio·
1225 258 1266 288 U.
1279 258 1317 288 c.
1332 266 1407 292 584.

102 319 183 355 lato
202 319 328 356 fallaci
355 319 510 360 nuncio,
530 316 650 365 (quod
668 316 732 352 vix
760 322 976 366 speraverat
1001 317 1082 366 ipse
1101 330 1213 368 posse
1224 303 1266 333 A·
1282 302 1319 333 C·
1336 308 1409 335 ¹⁶⁸·

104 383 342 432 contingere)
363 389 466 418 retro
486 381 533 418 ad
552 381 707 423 Istrum,
727 378 968 430 perpopulati
993 379 1212 425 Thraciam,

102 459 176 495 qua
196 446 318 482 vicina
336 452 416 482 erat
435 445 519 488 viae,
541 444 745 480 redierunt.
801 444 897 482 Quae
919 456 1066 488 manus,
1084 446 1216 494 quieto

105 510 258 546 sedente
278 523 366 559 rege
396 510 443 546 ad
463 510 668 560 Enipeum,
695 507 869 545 adversus
896 507 1094 545 Romanos
1123 510 1214 546 Per-

102 573 254 610 rhaebiae
268 574 404 611 saltum
419 575 456 610 in
465 572 701 610 Thessaliam
714 573 900 615 traducta,
910 585 989 608 non
1004 585 1115 621 agros
1128 580 1214 611 tan·

101 644 184 674 tum
203 639 345 675 nudare
363 638 584 689 populando
603 638 744 688 potuit,
763 650 812 673 ne
830 649 924 687 quos
945 637 1032 673 inde
1046 637 1215 675 Romani

103 710 336 739 commeatus
357 709 634 753 exspectarent,
652 702 717 738 sed
735 703 834 752 ipsas
851 701 1069 738 exscindere
1088 702 1213 747 urbes,

105 775 258 805 tenente
285 769 333 805 ad
351 769 541 818 Enipeum
573 769 713 805 Perseo
741 767 954 811 Romanos,
984 780 1032 804 ne
1060 768 1215 806 urbibus

106 832 217 868 sociis
238 832 417 882 opitulari
439 838 607 881 possent.
663 831 761 882 Ipsis
794 844 944 881 quoque
962 831 1150 869 Romanis
1170 833 1216 870 de

103 908 143 932 se
175 897 420 945 cogitandum
447 895 604 932 fuisset:
637 896 787 945 quando
820 909 942 945 neque
974 909 1141 941 manere,
1175 911 1216 935 a-

103 961 218 997 missa
231 959 444 1003 Thessalia,
461 959 560 995 unde
579 962 767 997 exercitus
783 960 969 1004 alebatur,
986 963 1215 1012 potuissent,

102 1037 225 1074 neque
252 1024 444 1074 progredi,
473 1036 591 1072 quum
619 1037 666 1061 ex
691 1025 848 1060 adverso
880 1031 1005 1061 castra
1032 1024 1217 1062 Macedo·

102 1100 194 1124 num
211 1090 235 1113 ἦ
251 1089 274 1111 ³*
292 1088 330 1126 ἦ.
345 1089 409 1137 qui
426 1102 470 1125 ea
485 1088 743 1138 pependerant
762 1100 842 1138 spe,
857 1087 960 1124 haud
975 1088 1217 1125 mediocriter

104 1151 327 1189 debilitavit.
355 1153 500 1189 Eadem
520 1152 678 1189 avaritia
690 1151 874 1188 Gentium
888 1164 1016 1200 regem
1032 1152 1103 1188 sibi
1124 1152 1214 1189 alie·
1231 1159 1387 1191 Gentium

104 1216 235 1252 navit:
265 1229 369 1259 nam,
394 1229 510 1266 quum
539 1221 710 1252 trecenta
740 1214 886 1250 talenta
912 1214 1028 1251 Pellae
1052 1216 1177 1252 missis
1197 1205 1426 1287 aiisspfgffitdfm

104 1280 246 1316 Gentio
273 1287 522 1324 numerasset,
556 1281 707 1329 signare
740 1291 804 1314 eos
839 1279 1040 1329 pecuniam
1072 1292 1218 1330 passuS.

103 1343 198 1380 Inde
227 1344 358 1381 decem
389 1345 534 1381 talenta
567 1345 615 1381 ad
643 1343 908 1380 Pantauchum
940 1344 1069 1387 missa,
1100 1357 1220 1394 eaque

102 1410 305 1459 praesentia
324 1410 403 1445 dari
423 1410 503 1458 regi
525 1409 667 1459 jussit:
700 1407 883 1456 reliquam
902 1409 1117 1457 pecuniam,
1140 1410 1218 1458 sig-

100 1479 232 1509 natam
250 1472 468 1522 Illyriorum
494 1474 620 1521 signo,
647 1471 889 1521 portantibus
920 1471 997 1507 suis
1028 1473 1216 1523 praecipit,

100 1537 224 1586 parvis
262 1536 460 1573 itineribus
499 1536 679 1571 veherent
696 1551 704 1571 2
737 1535 839 1578 dein,
873 1548 990 1584 quum
1026 1535 1074 1572 ad
1102 1536 1217 1573 finem

100 1600 340 1636 Macedoniae
365 1606 520 1636 ventum
546 1606 659 1643 esset,
689 1599 940 1635 subsisterent
966 1600 1034 1643 ibi,
1055 1613 1098 1636 ac
1118 1613 1236 1636 nun-2

103 1666 181 1701 cios
203 1664 250 1701 ab
276 1677 314 1700 se
335 1664 612 1715 obperirentur.
669 1664 847 1707 Gentius,
868 1664 1006 1712 exigua
1024 1671 1132 1714 parte
1150 1678 1217 1715 pe-

101 1729 221 1766 cuniae
245 1736 414 1779 accepta,
443 1743 559 1779 quum
589 1728 744 1765 adsidue
769 1727 995 1764 Pantaucho
1023 1728 1070 1764 ad
1097 1727 1217 1765 laces-

101 1793 236 1830 sendos
256 1794 388 1830 hostili
407 1793 510 1830 facto
529 1793 728 1830 Romanos
748 1791 1020 1834 stimularetur,
1048 1791 1107 1829 M.
1121 1792 1215 1829 Per-

98 1870 253 1907 pernam
281 1864 320 1894 et
347 1857 395 1896 L.
417 1857 610 1893 Petillium
642 1856 804 1905 legatOS,
836 1855 901 1904 qui
924 1861 1007 1892 tum
1038 1855 1139 1892 forte
1168 1857 1217 1893 ad

100 1934 186 1958 eum
206 1928 399 1966 venerant,
418 1923 458 1958 in
484 1922 696 1959 custodiam
724 1921 902 1972 conjecit.
959 1920 1049 1957 Hoc
1068 1922 1214 1966 audito,

98 1986 271 2029 Perseus,
293 1988 528 2024 contraxisse
548 2000 632 2023 eum
661 1987 906 2023 necessitates
936 1992 1040 2022 ratus
1066 1987 1113 2023 ad
1133 1986 1214 2023 bel-

98 2049 176 2085 lum
197 2051 326 2099 utique
352 2060 437 2086 cum
457 2050 659 2094 Romanis,
690 2051 737 2087 ad
763 2049 1031 2093 revocandum,
1064 2050 1127 2099 qui
1147 2063 1213 2100 pe-

100 2113 248 2149 cuniam
286 2115 479 2164 portabat,
514 2115 642 2151 misit:
680 2113 784 2150 velut
813 2113 910 2150 nihil
946 2113 1048 2150 aliud
1080 2127 1211 2163 agens,

100 2190 213 2226 quam
231 2185 286 2222 ut,
303 2189 444 2228 quanta
463 2182 628 2218 maxima
644 2186 786 2231 posset,
806 2180 933 2231 praeda
949 2193 996 2216 ex
1011 2180 1113 2216 victo
1129 2180 1212 2217 Ro-

98 2243 219 2278 manis
235 2251 496 2283 reservaretur.
543 2246 596 2282 Et
611 2246 658 2282 ab
674 2246 846 2282 Eumene
862 2245 1035 2294 Eropon,
1052 2244 1210 2293 ignotis,

98 2318 181 2356 quae
201 2307 349 2344 occulte
378 2315 463 2346 acta
490 2317 612 2354 erant,
642 2310 751 2348 redit.
807 2309 868 2346 De
898 2309 1056 2360 captivis
1084 2315 1211 2345 actum
