1546 2648
275 208 431 240 mnan
455 206 638 237 xxx1x.
669 206 779 236 CAR.
802 205 886 235 xv.
1075 196 1156 252 169

38 302 149 338 citate
166 305 202 337 et
227 300 476 348 magnitudine
502 300 569 342 rei,
600 299 737 335 dictum
763 299 890 334 scitote
917 310 1011 335 esse:
1039 304 1081 336 ut
1108 301 1157 336 ad
1170 302 1212 334 U.
1225 300 1263 332 C.
1275 305 1347 333 566.

40 365 237 401 cavendum
254 365 342 400 satis
359 365 421 406 sit,
441 363 588 400 dabitur
605 374 715 411 opera
733 374 758 398 a
774 362 885 399 nobis.
942 363 1158 401 Bacchana-
1170 347 1210 377 Α·
1223 346 1260 377 c·
1275 349 1348 376 ¹⁸⁵⁸

40 430 93 466 lia
112 433 189 466 tota
206 427 289 476 jam
314 429 456 477 pridem
476 428 604 471 Italia,
622 431 659 464 et
686 439 781 464 nunc
805 440 872 476 per
897 428 1020 464 urbem
1048 431 1161 466 etiam

40 495 165 531 multis
184 495 268 530 locis
286 505 370 538 esse,
390 505 461 529 non
470 492 583 543 fama
602 493 707 529 modo
722 495 896 541 accepisse
910 505 984 536 vos,
1003 495 1066 531 sed
1085 507 1159 531 cre-

37 557 173 608 pitibus
208 559 318 594 etiam
353 556 618 605 ululatibusque
653 558 848 600 nocturnis,
880 559 941 606 qui
965 565 1162 606 personant

42 627 120 660 tota
136 622 233 666 urbe,
254 627 388 660 certum
418 621 528 658 habeo
539 637 553 666 ‚·
582 625 749 665 ceterum,
770 634 849 671 quae
875 634 919 659 ea
947 635 1003 659 res
1022 625 1083 666 sit,
1105 626 1159 673 ig-

40 700 171 724 norare
183 704 195 725 .·
224 688 314 725 alios
328 687 496 724 Deorum
511 687 667 734 aliquem
686 687 838 730 cultum,
851 687 942 723 alios
960 699 1163 725 concessum

41 753 168 790 ludum
191 757 227 790 et
256 753 440 789 lasciviam
468 763 540 788 esse
569 752 724 794 credere,
751 755 800 794 et,
820 752 1074 802 qualecumque
1100 755 1161 798 sit,

41 819 90 855 ad
113 830 250 867 paucos
274 818 465 867 pertinere.
524 816 630 858 Quod
662 817 711 852 ad
738 817 1011 854 multitudinem
1039 829 1163 855 eorum

41 883 195 925 adtinet,
214 883 246 919 si
264 882 400 924 dixero,
420 881 536 917 multa
555 880 672 916 millia
687 879 870 917 hominum
886 893 971 924 esse,
987 882 1085 918 illico
1100 895 1162 919 ne-

43 958 134 984 cesse
158 951 222 989 est,
249 946 526 990 exterreamini;
555 946 625 981 nisi
653 943 864 991 adjunxero,
892 948 954 994 qui
973 947 1165 996 qualesque

42 1013 126 1048 sint.
183 1011 351 1047 Primum
376 1010 490 1059 igitur
518 1010 712 1046 mulierum
738 1021 870 1061 magna
887 1022 977 1057 pars
995 1016 1058 1053 est,
1080 1016 1115 1047 et
1134 1013 1165 1048 is

0 1095 1 1124 l
33 1075 125 1125 fons
141 1075 232 1113 mali
250 1074 395 1123 hujusce
401 1074 486 1125 fuit
499 1090 512 1112 .·
542 1075 671 1111 deinde
681 1075 859 1111 simillimi
865 1073 1019 1124 feminis
1032 1088 1162 1120 mares,

43 1144 203 1192 stuprati
223 1148 259 1180 et
277 1145 578 1190 constupratores,
589 1138 756 1189 fanatici
770 1139 905 1186 ,vigiles
915 1155 929 1184 ,·
957 1141 1052 1183 vino,
1072 1145 1164 1180 stre-

42 1206 192 1256 pitibus,
213 1205 495 1254 clamoribusque
512 1204 695 1240 nocturnis
719 1204 885 1242 adtoniti.
944 1204 1078 1242 Nullas
1097 1206 1163 1241 ad-

46 1271 116 1308 huc
126 1272 217 1308 vires
227 1270 442 1318 conjuratio,
459 1274 613 1307 ceterum
629 1269 882 1305 incrementum
899 1269 1021 1317 ingens
1035 1271 1168 1308 virium

46 1335 163 1379 habet,
184 1336 280 1384 quod
297 1337 335 1372 in
355 1336 428 1372 dies
442 1335 566 1383 plures
570 1334 682 1383 fiunt.
725 1331 888 1379 Majores
905 1335 1026 1378 vestri,
1043 1347 1087 1372 ne
1105 1348 1166 1373 vos

0 1416 5 1453 ᾖ
45 1401 204 1450 quidem,
222 1401 291 1437 nisi
310 1412 418 1449 quum
440 1403 519 1442 aut,
540 1398 672 1434 vexillo
691 1399 728 1433 in
746 1410 830 1434 arce
850 1399 983 1447 posito,
1003 1401 1168 1437 comitio-

0 1480 8 1490 ··
45 1477 128 1502 rum
146 1477 271 1502 caussa
296 1466 470 1503 exercitus
487 1464 636 1501 eductus
661 1467 763 1505 esset,
783 1468 848 1499 aut
861 1463 958 1512 plebi
976 1466 1168 1503 concilium

0 1547 10 1582 ’,ᾗ
47 1530 183 1568 tribuni
200 1531 402 1573 edixissent,
424 1534 489 1566 aut
513 1530 646 1578 aliquis
664 1541 707 1566 ex
730 1530 998 1578 magistratibus
1016 1533 1065 1568 ad
1083 1545 1167 1570 con-

2 1618 7 1630 -,
48 1594 183 1631 cionem
201 1599 370 1638 vocasset,
386 1593 493 1643 forte
513 1598 641 1630 temere
664 1594 758 1630 coire
775 1594 965 1632 voluerunt
977 1611 990 1633 :
1018 1601 1066 1639 et,
1087 1597 1166 1634 ubi-

8 1647 13 1704 ς’
48 1670 196 1706 cumque
231 1658 427 1695 multitudo
462 1662 561 1700 esset,
599 1657 648 1694 ibi
682 1662 717 1693 et
753 1658 953 1706 legitimum
995 1665 1169 1702 rectorem.

47 1722 293 1760 multitudinis
324 1722 511 1760 censebant
547 1722 672 1759 debere
707 1734 788 1759 esse.
849 1724 980 1765 Quales
1007 1727 1170 1774 primum

29 1791 240 1825 nocturnos
263 1793 383 1831 coetus,
405 1789 532 1825 deinde
553 1789 771 1837 promiscuos
795 1789 987 1826 mulierum
1011 1803 1056 1827 ac
1072 1792 1168 1828 viro-

48 1863 144 1894 rum,
158 1863 230 1889 esse
243 1853 388 1889 creditis
401 1853 422 1889 ,9
450 1851 505 1895 Si,
520 1852 643 1901 quibus
661 1852 824 1889 aetatibus
837 1853 1025 1891 initientur
1035 1868 1167 1899 mare-e,

48 1916 180 1960 sciatis,
193 1927 265 1952 non
278 1917 447 1953 misereat
461 1928 520 1953 vos
535 1928 656 1957 eorum
672 1917 804 1959 solum,
815 1917 877 1955 sed.
891 1919 1000 1955 etiam
1015 1921 1167 1967 pudeat.

50 1979 133 2019 Hoc
148 1986 369 2018 sacramento
388 1983 548 2020 initiatos
557 1979 706 2028 juvenes
723 1982 856 2018 milites
872 1981 1068 2031 faciendos
1086 1997 1167 2021 cen-

51 2047 146 2088 setis,
175 2045 366 2087 Quirites?
392 2047 436 2084 iis
463 2058 506 2083 ex
532 2046 687 2083 obscoeno
713 2048 874 2086 sacrario
901 2048 1038 2088 eductis
1064 2062 1170 2087 arma

53 2111 340 2150 committenda?
366 2111 418 2156 hi,
444 2112 603 2160 cooperti
625 2112 759 2160 stupris
784 2113 858 2148 suis
875 2112 1082 2162 alienisque,
1099 2127 1170 2163 pro

37 2170 232 2232 {pudicitia
258 2173 446 2224 conjugum
473 2187 518 2213 ac
546 2174 737 2213 liberorum
764 2180 961 2213 vestrorum
977 2176 1087 2226 ferro
1106 2179 1169 2216 de-

56 2240 200 2274 cernent
213 2238 236 2273 ,ι’

109 2299 222 2338 XVI.
251 2300 376 2340 Minus
395 2308 513 2343 tamen
532 2309 632 2349 esset,
651 2305 682 2342 si
697 2305 857 2357 flagitiis
876 2310 1017 2344 tantum
1035 2307 1170 2358 effemi-

112 2365 212 2404 Vos„
233 2364 302 2405 IV.
604 2368 624 2406 1
