1546 2648
99 274 140 305 U.
155 273 193 304 C.
208 279 280 306 581.

100 317 192 348 A.c.
208 322 281 353 171.

289 178 379 235 356
459 166 463 173 ¹
746 190 791 221 T.
815 189 947 222 mvn

293 280 338 316 tis
356 291 479 315 caussa
495 290 611 315 secum
629 290 671 315 ex
686 281 871 327 provincia
889 281 938 316 ad
956 279 1177 328 triumphum
1195 279 1401 323 deducebat,

292 343 464 379 deductus
488 353 591 378 sum:
619 354 642 377 α
666 343 720 378 Ti.
739 343 900 378 Graccho
925 348 1086 390 rogatus,
1113 344 1150 378 in
1177 343 1404 390 provinciam

291 406 331 442 ii.
390 405 526 446 Quater
552 407 650 440 intra
674 417 810 452 paucos
836 417 948 441 annos
971 406 1131 453 primum
1155 406 1276 453 pilum
1294 406 1407 440 duxi:

293 473 419 518 quater
436 474 473 506 et
491 471 607 506 tricies
623 471 768 506 virtutis
785 482 909 506 caussa
928 471 1083 506 donatus
1110 470 1154 506 ab
1174 469 1404 517 imperatori·
1426 481 1429 483 ·

293 533 355 570 bus
371 544 473 569 sum:
499 545 559 569 sex
589 535 718 570 civicas
746 546 894 569 coronas
921 535 1065 582 accepi:
1092 535 1312 581 vigintiduo
1339 534 1406 569 sti-

290 598 426 646 pendia
444 610 565 633 annua
584 599 621 633 in
639 600 793 633 exercitu
813 599 962 633 emerita
982 597 1104 639 habeo,
1121 603 1157 633 et
1175 596 1289 643 major
1304 598 1408 633 annis

292 673 371 697 sum
390 663 661 708 quinquaginta.
720 661 826 701 Quod
842 663 873 696 si
892 660 980 696 mihi
997 672 1061 696 nec
1087 662 1267 708 stipendia
1286 662 1408 696 omnia

293 726 441 760 emerita
458 729 582 766 essent,
602 725 751 760 necdum
781 729 866 759 cetos
893 725 1117 759 vacationem
1135 725 1252 766 daret,
1274 728 1406 766 tamen,

293 800 403 836 quum
422 792 576 836 quatuor
589 789 720 824 milites
736 800 802 835 pro
821 800 877 824 ‘me
895 799 966 823 uno
980 788 1074 823 vobis
1088 788 1190 829 dare,
1211 787 1256 823 P.
1274 787 1406 830 Licini,

289 864 442 901 possem,
463 864 601 900 (equum
624 857 703 888 erat
731 864 787 888 me
805 853 952 887 dimitti.
1010 851 1082 887 Sed
1101 851 1172 887 haec
1197 862 1265 898 pro
1284 861 1408 886 caussa

294 927 374 951 mea
401 916 498 950 dicta
515 917 698 963 accipiatis
715 916 821 951 velim
835 931 847 951 :
875 917 949 963 ipse
976 926 1045 956 me,
1067 914 1185 962 quoad
1207 914 1406 961 quisquam,

296 979 359 1027 qui
376 980 547 1015 exercitus
573 979 707 1021 scribit,
728 980 892 1015 idoneum
919 980 1069 1014 militem
1089 976 1283 1024 judicabit,
1304 989 1408 1013 num·

296 1054 404 1090 quam
422 1054 500 1078 sum
527 1047 766 1079 excusaturus.
825 1042 996 1077 Ordinem
1015 1053 1083 1089 quo
1102 1053 1156 1076 me
1175 1041 1322 1088 dignum
1342 1039 1407 1086 ju-

295 1107 413 1142 dicent
432 1106 564 1142 tribuni
590 1107 758 1147 militum,
778 1107 935 1152 ipsorum
955 1109 1005 1140 est
1029 1106 1244 1152 potestatis:
1271 1115 1314 1139 ue
1332 1105 1410 1151 quis

294 1180 352 1205 me
365 1169 498 1204 virtute
516 1170 554 1204 in
569 1169 721 1204 exercitu
739 1171 894 1215 praestet,
915 1167 1005 1203 dabo
1020 1178 1165 1214 operam
1176 1183 1189 1210 ,·
1217 1170 1259 1202 ut
1271 1178 1409 1214 semper

297 1233 352 1267 ita
359 1231 494 1279 fecisse
511 1243 568 1267 me
585 1236 620 1266 et
643 1233 877 1278 imperatores
893 1232 976 1273 mei,
996 1235 1031 1266 et
1049 1232 1109 1278 qui
1133 1242 1208 1266 una
1231 1230 1410 1278 stipendia

286 1294 472 1344 fecerunt,
495 1299 596 1330 testes
618 1298 712 1330 sunt.
772 1294 841 1330 Vos
858 1306 995 1342 quoque
1012 1306 1151 1342 aequum
1179 1298 1244 1336 est,
1263 1293 1410 1328 commi·

298 1359 438 1401 litones,
459 1360 524 1394 etsi
538 1359 793 1406 adpellationis
806 1358 901 1394 vobis
914 1360 1094 1406 usurpatis
1103 1356 1178 1403 jus,
1195 1367 1302 1405 quum
1320 1357 1410 1392 aclo-

298 1423 466 1459 lescentes
482 1422 574 1458 nihil
591 1424 755 1459 adversus
769 1424 1045 1469 magistratuum
1057 1426 1268 1468 senatusque
1285 1424 1409 1455 aucto·

297 1487 444 1522 ritatem
462 1498 612 1534 usquam
628 1486 809 1534 feceritis,
827 1499 921 1523 nuuc
940 1497 1078 1535 quoque
1104 1486 1140 1520 in
1164 1488 1341 1532 potestate
1357 1494 1411 1518 se-

296 1555 404 1587 natus
421 1563 466 1587 ac
493 1551 676 1587 consulum
693 1563 776 1594 esse,
797 1556 833 1587 et
859 1552 979 1586 omnia
1007 1550 1152 1585 honesta
1174 1549 1253 1584 loca
1270 1548 1410 1589 ducere,

298 1615 422 1663 quibus
438 1615 693 1663 rempublicam
711 1614 891 1663 defensuri
903 1616 992 1651 sitis.

353 1677 528 1714 XXXV.
558 1677 654 1714 Haec
674 1677 740 1713 ubi
759 1677 870 1720 dixit,
891 1677 1160 1713 conlaudatum
1183 1674 1310 1711 multis
1330 1687 1413 1710 ver-

297 1741 356 1777 bis
374 1741 506 1777 consul
526 1754 571 1777 ex
592 1742 776 1777 concione
799 1741 836 1776 in
864 1747 1036 1776 senatum
1057 1740 1176 1775 duxit.
1232 1738 1292 1774 Ibi
1312 1750 1409 1786 quo-

299 1815 373 1853 qne
393 1804 425 1839 ei
442 1816 487 1839 ex
507 1805 734 1840 auctoritate
750 1810 901 1839 senatus
915 1803 1046 1851 gratiae
1063 1808 1171 1844 actae,
1191 1800 1410 1849 tribunique

299 1867 480 1904 militares
510 1868 548 1903 in
586 1867 736 1915 legione
773 1867 893 1916 prima
922 1866 1082 1915 primum
1116 1864 1232 1914 pilum
1261 1864 1408 1900 virtutis

300 1943 433 1967 caussa
466 1931 498 1966 ei
533 1931 801 1978 adsignarunt:
835 1930 947 1965 ceteri
982 1929 1237 1970 centuriones,
1271 1927 1412 1963 omissa

300 1993 567 2043 adpellatione‚
595 1994 641 2029 ad
664 1993 848 2029 delectum
875 1991 1095 2028 obedienter
1123 1990 1410 2040 responderunt.

300 2057 390 2095 Quo
410 2057 590 2093 maturius
621 2058 659 2092 in
684 2057 895 2106 provincias
925 2055 1164 2103 magistratus
1194 2053 1409 2103 proficisce-

302 2125 445 2161 rentur,
476 2119 626 2155 Latinae
659 2118 842 2155 Kalendis
871 2117 995 2154 Juniis
1025 2117 1152 2153 fuere:
1185 2128 1304 2164 coque
1333 2115 1409 2151 sol-

301 2182 416 2217 lemni
434 2180 616 2230 perfecto,
645 2181 900 2217 C.Lucretius
931 2186 1083 2230 praetor,
1115 2178 1304 2220 omnibus,
1326 2191 1408 2227 quae

299 2245 347 2281 ad
373 2244 528 2280 classem
559 2256 652 2293 opus
683 2249 804 2286 erant,
834 2243 1048 2293 praemissis,
1080 2241 1322 2277 Brundisium
1351 2249 1408 2276 est

299 2309 502 2362 profectus.
545 2310 688 2347 Praeter
704 2322 767 2347 eos
784 2310 985 2353 exercitus,
1004 2320 1097 2358 quos
1114 2307 1285 2345 consules
1301 2319 1406 2344 com-
