1546 2648
363 178 444 230 148
510 192 515 198 ·
807 191 853 219 τ.
879 191 1012 221 mvn

160 277 209 308 -U.
222 277 259 308 C·
274 281 347 309 ⁵65·
359 278 619 330 opinionibus,
633 285 671 316 et
686 281 940 318 monumentis
952 280 1147 318 literarum
1162 279 1364 325 variarent,
1377 277 1465 333 pro*-

166 321 205 352 A'
219 319 255 351 C'
275 328 346 359 ¹⁸7‘
356 344 535 395 ponenda
553 350 672 382 erant.

410 408 561 448 LVIII.
588 410 747 446 Judiciis
771 424 793 447 a
818 411 866 450 Q.
886 410 1068 447 Terentio
1094 417 1256 462 praetore
1274 411 1466 462 perfectis,

358 473 548 511 Hostilius
573 481 610 511 et
624 474 758 511 Furius
778 475 960 519 damnati,
977 475 1119 526 praedes
1141 477 1273 513 eodem
1288 477 1348 513 die
1363 489 1466 526 quae-

160 531 317 606 ilgggggff
357 539 522 575 storibus
542 539 695 576 urbanis
715 539 908 577 dederunt.
965 541 1106 592 Scipio,
1123 554 1238 590 quum
1258 542 1464 578 contende-

162 628 231 648 rem
247 620 321 650 duci
355 609 426 648 ret,
447 616 612 646 omnem,
637 617 749 653 quam
779 605 998 654 accepisset,
1029 606 1229 655 pecuniam
1261 607 1300 642 iu
1331 607 1464 643 aerario

157 661 302 699 jubetur.
355 681 450 712 esse,
479 681 549 704 nec
578 681 618 704 se
646 668 850 717 quidquam
882 668 1024 718 publici
1053 669 1208 713 habere,
1243 670 1281 706 in
1314 670 1464 707 vincula

157 720 313 796 ἓῖξῃξῖἰ·
355 732 440 768 duci
460 738 518 768 est
536 738 696 782 coeptus,
751 731 794 768 P.
816 733 944 782 Scipio
963 733 1107 770 Nasica
1132 733 1305 770 tribunos
1333 733 1462 785 adpel-

157 808 235 840 sica.
294 776 328 797 a-
353 796 445 833 lavit
457 812 468 842 5
501 797 788 845 orationemque
807 796 941 832 habuit
960 797 1108 847 plenam
1131 798 1226 835 veris
1247 799 1460 844 decoribus,

351 873 429 897 non
447 860 698 897 communiter
716 859 830 896 modo
847 859 1035 897 Corneliae
1056 862 1195 910 gentis,
1213 863 1278 899 sed
1295 864 1461 914 propriae

351 924 504 962 familiae
525 937 612 963 suae.
633 925 808 961 Parentes
833 937 912 961 suos
937 930 972 962 et
1001 927 1046 963 P.
1062 926 1233 976 Africani
1251 941 1294 965 ac
1315 929 1359 965 L.
1381 928 1461 966 Sci-

345 993 478 1040 pionis,
500 992 561 1039 qui
580 992 617 1026 in
636 1002 811 1026 carcerem
828 991 1029 1035 duceretur,
1039 991 1158 1041 fuisse
1178 992 1240 1029 Cn,
1261 998 1295 1029 et
1315 994 1360 1030 P.
1381 994 1461 1030 Sci-

347 1057 483 1105 piones,
502 1056 714 1091 clarissimos
732 1056 835 1092 viros.
891 1056 975 1098 Eos,
992 1068 1100 1104 quum
1112 1069 1179 1104 per
1193 1057 1331 1105 aliquot
1349 1070 1462 1095 annos

349 1121 388 1156 in
408 1125 503 1156 terra
518 1120 713 1167 Hispania,
734 1120 902 1155 adversus
918 1121 1050 1156 multos
1069 1121 1258 1157 Poenorum
1276 1121 1459 1170 Hispano-

346 1196 496 1232 rumque
520 1189 554 1220 et
581 1185 685 1220 duces
709 1189 744 1219 et
762 1185 946 1227 exercitus,
967 1185 1119 1221 nominis
1146 1184 1301 1222 Romani
1308 1185 1460 1235 samam

347 1251 540 1292 auxissent,
563 1261 632 1285 non
658 1248 748 1285 bello
773 1249 900 1292 solum,
919 1250 981 1285 sed
1007 1250 1101 1298 quod
1127 1248 1298 1286 Romanae
1327 1255 1459 1300 tempe·-
1544 1253 1546 1279 Ι

345 1314 643 1363 rantioefideique
659 1315 834 1362 specimen
853 1314 926 1350 illis
946 1314 1110 1361 gentibus
1128 1314 1315 1358 dedissent,
1336 1316 1385 1351 ad
1399 1327 1459 1351 ex·

349 1384 500 1415 tremum
519 1378 621 1413 ambo
632 1390 702 1426 pro
720 1378 901 1426 republica
918 1383 1032 1414 morte
1051 1379 1269 1415 obcubuisse:
1288 1391 1396 1427 quum
1411 1380 1458 1415 il-

348 1444 463 1480 lorum
484 1444 575 1480 tueri
590 1443 745 1491 gloriam
771 1443 922 1492 posteris
949 1445 1037 1479 satis
1057 1448 1156 1486 esset,
1185 1442 1459 1492 PrAfricanum

348 1513 490 1545 tantum
514 1513 687 1556 paternas
706 1509 926 1555 superavisse
953 1507 1089 1550 laudes,
1117 1512 1159 1543 ut
1173 1507 1290 1556 ficiem
1306 1507 1456 1556 fecerit,

345 1586 415 1610 non
432 1575 606 1621 sanguine
625 1572 793 1615 humano,
813 1573 875 1608 sed
891 1573 1001 1620 stirpe
1025 1573 1148 1607 divina
1167 1576 1286 1607 satum
1310 1585 1349 1609 se
1375 1584 1458 1610 esse.

345 1638 391 1675 L.
409 1639 624 1687 Scipionem,
655 1639 699 1673 ‹le
727 1649 796 1685 quo
825 1641 971 1684 agatur,
1001 1636 1072 1683 (ut,
1099 1649 1175 1685 quae
1199 1638 1236 1672 in
1261 1637 1457 1685 Hispa-nia,

344 1705 487 1751 queein
516 1702 660 1752 Africa,
691 1715 799 1751 quum
831 1702 971 1750 legatus
990 1700 1127 1750 fratris
1154 1706 1254 1744 esset,
1281 1703 1456 1749 gessisset,

338 1768 618 1817 praetereantur)
643 1768 815 1803 consulem
832 1771 867 1802 et
885 1766 929 1802 ab
943 1770 1069 1802 senatu
1089 1767 1234 1813 dignum
1252 1767 1379 1808 visum,
1398 1768 1456 1802 cui

342 1837 447 1869 extra
477 1836 608 1868 sortem
639 1832 728 1867 Asia
748 1831 935 1879 provincia
960 1835 995 1866 et
1019 1830 1253 1866 bellum'cum
1278 1830 1458 1866 Antiocho

341 1896 688 1944 rege‘clecerneretur
700 1911 712 1938 ;
741 1899 775 1930 et
795 1906 817 1929 α
825 1893 963 1942 fratre,
985 1895 1042 1930 cui
1052 1899 1135 1942 post
1150 1894 1237 1929 duos
1253 1895 1456 1930 consulatus

342 1972 596 2008 censuramque
615 1964 648 1995 et
665 1958 886 2007 triumphum
906 1959 1042 2006 legatus
1061 1960 1097 1994 in
1117 1960 1242 1995 Asiam
1261 1959 1340 1994 iret.
1385 1958 1454 2002 Ibi,

340 2037 384 2061 ne
402 2025 613 2072 magnitudo
642 2028 677 2059 et
702 2024 872 2071 splendor
894 2024 1010 2070 'legati
1034 2023 1197 2058 laudibus
1224 2023 1374 2058 consulis
1395 2022 1455 2058 ob-

328 2082 474 2138 flceret,
484 2087 590 2137 sorte
617 2089 668 2123 ita
693 2087 868 2130 incidisse,
889 2091 942 2129 ut,
973 2098 1042 2134 quo
1063 2086 1120 2121 die
1148 2086 1197 2121 ad
1228 2085 1455 2133 Magnesiam

338 2154 448 2201 signis
480 2153 630 2188 conlatis
666 2151 709 2187 L.
737 2151 859 2199 Scipio
892 2150 1111 2186 Antiochum
1143 2150 1336 2193 devicisset,
1363 2162 1455 2197 aeger

330 2210 389 2254 Ῥ.
410 2217 532 2265 Scipio
553 2217 661 2252 Eloeae
681 2217 818 2252 dicrum
839 2216 977 2264 aliquot
991 2216 1049 2251 via
1069 2214 1209 2250 abesset.
1247 2215 1330 2250 Non
1335 2213 1455 2263 fuisse

337 2283 513 2320 minorem
532 2293 611 2319 eum
629 2282 834 2325 exercitum,
855 2292 964 2329 quam
981 2280 1211 2324 Hannibalis,
1231 2291 1310 2316 cum
1328 2290 1396 2328 quo
1415 2280 1453 2316 in
