1546 2648
168 292 258 326 U.C.
274 301 345 332 ⁵77·

169 339 209 368 A.
222 336 258 366 C.
276 344 346 374 175.

361 192 443 247 308
817 203 861 232 T.
883 202 1017 233 mvn

360 292 423 328 vix
437 292 538 327 notis
555 291 789 328 familiariter
805 292 973 328 adridere
988 307 997 337 3
1021 291 1278 329 munificentia
1294 291 1468 342 inaequali

361 367 442 391 sese
461 355 628 403 aliosque
653 354 859 391 ludificari:
893 356 1114 404 quibusdam
1142 355 1340 392 honoratis
1359 369 1464 405 mag-

360 430 485 467 noque
515 418 786 454 aestimantibus
808 431 846 454 se
876 418 1046 467 puerilia,
1071 424 1112 454 ut
1140 432 1233 455 escae
1263 425 1329 455 aut
1350 419 1468 461 lusus,

360 494 515 518 munera
527 482 637 526 dare3
661 481 754 517 alios
771 481 866 517 nihil
886 488 1146 531 exspectantes
1163 483 1295 519 ditare.
1335 482 1469 530 Itaque

360 546 517 588 nescire,
539 546 626 594 quid
646 545 716 580 sibi
746 545 871 588 vellet,
894 546 1119 594 quibusdam
1147 547 1260 582 videri
1279 562 1285 581 :
1319 546 1470 595 quidam

359 608 486 645 ludere
507 621 591 644 eum
617 608 850 657 simpliciter,
872 609 1024 656 quidam
1053 609 1153 645 haud
1173 609 1283 645 dubie
1306 610 1471 645 insanire

359 673 523 709 aiebant.
581 672 627 707 In
646 672 789 707 duabus
817 678 943 708 tamen
973 674 1118 721 magnis
1139 674 1386 721 honestisque
1413 685 1471 708 re·

356 735 428 772 bus
447 748 534 772 vere
552 735 676 784 regius
694 741 774 771 erat
793 735 955 778 animus,
973 736 1013 771 in
1034 735 1182 772 urbium
1196 736 1318 778 donis,
1335 741 1373 771 et
1391 735 1471 772 De-

359 813 468 836 orum
487 800 604 836 cultu.
660 799 1000 850 BIegalopolitanis
1021 801 1059 836 in
1083 799 1245 836 Arcadia
1264 813 1412 836 murum
1431 812 1472 837 se

358 863 676 900 circumdaturum
697 863 779 899 urbi
801 870 857 899 est
876 863 1081 913 pollicitus,
1109 863 1364 913 majoremque
1384 876 1471 913 par-

357 933 436 963 tem
454 928 623 977 pecuniae
644 928 757 963 dedit.
813 926 950 976 Tegeae
970 927 1159 963 theatrum
1187 925 1430 975 magnificum
1449 939 1471 962 e

358 1003 545 1027 marmore
564 990 688 1027 facere
708 992 884 1027 instituit.
942 991 1071 1039 Cyzici
1092 991 1129 1026 in
1150 990 1395 1039 Prytaneum,
1412 989 1469 1037 (id

359 1060 416 1089 est
436 1054 628 1103 penetrale
649 1054 763 1097 urbis,
786 1054 850 1090 ubi
871 1053 1033 1103 publice,
1055 1053 1190 1101 quibus
1210 1054 1240 1088 is
1260 1054 1382 1089 honos
1404 1054 1471 1089 da-

357 1123 418 1152 tus
440 1124 509 1159 est,
537 1118 755 1162 vescuntur)
778 1129 867 1152 vasa
896 1129 1007 1152 aurea
1028 1128 1165 1151 mensae
1197 1117 1304 1151 unius
1331 1116 1471 1165 posuit.

358 1179 534 1223 Rhodiis,
567 1188 607 1216 ut
626 1180 721 1216 nihil
750 1193 863 1216 unum
894 1181 1056 1228 insigne,
1078 1180 1130 1215 ita
1151 1180 1273 1215 omnis
1303 1181 1469 1228 generis,

359 1250 400 1278 ut
427 1256 583 1292 quaeque
614 1256 699 1279 usus
731 1256 861 1279 eorum
892 1243 1192 1292 postulaverunt,
1226 1243 1326 1282 dona
1355 1243 1469 1280 dedit.

355 1305 655 1354 RIagnificentiae
677 1319 764 1342 vero
792 1307 828 1341 in
850 1305 957 1342 Deos
981 1305 1040 1341 vel
1058 1306 1164 1341 Jovis
1186 1305 1353 1355 Olympii
1374 1312 1470 1341 tem·

358 1368 461 1419 plum
482 1369 659 1413 Athenis,
691 1383 806 1405 unum
827 1370 864 1405 in
884 1369 994 1405 terris
1023 1369 1245 1404 inchoatum
1264 1381 1345 1417 pro
1363 1381 1469 1417 mag-

359 1432 531 1468 nitudine
560 1433 648 1476 Dei,
670 1439 796 1482 potest
815 1433 920 1468 testis
942 1445 1033 1468 esse.
1092 1432 1164 1468 Sed
1185 1438 1222 1467 et
1248 1431 1375 1468 Delon
1397 1432 1469 1468 aris

359 1496 570 1544 insignibus
591 1503 874 1546 statuarumque
894 1496 1004 1545 copia
1024 1496 1220 1531 exornavit
1237 1510 1244 1531 :
1278 1502 1315 1530 et
1330 1496 1470 1531 Antio-

360 1560 454 1596 chiae
469 1560 575 1597 Jovis
597 1561 803 1611 Capitolini
830 1560 1070 1609 magnificum
1099 1559 1297 1609 templum,
1318 1573 1394 1595 non
1415 1560 1470 1596 la-

359 1631 535 1672 queatum
568 1638 660 1661 auro
687 1632 850 1667 tantum,
881 1625 946 1660 sed
975 1623 1180 1673 parietibus
1209 1625 1300 1659 totis
1330 1623 1470 1660 lamina

360 1688 588 1731 inauratum,
610 1696 648 1725 et
668 1689 740 1725 alia
760 1689 878 1725 multa
893 1690 932 1724 in
949 1688 1030 1724 aliis
1051 1688 1143 1724 locis
1160 1687 1365 1738 pollicitus,
1383 1688 1472 1736 quia

360 1752 539 1801 perbreve
558 1759 705 1803 tempus
726 1755 832 1802 regni
849 1752 928 1803 ejus
944 1753 1030 1795 fuit,
1044 1765 1121 1788 non
1141 1752 1309 1801 perfecit.
1357 1752 1472 1801 Spec-

361 1815 738 1865 taculorumquoque
767 1818 888 1852 omnis
919 1816 1066 1864 generIs
1098 1814 1376 1863 magnificentia
1407 1828 1469 1850 su-

361 1879 526 1926 periores
548 1891 653 1926 reges
674 1880 785 1922 vicit3
819 1879 1049 1927 reliquorum
1076 1879 1132 1913 sui
1154 1879 1281 1920 moris,
1305 1885 1341 1913 et
1361 1879 1472 1927 copia

362 1940 580 1977 Graecorum
602 1942 799 1978 artificum.
847 1941 1112 1977 Gladiatorum
1131 1954 1264 1976 munus
1286 1941 1470 1978 Romanae

361 2005 646 2040 consuetudinis
676 2006 798 2053 primo
819 2004 961 2054 majore
983 2018 1067 2040 cum
1098 2013 1238 2040 terrore
1260 2005 1470 2048 hominum,

361 2068 594 2102 insuetorum
628 2069 673 2103 ad
708 2068 780 2104 tale
820 2068 1089 2117 spectaculum,
1112 2080 1222 2116 quam
1260 2069 1468 2117 voluptate,

360 2129 485 2164 dedit:
518 2130 652 2166 deinde
671 2132 805 2179 saepius
827 2131 964 2173 dando,
987 2139 1023 2167 et
1044 2131 1154 2166 modo
1177 2131 1390 2167 vulneribus
1413 2139 1469 2167 te-

360 2204 445 2234 nuS,
468 2193 579 2228 modo
610 2195 690 2229 siue
720 2195 898 2230 missione
918 2196 1045 2236 etiam,
1081 2202 1118 2229 et
1138 2193 1322 2230 familiare
1351 2195 1469 2230 oculis

361 2261 584 2304 gratumque
599 2257 636 2291 id
652 2258 907 2306 spectaculum
924 2258 1027 2299 fecit,
1047 2267 1082 2293 et
1103 2270 1292 2293 armorum
1305 2258 1468 2295 studium

360 2318 547 2368 plerisque
569 2319 753 2369 juvenum
777 2323 959 2360 accendit.
1017 2323 1165 2371 ltaque,
1187 2322 1249 2371 qui
1279 2323 1400 2372 primo
1420 2321 1466 2357 ab
