1546 2648
95 312 136 343 U.
151 312 188 344 C.
203 317 275 348 578.

94 356 135 385 A.
149 355 186 387 C.
204 361 274 391 174.

287 214 372 267 310
744 226 789 254 T.
813 227 946 255 mvn

290 312 332 349 C.
352 310 546 348 Mamilius
576 310 726 348 vitulus
747 313 852 349 curio
871 315 1071 357 maximus,
1093 321 1131 351 et
1146 315 1202 352 M.
1219 315 1396 366 Sempro-

288 376 371 412 nius
400 375 611 411 Tuditanus
641 375 840 424 pontifex:
872 378 1070 426 pontifices
1100 378 1263 415 subfecti
1292 385 1395 422 sunt,

289 439 332 476 C.
353 438 540 489 Sulpicius
560 438 683 475 Galba
712 442 735 465 ἥ
766 442 790 465 ÷÷
822 443 846 465 ἥ·
876 441 1057 478 inlocum
1075 443 1270 480 Tuditani.
1316 443 1399 478 Au-

287 515 397 552 gures
427 502 590 539 subfecti
617 509 720 545 sunt,
750 504 786 540 in
818 504 981 542 Gracchi
1010 506 1135 543 locum
1153 507 1199 543 T.
1221 506 1398 543 Veturius

288 567 481 603 Gracchus
512 566 821 615 Sempronianus,
851 569 890 605 in
922 569 962 606 P.
977 570 1071 606 AElii
1101 570 1288 610 Q.AElius
1315 571 1398 606 Pae-

287 638 361 668 tus.
417 630 619 667 Decemvir
647 642 840 667 sacrorum
872 633 915 669 C.
948 634 1191 683 Sempronius
1224 634 1401 683 LonguS‚

288 694 394 731 cun‘o
441 693 625 728 maximus
674 693 718 728 C.
756 693 976 731 Scribonius
1024 696 1141 732 Curio
1189 696 1399 733 subficitur.

288 758 416 797 Quum
436 756 660 807 pestilentiae
689 756 773 793 finis
793 770 872 794 non
901 758 1021 803 fieret,
1042 766 1194 796 senatus
1216 760 1398 804 decrevit,

287 823 343 859 uti
363 820 563 857 decemviri
583 819 698 857 libros
721 821 925 871 Sibyllinos
954 824 1113 861 adirent.
1169 823 1231 860 Ex
1249 824 1402 860 decreto

286 898 417 922 eorum
447 885 546 921 diem
576 896 691 920 unum
721 885 948 936 supplicatio
976 887 1074 925 fuit:
1107 894 1158 931 et,
1185 889 1234 928 Q.
1255 887 1399 924 Martio

285 949 465 1000 Philippo
498 948 612 984 verba
645 957 852 999 praeeunte,
882 951 1044 1001 populus
1077 952 1116 988 in
1148 951 1234 989 foro
1268 958 1397 988 votum

287 1015 488 1065 concepit:
522 1013 564 1049 Si
589 1013 731 1049 morbus
754 1016 1028 1064 pestilentiaque
1056 1029 1098 1053 ex
1125 1029 1213 1065 agro
1233 1016 1399 1052 Romano

287 1085 405 1117 emota
423 1083 522 1121 esset,
542 1079 688 1114 biduum
691 1077 813 1126 ferias
829 1091 872 1115 ac
888 1082 1184 1128 supplicationem
1203 1092 1239 1117 se
1256 1081 1397 1116 habitu—

285 1157 377 1180 rumt
435 1141 481 1178 In
510 1141 662 1176 Veienti
692 1153 784 1189 agro
817 1141 946 1192 biceps
983 1148 1093 1179 natus
1125 1155 1230 1193 puer,
1261 1149 1300 1178 et
1338 1143 1397 1178 Si-

287 1219 431 1245 nuessae
461 1206 676 1247 unimanus,
698 1212 736 1240 et
755 1206 911 1242 Auximi
941 1206 1066 1256 puella
1086 1220 1170 1243 cum
1189 1205 1364 1243 dentibus
1384 1222 1393 1251 ;

264 1278 327 1314 ‚et
354 1283 461 1308 arcus
490 1269 655 1306 interdiu
685 1281 817 1306 sereno
846 1270 944 1307 coelo
974 1283 1086 1322 super
1109 1272 1224 1308 aedem
1245 1271 1398 1307 Saturni

288 1337 328 1373 in
356 1335 442 1372 foro
470 1334 649 1371 Romano
678 1334 862 1377 intentus,
884 1341 922 1370 et
949 1341 1025 1371 tres
1044 1335 1156 1371 simul
1174 1335 1271 1371 soles
1289 1333 1395 1371 efful-

288 1406 443 1436 serunt:
476 1406 513 1435 et
549 1398 650 1435 faces
685 1398 815 1434 eadem
851 1405 964 1434 nocte
1001 1398 1124 1450 plures
1159 1411 1226 1449 per
1258 1398 1396 1434 coelum

287 1464 400 1514 lapsae
421 1470 509 1499 sunt
528 1463 568 1498 in
586 1461 789 1498 Lanuvino
806 1477 812 1497 :
837 1461 1068 1512 Caeritesque
1088 1452 1250 1512 anguem
1270 1463 1306 1498 in
1328 1475 1396 1512 op-

283 1528 376 1578 pido
410 1540 478 1564 suo
505 1525 698 1577 jubatum,
732 1527 854 1562 aureis
887 1526 1043 1563 maculis
1074 1539 1258 1577 sparsum,
1283 1527 1396 1576 adpa-

287 1592 405 1628 ruisse
425 1589 676 1627 adfirmabant
693 1604 700 1624 :
725 1595 776 1632 et,
797 1590 836 1624 in
852 1601 945 1638 agro
967 1589 1165 1641 Campano
1183 1590 1319 1626 bovem
1339 1589 1397 1625 lo-

286 1662 414 1691 cutum
436 1667 530 1697 esse,
551 1654 641 1690 satis
662 1652 878 1689 constabat.

339 1717 478 1755 XXII.
508 1716 644 1765 Legati
673 1715 799 1752 Nonis
828 1716 954 1751 Juniis
975 1728 1020 1752 ex
1040 1715 1171 1752 Africa
1189 1716 1395 1759 redierunt,

286 1784 365 1831 qui,
397 1788 586 1818 convento
615 1780 718 1830 prius
747 1779 953 1816 Masinissa
980 1792 1084 1828 rege,
1115 1779 1394 1828 Karthaginem

287 1848 409 1882 ierant
427 1860 435 1881 :
469 1852 634 1881 ceterum
654 1843 791 1879 certius
812 1843 1021 1891 aliquanto,
1043 1855 1125 1891 quae
1155 1842 1394 1892 Karthagine

288 1915 374 1946 acta
398 1914 537 1952 essent,
559 1906 606 1944 ab
626 1919 714 1955 rege
742 1907 961 1948 rescierant,
982 1918 1094 1954 quam
1114 1905 1161 1941 ab
1181 1906 1270 1955 ipsis
1293 1905 1393 1942 Kar-

286 1970 615 2020 thaginiensibus:
661 1975 896 2019 compertum
928 1975 1054 2004 tamen
1092 1968 1394 2012 adfirmaverunt,

286 2036 433 2085 legatos
463 2034 509 2071 ab
539 2045 627 2082 rege
656 2033 795 2069 Perseo
823 2033 982 2076 venisse,
1003 2033 1122 2081 iisque
1150 2039 1266 2068 noctu
1285 2045 1394 2070 sena-

286 2108 366 2135 tum
397 2100 436 2135 in
456 2099 533 2135 aede
562 2096 775 2148 AEsculapii
803 2096 932 2133 datum
952 2107 1058 2132 esse:
1090 2095 1137 2133 ab
1154 2096 1395 2145 Karthagine

286 2163 431 2212 legatos
452 2163 489 2198 in
509 2162 777 2199 Macedoniam
798 2163 946 2206 missos,
967 2167 1004 2198 et
1031 2174 1098 2199 rex
1117 2162 1392 2206 adfirmaverat,

286 2232 324 2262 et
343 2226 414 2276 ipsi
434 2237 566 2276 parum
592 2232 812 2262 constanter
836 2232 1080 2274 negaverant.
1137 2226 1182 2261 In
1211 2225 1392 2264 Macedo·

285 2288 388 2325 niam
419 2300 569 2338 quoque
607 2289 810 2325 mittendos
847 2288 991 2338 legatos
1029 2295 1180 2325 senatus
1218 2290 1386 2325 censuit:

282 2360 360 2389 tres
393 2353 496 2390 missi
530 2360 633 2397 sunt,
665 2353 709 2390 C.
728 2352 884 2396 Laelius,
914 2353 970 2390 M.
992 2352 1164 2391 Valerius
1195 2352 1390 2398 Messalla,
