1546 2648
96 295 143 329 U.
157 298 194 330 C.
209 301 282 331 562.

99 341 139 372 A..
154 341 189 372 C.
209 349 281 375 190.

299 194 354 237 26
460 205 465 212 ·
754 211 802 241 T.
824 211 959 243 mvn

295 303 474 335 naturum
499 303 682 342 cerneret,
702 305 815 349 porta
839 313 1025 350 egressus,
1045 300 1147 338 haud
1171 301 1306 353 procul
1329 308 1409 340 sta-

292 362 400 399 tione
425 362 607 406 hostium,
629 363 869 400 occasionem
889 364 1105 415 obperiens,
1126 365 1309 403 consedit.
1352 365 1407 403 Et

292 426 359 476 qui
386 426 563 475 Pergami
593 431 714 469 erant,
745 428 950 464 amentiam
979 429 1113 477 magis,
1144 442 1257 478 quam
1285 429 1404 466 auda-

291 491 390 527 ciam
410 490 561 527 credere
581 502 683 526 esse:
707 497 746 526 et
765 490 909 535 hostes,
930 491 1133 542 paullisper
1148 493 1186 529 in
1207 506 1271 529 eos
1291 492 1406 536 versi,

290 559 334 591 ut
349 554 444 591 nihil
460 554 602 590 moveri
616 554 804 597 viderunt,
823 566 894 591 nec
913 555 985 604 ipsi
1004 556 1210 605 quidquam
1225 569 1272 593 ex
1289 555 1404 593 solita

289 618 537 668 negligentia,
575 619 729 668 insuper
765 619 880 655 etiam
917 619 1109 656 eludentes
1153 622 1401 671 paucitatem,

289 689 497 720 mutarunt.
526 682 750 732 Diophanes
767 682 915 730 quietos
936 682 1163 732 aliquamdiu
1181 697 1283 728 suos,
1299 685 1404 723 velut

289 746 337 783 ad
356 745 613 797 spectaculum
633 745 747 781 modo
767 745 936 788 eductos,
958 747 1167 782 continuit:
1199 755 1403 798 postquam

290 810 455 861 dilapsos
479 810 526 847 ab
554 809 747 846 ordinibus
774 810 906 846 hostes
926 811 1034 854 vidit,
1055 811 1260 862 peditibus,
1282 825 1404 862 quan·

288 881 371 911 tum
397 873 610 911 adcelerare
641 880 812 925 possent,
834 875 940 923 sequi
962 873 1096 924 jussiS,
1118 875 1197 926 ipse
1226 875 1401 928 princeps

287 940 388 976 inter
408 939 552 988 equites
575 951 659 975 cum
679 943 804 974 turma
827 951 908 982 sua,
929 952 1041 988 quam
1068 946 1198 990 posset
1224 940 1403 977 effusissi-

288 1004 359 1040 mis
385 1003 560 1047 habenis,
589 1002 753 1039 clamore
784 1002 831 1039 ab
862 1004 965 1040 omni
995 1004 1106 1040 simul
1135 1005 1260 1055 pedite
1289 1011 1404 1055 atque

289 1068 416 1117 equite
436 1066 602 1110 sublato,
620 1067 825 1102 stationem
843 1067 1012 1103 hostiurn
1032 1068 1227 1118 inproviso
1247 1068 1403 1107 invadit.

287 1132 382 1169 Non
407 1131 581 1168 homines
613 1131 750 1174 solum,
778 1131 843 1167 sed
870 1131 956 1180 equi
983 1131 1097 1167 etiam
1123 1132 1259 1174 territi,
1288 1145 1404 1181 quum

286 1195 439 1232 vincula
459 1194 714 1245 abrupissent,
736 1195 1029 1245 trepidationem
1056 1201 1094 1231 et
1119 1195 1323 1232 tumultum
1344 1197 1403 1233 in-

287 1267 346 1296 ter
365 1272 453 1296 suos
473 1259 670 1304 fecerunt3
702 1259 813 1310 pauci
833 1258 988 1295 stabant
1007 1259 1174 1311 inpavidi
1193 1261 1303 1309 equi:
1336 1273 1400 1297 eos

287 1326 391 1375 ipsos
420 1336 499 1360 non
529 1329 709 1366 sternere,
740 1335 816 1358 non
847 1322 1050 1367 infrenare,
1081 1329 1147 1360 aut
1176 1324 1401 1362 adscendere

289 1389 402 1426 facile
428 1394 619 1439 poterant,
641 1386 762 1423 multo
789 1386 985 1437 majorem,
1010 1401 1122 1438 quam
1148 1400 1216 1439 pro
1242 1398 1402 1426 numero

289 1453 474 1504 equitum,
511 1458 696 1488 terrorem
736 1451 886 1488 Achaeis
931 1451 1193 1490 inferentibus,
1218 1481 1223 1484 >
1249 1452 1401 1490 Pedites

288 1529 379 1553 vero
399 1516 565 1553 ordinati
584 1521 622 1551 et
640 1515 840 1566 praeparati
861 1527 1010 1566 sparsos
1030 1528 1096 1566 per
1110 1515 1400 1565 negligentiam,

290 1587 330 1618 et
345 1581 593 1618 semisomnos
607 1591 725 1631 prope
741 1579 863 1616 adorti
877 1586 984 1616 sunt:
1008 1581 1127 1618 caedes
1139 1581 1278 1631 passim
1292 1580 1401 1630 fuga-

291 1659 364 1696 que
389 1658 456 1696 per
483 1656 635 1695 campos
660 1643 763 1681 facta
789 1650 858 1682 est.
913 1644 1153 1695 Diophanes,
1174 1650 1324 1682 secutus
1344 1644 1401 1681 ef-

289 1711 410 1754 quOS‚
441 1709 567 1761 quoad
598 1715 722 1745 tutum
749 1708 837 1752 fuit,
868 1722 1008 1759 magno
1040 1710 1267 1746 Achaeorum
1296 1709 1403 1758 genti

291 1776 427 1812 decore
445 1780 571 1826 parto,
595 1775 875 1823 (spectaverant
895 1775 995 1810 enim
1015 1787 1035 1810 e
1053 1773 1242 1810 moenibus
1265 1772 1403 1822 Perga-

289 1840 343 1876 mi
362 1851 440 1875 non
461 1838 530 1874 viri
548 1838 678 1881 modo,
699 1837 764 1874 sed
789 1837 939 1875 feminae
965 1839 1098 1886 etiam)
1121 1839 1161 1874 in
1186 1837 1402 1888 praesidium

291 1904 394 1940 urbis
415 1903 539 1939 rediit.

343 1967 461 2005 XXI.
491 1966 652 2004 Postero
672 1966 732 2003 die
752 1966 879 2016 regiae,
900 1967 1019 2016 magis
1040 1965 1262 2015 compositae
1282 1971 1320 2002 et
1340 1977 1402 2002 or-

289 2033 443 2076 dinatae,
465 2032 649 2068 stationes
670 2032 886 2081 quingentis
907 2030 1078 2083 passibus
1098 2030 1248 2079 longius
1269 2030 1315 2066 ab
1337 2042 1400 2067 ur·

288 2097 336 2135 be
356 2103 565 2148 posuerunt
584 2103 727 2133 castra:
760 2103 798 2133 et
816 2096 950 2134 Achaei
970 2095 1102 2132 eodem
1120 2094 1238 2130 ferme
1254 2100 1405 2144 tempo-

287 2174 343 2204 re,
361 2169 474 2211 atque
494 2163 530 2199 in
553 2161 725 2198 eumdem
746 2152 870 2197 locum
891 2165 1168 2211 processerunt.
1212 2158 1285 2195 Per
1305 2157 1403 2195 mul-

288 2232 346 2265 tas
373 2227 484 2264 horas
505 2225 643 2263 intenti
663 2225 852 2276 utrimque
871 2224 972 2262 velut
995 2222 1079 2273 jam
1098 2223 1268 2260 futurum
1295 2222 1403 2272 inpe-

288 2297 369 2328 tum
403 2297 694 2342 exspectavere:
741 2296 943 2342 postquam
975 2287 1076 2326 haud
1105 2286 1239 2339 procul
1267 2298 1405 2323 occasu

288 2355 379 2410 solis
413 2354 597 2393 redeundi
628 2355 668 2392 in
699 2360 824 2393 castra
854 2359 1004 2406 tempus
1039 2358 1134 2398 erat,
1164 2351 1260 2402 regii
1289 2350 1409 2401 siguis
