1546 2648
378 109 535 141 mnan
557 108 675 139 xmr.
706 108 814 138 cap·
835 109 933 139 vu.
1120 100 1203 152 487

91 199 212 238 fertur
231 209 268 238 et
287 201 462 252 pecunia,
482 206 626 250 quanta
641 199 738 236 clam
758 199 897 236 deferri
917 205 1081 250 poterat.
1118 198 1205 237 Rex
1218 199 1260 230 U·
1275 199 1311 231 C·
1327 205 1400 233 ⁵84·

90 265 172 315 ipse
191 273 304 302 nocte
322 265 460 307 media,
477 276 562 301 cum
582 263 703 300 tribus
724 263 885 300 consciis
905 262 1020 312 fugae,
1034 276 1102 314 per
1115 277 1204 315 pos·
1218 244 1256 274 Δ·
1270 243 1307 275 C'
1326 249 1398 276 ¹⁶⁸¹

91 330 209 366 ticum
229 330 363 367 aedium
380 331 420 366 in
439 330 695 380 propinquum
715 328 890 366 cubiculo
905 329 1075 373 hortum,
1092 337 1207 380 atque

90 395 190 438 inde,
212 395 413 432 maceriam
429 407 528 444 aegre
547 400 820 443 transgressus,
836 393 883 430 ad
903 407 1005 430 mare
1021 395 1206 445 pervenit.

91 457 289 495 Oroandes
309 458 393 508 jam
413 466 508 501 tum,
530 458 617 495 dum
649 458 811 508 pecunia
830 457 1053 501 deferretur,
1074 459 1204 508 primis

89 521 255 558 tenebris
276 522 440 563 soluerat
459 535 609 566 navem,
626 535 669 559 ae
689 535 756 573 per
784 521 903 558 altum
924 522 1078 559 Cretam
1097 530 1203 572 pete·

87 584 167 623 bat.
222 585 433 635 Postquam
453 588 492 623 in
512 594 625 636 portu
646 587 751 623 navis
772 599 850 622 non
870 587 1027 623 inventa
1046 593 1118 630 est,
1138 600 1204 624 va-

90 656 198 700 gatus
218 650 378 688 Perseus
398 651 629 701 aliquamdiu
648 653 687 688 in
707 651 833 695 litore,
853 658 1047 702 postremo
1066 653 1204 689 timens

89 714 212 751 lucem
231 714 315 764 jam
348 716 732 766 adpropinquantem,
767 717 808 752 in
843 717 1054 767 hospitium
1083 717 1207 753 redire

88 791 165 816 non
187 792 314 823 ausus,
343 781 383 816 in
413 780 531 816 latere
556 780 688 831 templi
717 793 836 831 prope
864 780 1046 830 angulum
1066 780 1205 817 obscu-

85 855 171 879 rum
190 844 352 882 delituit.
399 845 513 881 Pueri
528 846 623 894 regii
639 845 738 895 apud
757 845 992 882 Macedonas
1012 845 1204 882 vocaban-

87 913 150 944 tur
167 910 381 960 principum
396 909 520 952 liberi,
541 909 588 946 ad
608 910 862 946 ministerium
880 909 992 946 electi
1011 911 1111 959 regis
1129 924 1137 944 :
1161 922 1206 946 ea

86 972 239 1016 cohors,
260 981 458 1023 persecuta
476 986 603 1022 regem
628 973 856 1021 fugientem,
876 986 924 1009 ne
949 980 1032 1009 tum
1052 974 1205 1023 quidem

86 1036 329 1081 abscedebat,
357 1039 478 1074 donec
498 1037 610 1088 jussu
636 1038 707 1074 Cn.
725 1037 879 1074 Octavii
907 1037 1204 1088 pronunciatum

86 1106 145 1136 est
163 1113 230 1150 per
249 1114 476 1151 praeconem,
494 1102 626 1150 Regios
640 1115 772 1151 pueros
790 1102 1080 1151 Macedonasque
1099 1103 1203 1146 alios,

89 1167 149 1214 qui
170 1167 417 1205 Samothracae
436 1174 560 1212 essent,
581 1170 612 1204 si
642 1170 836 1205 transirent
855 1170 905 1205 ad
925 1167 1120 1210 Romanos,
1147 1170 1206 1204 in-

86 1232 346 1276 columitatem,
378 1233 647 1283 libertatemque
675 1240 710 1271 et
738 1247 802 1270 sua
835 1235 957 1270 omnia
987 1238 1203 1276 servaturos,

86 1308 164 1344 quae
183 1302 248 1333 aut
262 1309 380 1334 secum
400 1298 580 1341 haberent,
598 1304 663 1335 aut
681 1301 716 1335 in
733 1299 952 1335 Macedonia
966 1300 1203 1347 reliquissent.

84 1360 147 1396 Ad
164 1361 263 1398 hanc
282 1375 414 1399 vocem
430 1364 607 1400 transitio
625 1364 796 1400 omnium
814 1363 919 1400 facta
938 1369 1010 1406 est,
1026 1363 1203 1399 nomina-

85 1438 158 1474 que
195 1426 337 1464 dabant
369 1428 416 1464 ad
454 1428 497 1466 C.
518 1428 759 1465 Postumium
795 1428 993 1465 tribunum
1026 1427 1205 1464 militum.

84 1489 247 1526 Liberos
267 1504 418 1541 quoque
436 1505 572 1543 parvos
602 1494 727 1542 regios
748 1492 821 1529 Ion
849 1491 1201 1529 Thessalonicensis

86 1553 250 1591 Octavio
269 1556 449 1592 tradidit:
481 1570 552 1593 nec
572 1558 785 1607 quisquam,
805 1564 943 1608 praeter
965 1551 1219 1606 Philippum,

84 1619 290 1655 maximum
312 1627 404 1656 natu
424 1633 444 1656 e
464 1620 564 1664 filiis,
581 1634 668 1657 cum
687 1633 776 1670 rege
795 1621 962 1658 relictus.
999 1620 1101 1656 Tum
1121 1631 1202 1656 sese

84 1681 278 1731 filiumque
297 1683 462 1720 Octavio
477 1684 632 1721 tradidit
643 1701 654 1730 3
677 1684 871 1722 fortunam
888 1684 1084 1734 Deosque,
1106 1696 1202 1733 quo-

83 1759 165 1782 rum
186 1748 224 1783 in
245 1748 389 1799 templo
410 1756 532 1792 erant,
555 1749 659 1786 nulla
678 1762 750 1800 ope
776 1749 984 1800 supplicem
1004 1749 1200 1799 juvantes,

84 1823 278 1849 accusans.
335 1812 380 1848 In
403 1814 619 1862 praetoriam
636 1826 770 1850 navem
790 1813 924 1863 inponi
943 1811 1074 1863 jussus
1094 1830 1102 1850 ι
1135 1825 1200 1849 eo·
1212 1819 1322 1851 Tradit
1337 1830 1370 1851 se

84 1874 167 1911 dem
189 1866 225 1911 et
246 1877 420 1925 pecunia,
442 1890 524 1926 quae
554 1877 754 1927 superfuit,
785 1877 911 1914 delata
940 1884 1022 1914 est:
1055 1883 1201 1913 extem·
1213 1863 1379 1895 Romanis·

82 1938 222 1989 ploque
242 1940 370 1977 classis
398 1941 662 1991 Amphipolim
689 1942 840 1992 repetit.
897 1941 994 1978 Inde
1016 1940 1200 1978 Octavius

83 2015 209 2052 regem
230 2004 268 2040 in
284 2012 408 2044 castra
427 2005 474 2041 ad
495 2004 690 2041 consulem
709 2005 827 2048 misit,
844 2005 1048 2055 praemissis
1063 2004 1198 2049 literis,

86 2072 126 2102 ut
145 2067 184 2102 in
203 2074 394 2117 potestate
413 2081 498 2105 eum
520 2081 600 2105 esse
617 2075 655 2105 et
675 2069 809 2106 adduci
829 2070 955 2107 sciret.

136 2129 227 2167 Vll.
249 2131 459 2169 Secundam
479 2146 561 2169 eam
582 2132 752 2176 Paullus,
770 2134 868 2170 sicut
885 2139 979 2177 erat,
997 2133 1199 2170 victoriam

83 2199 202 2236 ratuS,
229 2194 400 2232 victimas
425 2197 562 2233 cecidit
581 2209 628 2233 eo
654 2197 824 2243 nuncio,
857 2203 909 2241 et,
940 2197 1103 2234 consilio
1132 2197 1198 2233 ad-

80 2264 232 2303 vocato,
259 2257 387 2297 literas
410 2262 583 2312 praetoris
610 2274 728 2309 quum
746 2262 959 2307 recitasset,
980 2262 1029 2303 Q.
1049 2261 1198 2299 AElium

602 2313 685 2352 Y4
