1546 2648
400 118 553 148 LIBER
578 115 697 147 xxv.
728 115 837 145 CAP.
861 114 1015 143 xmu.
1179 108 1270 156 535.

152 212 190 243 εἰ
208 205 419 247 Thracibus
438 217 595 243 munera
620 204 708 241 data
744 203 783 239 in
817 201 986 251 singulos
1011 200 1149 240 binfim
1178 200 1262 237 mil·
1282 213 1322 245 u,
1339 213 1376 245 c,
1390 221 1465 246 ⁵8⁵.

151 270 244 308 lium
264 272 359 309 aeris.
414 270 528 315 Eitis,
552 282 639 307 cum
664 269 798 305 ceteris
818 267 1012 304 obsidibus
1033 281 1055 304 a
1074 265 1262 306 Carseolis
1280 258 1320 290 A·
1336 257 1373 289 C·
1390 262 1462 294 ¹⁶7·

153 337 367 380 arcessitus,
387 335 435 372 ad
465 341 612 386 patrem
645 346 729 370 cum
762 333 899 382 legatis
930 333 1077 369 missus.
1133 331 1262 368 Naves
1468 333 1469 337 ’

152 400 281 448 regiae,
316 406 435 450 captae
459 399 504 435 de
522 396 801 435 Macedonibus
832 397 1023 433 inusitatae
1049 404 1136 433 aute
1155 408 1262 445 mag·

149 463 349 507 nundinis,
370 464 408 500 in
429 476 564 513 campo
582 462 728 500 Martio
748 461 942 498 subductae
963 468 1064 498 sunt.

206 527 361 565 XLIII.
391 527 573 566 Haerente
590 527 726 570 adhuc,
746 539 825 563 non
841 527 881 563 in
898 526 1033 563 animis
1053 525 1181 569 m0d0‚
1198 525 1262 562 sed
1279 526 1315 575 L’.
1333 524 1468 564 Anicii„

150 604 248 644 pene
273 593 313 629 in
347 592 481 635 oculis,
511 592 695 628 memoria
720 590 963 628 Macedonici
989 590 1186 640 triumphi,
1215 589 1262 627 L.
1280 569 1480 609 triumphus.

151 657 310 694 Anicius
325 656 588 696 Quirinalibus
609 657 858 707 triumphavit
877 656 923 692 de
937 668 1027 704 rege
1047 654 1190 691 Gentio
1209 653 1264 690 11-

149 721 340 772 lyriisque.
371 721 516 758 Similia
530 722 660 758 omnia
675 722 795 770 magis
808 722 888 758 visa
900 719 1134 763 hominibus,
1149 731 1264 769 quam

149 787 281 838 paria:
313 786 439 822 minor
470 786 551 835 ipse
576 786 797 836 imperator,
828 792 865 821 et
883 784 1085 821 nobilitate
1104 784 1263 820 Anicius

149 863 236 887 cum
261 849 436 892 AEmilio,
457 856 494 885 et
520 848 608 899 jure
638 850 787 900 imperii
819 856 960 901 praetor
988 862 1072 886 cum
1107 847 1263 885 consule

148 913 346 951 conlatus:
378 925 456 949 non
476 912 639 949 Gentius
659 913 813 957 Perseo,
834 926 913 950 non
932 912 1052 963 Illyrii
1077 911 1261 949 Macedo-

145 977 274 1022 nibus,
292 989 372 1014 non
392 975 514 1027 spolia
534 976 680 1026 spoliiS,
699 989 780 1013 non
797 978 960 1027 pecunia
977 977 1163 1027 pecuniae,
1182 988 1263 1012 non

147 1043 247 1079 dona
271 1042 381 1078 donis
411 1041 623 1092 comparari
648 1047 839 1092 poterant.
894 1040 1030 1091 Itaque
1049 1041 1148 1076 sicut
1165 1053 1262 1091 prae·

144 1094 330 1155 fulgebatv
349 1106 437 1142 huic
465 1106 680 1157 triumphus
699 1115 856 1151 recens3
886 1106 941 1142 ita
973 1104 1181 1156 adparebat
1202 1105 1260 1156 ip-

145 1183 229 1208 sum
248 1183 315 1221 per
334 1183 374 1207 se
392 1170 628 1207 intuentibus
645 1183 884 1220 nequaquam
910 1182 991 1207 esse
1010 1175 1260 1206 contemnen-

145 1234 246 1271 dum.
303 1234 576 1271 Pei-domuerat
608 1235 709 1270 intra
740 1246 884 1285 paucos
902 1233 995 1277 dies,
1025 1240 1127 1270 terra
1144 1234 1260 1270 mari-

141 1311 216 1348 que
233 1298 414 1341 ferocem,
436 1297 604 1347 locisque
633 1299 788 1335 munitis
816 1298 968 1343 fretam,
988 1305 1141 1347 gentem
1166 1297 1259 1348 Illy-

142 1365 287 1401 riorum
305 1379 313 1401 :
359 1376 487 1413 regem
522 1365 712 1413 regiaeque
755 1378 888 1402 omnes
925 1365 1050 1416 stirpis
1094 1370 1257 1416 ceperat.

142 1428 357 1466 Transtulit
375 1429 414 1467 in
434 1429 670 1479 triumphum
689 1429 809 1466 multa
827 1429 1007 1466 militaria
1026 1430 1148 1479 signa,
1169 1442 1258 1480 spo-

142 1493 267 1543 liaque
299 1493 388 1537 alia,
421 1499 461 1529 et
493 1493 764 1544 supellectilem
797 1495 940 1544 regiam
957 1509 966 1531 2
1012 1494 1094 1530 auri
1128 1494 1260 1544 pondo

142 1558 278 1607 viginti
300 1563 338 1594 et
359 1563 519 1607 septem,
540 1559 690 1606 argenti
715 1558 845 1596 decem
871 1566 909 1595 et
938 1571 1076 1595 novem
1102 1559 1256 1608 pondo:

142 1621 340 1659 denarium
359 1622 435 1658 tria
460 1621 593 1665 millia,
615 1629 654 1659 et
672 1631 825 1660 centum
845 1623 980 1672 viginti
1002 1622 1120 1659 millia
1138 1622 1260 1672 Illyrii

139 1687 299 1737 argenti.
355 1687 459 1723 Ante
478 1699 628 1723 currum
648 1687 752 1724 ducti
772 1687 938 1724 Gentius
966 1700 1034 1724 rex
1053 1701 1139 1724 cum
1165 1700 1258 1724 con—

133 1750 230 1803 juge
248 1757 286 1787 et
305 1750 448 1794 liberis,
465 1758 504 1788 et
519 1752 771 1789 Caravantius
786 1752 905 1789 frater
923 1752 1039 1801 regis,
1055 1758 1094 1788 et
1112 1751 1260 1802 aliquot

139 1815 287 1853 nobiles
324 1815 457 1866 Illyrii.
526 1816 588 1853 De
624 1818 753 1867 praeda
791 1816 975 1854 militibus
1005 1817 1051 1868 in
1088 1815 1261 1866 singulos

139 1881 401 1930 quadragenos
444 1882 580 1931 quinos
618 1882 807 1926 denarios,
854 1882 994 1933 duplex
1026 1883 1258 1926 centurioni,

139 1945 277 1996 triplex
311 1946 446 1995 equiti,
478 1947 592 1983 sociis
625 1947 791 1984 nominis
810 1946 942 1984 Latini
961 1953 1146 1996 quantum
1165 1947 1257 1984 civi-

138 2009 225 2053 bus,
259 2016 297 2046 et
329 2011 442 2046 sociis
474 2010 672 2048 navalibus
706 2012 810 2048 dedit
841 2020 1025 2061 quantum
1059 2010 1254 2049 militibus.

140 2071 284 2110 Laetior
294 2074 397 2111 hunc
416 2075 650 2126 triumphum
671 2083 727 2113 est
745 2083 897 2114 secutus
913 2076 1035 2119 miles,
1050 2075 1254 2124 multisque

140 2136 217 2173 dux
237 2138 316 2187 ipse
334 2140 562 2176 carminibus
582 2139 806 2179 ceiebratus.
863 2139 1091 2178 Sestertium
1111 2140 1254 2177 ducen-

139 2201 210 2237 ties
232 2214 278 2238 ex
296 2213 342 2238 ea
360 2204 486 2252 praeda
506 2204 702 2242 redactum
729 2218 826 2250 esse,
854 2211 988 2243 auctor
1019 2211 1075 2243 est
1102 2204 1252 2247 Antias,

136 2272 274 2316 praeter
303 2276 435 2305 aurum
467 2276 757 2319 argentumque,
792 2272 895 2321 quod
929 2271 970 2308 in
999 2272 1173 2310 aerarium
1204 2270 1257 2307 sit

640 2333 677 2370 A
692 2346 716 2370 a
733 2334 759 2370 4
