1546 2648
364 171 518 200 LIBER
544 168 683 199 xmv.
717 168 825 198 cAP.
844 169 988 199 xxvr.
1142 168 1223 214 453

115 271 195 295 ram
216 261 254 296 in
270 262 368 298 tanti
388 261 551 298 nominis
565 259 716 309 regibus
736 265 884 310 turpem
906 273 949 296 ac
968 260 1170 304 sordidam,
1189 265 1225 296 et
1240 266 1281 298 U.
1296 267 1332 297 C.
1346 273 1419 298 534.

116 323 235 368 danti,
257 330 294 360 et
313 325 432 373 magis
450 324 665 374 accipienti,
687 323 898 359 mercedem
918 335 1011 361 esse.
1052 324 1228 362 Malebat
1240 310 1329 343 A’C'
1348 315 1419 341 ¹⁶⁸·

115 387 154 423 in
175 400 279 438 spem
301 388 486 425 Romanae
507 389 610 439 pacis
630 401 710 425 non
728 400 902 424 recusare
930 389 1142 438 inpensam,
1163 389 1229 426 sed

115 464 197 488 eam
217 454 415 501 pecuniam
441 453 611 504 perfecta
635 466 675 489 re
698 453 897 497 daturum;
930 453 1075 490 interea
1095 454 1228 490 Samo·

114 515 254 552 thracae
287 517 326 553 in
359 518 502 568 templo
535 518 810 568 depositurum.
865 517 924 553 Ea
956 517 1081 554 insula
1112 530 1230 566 quum

111 577 228 628 ipsius
250 579 405 617 ditionis
425 588 538 624 esset,
558 581 683 617 videre
698 580 888 617 Eumenes
909 580 1006 616 nihil
1030 582 1226 624 interesse,

113 655 161 679 an
180 643 295 681 Pellae
314 647 476 695 pecunia
494 652 593 682 esset
609 661 615 681 z
635 646 674 682 id
693 657 818 694 agere,
838 652 881 681 ut
897 650 1042 695 partem
1062 645 1228 694 aliquam

112 716 337 757 praesentem
356 709 484 747 ferret.
532 709 607 753 Ita,
624 709 880 759 nequidquam
899 710 998 745 inter
1012 721 1052 745 se
1069 709 1226 760 captati,

112 771 209 808 nihil
228 779 364 822 praeter
382 773 577 810 infamiam
597 786 764 810 movere.

165 835 319 874 XXVI.
349 837 433 874 Nec
451 838 533 873 haec
548 843 698 874 tantum
712 837 853 873 Perseo
871 849 936 887 per
955 837 1152 873 avaritiam
1170 842 1228 873 est
1238 830 1343 881 Persei

112 898 267 936 dimissa
285 913 358 944 res,
380 914 495 950 quum
515 902 714 952 pecuniam
735 907 857 937 tutam
879 909 916 937 et
934 914 1066 951 pacem
1086 900 1226 938 habere
1237 881 1376 907 avanua.

111 975 179 1013 per
197 964 422 1009 Eumenem,
445 979 528 1015 quae
546 965 605 1002 vel
624 971 732 1015 parte
751 966 858 1014 regni
877 966 1095 1002 redimenda
1113 972 1226 1010 esset,

113 1040 156 1063 ac
175 1035 346 1079 receptus
376 1031 599 1080 protrahere
625 1030 821 1066 inimicum
842 1029 1012 1065 mercede
1031 1036 1226 1073 onustum,

112 1101 150 1127 et
162 1092 290 1129 hostes
307 1095 442 1130 merito
459 1095 492 1130 ei
504 1094 702 1131 Romanos
717 1100 847 1144 posset
862 1093 987 1130 facere
1005 1109 1011 1130 :
1031 1094 1097 1130 sed
1112 1094 1227 1130 etiam

114 1154 242 1191 Gentii
263 1158 361 1206 regis
386 1164 520 1208 parata
542 1158 718 1201 societas,
739 1163 778 1193 et
794 1163 877 1193 tum
897 1156 1110 1200 Gallorum,
1131 1157 1225 1193 effu-

112 1231 237 1256 sorum
258 1233 325 1271 per
344 1221 553 1272 Illyricum,
570 1223 702 1271 ingens
724 1234 859 1271 agmen
879 1221 1051 1258 oblatum
1066 1223 1223 1258 avaritia
1238 1226 1407 1275 Gallorum

110 1283 304 1321 dimissum
324 1293 392 1324 est.
435 1286 653 1323 Veniebant
671 1287 801 1323 decem
819 1286 938 1323 millia
958 1287 1141 1336 equitum,
1157 1299 1226 1337 par
1237 1279 1311 1344 ἰέοἲ
1313 1269 1371 1344 ἐξ

108 1360 286 1386 numerus
303 1351 486 1400 peditum,
508 1358 546 1387 et
564 1352 732 1401 ipsorum
749 1350 996 1401 jungentium
1016 1364 1166 1388 cursum
1186 1364 1224 1388 e-

111 1413 209 1462 quis,
231 1420 268 1450 et
290 1415 330 1451 in
348 1415 470 1452 vicem
488 1415 754 1467 prolapsorum
773 1415 942 1464 equiturn
963 1427 1101 1451 vacuos
1122 1416 1225 1465 capi-

110 1478 256 1515 entium
276 1479 323 1515 ad
341 1492 508 1530 pugnam
528 1492 658 1529 equos,
688 1478 743 1516 Hi
762 1479 865 1530 pacti
885 1485 1006 1522 erant,
1028 1491 1140 1528 eques
1161 1479 1226 1514 de-

108 1554 179 1578 nos
195 1551 398 1592 praesentes
415 1556 563 1587 aureos,
574 1544 687 1593 pedes
704 1544 855 1594 quinS,
871 1543 975 1580 mille
990 1543 1065 1580 dux
1080 1556 1223 1580 eorum.

110 1605 360 1643 Venientibus
389 1608 448 1644 his
475 1608 634 1644 Perseus
663 1608 711 1644 ab
732 1608 882 1658 Enipeo
911 1621 958 1644 ex
982 1609 1114 1644 eastris
1133 1616 1233 1657 pro-²

110 1668 231 1706 fectus
252 1669 403 1707 obviam
424 1683 509 1708 cum
535 1671 690 1708 dimidia
715 1673 910 1723 copiarum
938 1678 1046 1722 parte
1078 1671 1225 1707 ‹lenun-

110 1734 209 1770 ciare
231 1747 298 1785 per
318 1735 419 1772 vicos
440 1735 640 1785 urbesque,
668 1749 750 1786 quae
776 1737 845 1772 viae
871 1737 1093 1786 propinquae
1120 1742 1222 1779 sunt,

109 1798 239 1847 coepit,
261 1805 302 1834 ut
322 1806 555 1835 commeatus
576 1800 810 1850 expedirent,
831 1800 1026 1844 frumenti,
1046 1800 1135 1843 vini,
1157 1812 1225 1850 pe-

109 1873 239 1898 corum
264 1869 308 1898 ut
332 1864 444 1913 copia
472 1868 595 1899 esset:
628 1864 709 1914 ipse
734 1876 866 1913 equos,
892 1863 1154 1914 phalerasque,
1186 1869 1225 1899 et

110 1925 254 1975 sagula,
275 1925 416 1963 donum
433 1927 666 1978 principibus
683 1927 795 1971 ferre,
813 1934 851 1963 et
865 1940 997 1977 parum
1013 1929 1107 1970 auri,
1123 1928 1225 1976 quod

110 1989 209 2025 inter
235 2002 376 2040 paucos
405 1990 602 2034 divideret,
633 1990 914 2027 multitudinem
943 1992 1096 2028 credens
1124 1991 1225 2027 trahi

79 2052 84 2055 '
111 2064 175 2101 spe
194 2065 317 2103 posse.
365 2054 426 2090 Ad
445 2053 649 2090 Almanam
668 2054 799 2090 urbem
819 2055 1004 2104 pervenit,
1026 2062 1064 2090 et
1084 2055 1120 2090 in
1142 2055 1225 2105 ripa

110 2115 274 2153 fluminis
307 2119 398 2154 Axii
427 2119 556 2168 posuit
588 2125 711 2155 castra
730 2135 737 2155 ;
771 2119 872 2155 circa
900 2118 1146 2155 Desudabam
1183 2120 1223 2155 in

110 2178 274 2216 Maedica
305 2184 490 2219 exercitus
517 2183 717 2220 Gallorum
749 2184 986 2227 consederat,
1013 2183 1222 2220 mercedem

109 2251 260 2294 pactam
281 2245 492 2296 obperiens.
548 2248 611 2285 Eo
637 2249 757 2284 mittit
775 2249 1030 2297 Antigonum,
1063 2260 1109 2283 ex
1133 2259 1223 2297 pur-

108 2309 253 2358 puratis
273 2321 404 2354 unum,
436 2311 500 2360 qui
524 2310 693 2362 juberet,
720 2311 1002 2350 multitudinem
1025 2311 1223 2349 Gallorum
