1546 2648
290 119 370 174 298
438 171 442 177 ,
735 131 782 162 τ.
816 132 952 163 mvn

96 222 139 253 U.
157 223 193 253 C.
207 220 348 257 ⁵7⁵·lus
375 221 455 271 ipse
474 220 618 271 AEpulo
646 229 853 272 receperat,
879 235 1025 260 summa
1055 224 1090 260 vi
1121 223 1402 276 obpugnarunt.

97 266 135 295 A'
150 266 187 296 C'
207 271 279 301 ¹77’
291 285 352 325 Eo
369 285 548 322 Claudius
565 285 710 322 duabus
726 285 939 335 legionibus
957 290 1063 325 novis
1080 289 1262 332 adductis,
1278 294 1405 325 vetere

292 350 460 386 exercitu
480 362 565 386 cum
584 350 659 386 suis
680 351 834 388 ducibus
851 352 1020 396 dimisso,
1037 354 1117 403 ipse
1133 353 1314 404 oppidum
1331 353 1404 389 cir·

293 414 491 458 cumscdst,
517 420 556 450 et
573 415 692 451 vineis
716 415 937 466 obpugnare
962 418 1149 454 intendit:
1181 428 1406 466 amnemque

292 479 608 529 p1·aeterfluentem
637 480 792 523 moenia,
812 481 877 529 qui
906 487 945 517 et
972 482 1232 533 inpedimento
1256 480 1405 531 obpug-

99 548 201 597 Furor
214 557 270 588 op·
293 543 473 580 nantibus
500 550 594 587 erat,
615 550 653 579 et
679 544 923 593 aquationem
946 545 1054 581 Istris
1080 545 1288 596 praebebat,
1308 544 1406 581 mul-

102 591 235 665 ffiffi?⁰'
294 614 420 644 torum
447 608 590 644 dierum
620 620 733 657 opere
762 614 962 658 exceptum
991 621 1091 644 novo
1118 608 1225 645 alveo
1254 609 1404 645 avertit.

293 671 353 711 Ea
371 684 429 709 res
444 670 636 708 barbaros
666 671 848 707 miraculo
870 673 1005 708 terruit
1031 671 1186 708 abscisae
1205 685 1335 721 aqnae:
1367 678 1406 708 et

293 749 341 773 ne
360 743 441 772 tum
461 735 610 784 quidem
629 747 813 771 memores
839 736 958 785 pacis,
978 737 1018 772 in
1039 736 1177 773 caedem
1198 735 1406 786 conjugum

294 813 338 837 ac
371 800 578 837 liberorum
599 800 722 845 νει-εἰς
755 801 883 843 etiam,
914 807 957 836 ut
985 799 1202 850 spectaculo
1230 799 1404 836 hostibus

294 871 372 901 tam
391 864 534 901 foedum
554 864 701 901 facinus
721 870 833 907 esset,
854 864 978 915 palam
1002 865 1041 901 in
1061 865 1176 901 muris
1196 864 1404 900 trucidatos

294 928 595 979 praecipitabant.
651 928 758 965 Inter
787 928 899 966 simul
928 928 1267 978 complorationem
1294 927 1404 964 femi-

295 1005 426 1033 narum
449 1005 741 1043 puerorumque,
765 992 876 1029 simul
900 992 1101 1029 nefandam
1129 992 1282 1035 caedem,
1306 991 1405 1027 mili-

293 1065 365 1100 teS,
392 1057 615 1105 transgressi
650 1069 813 1099 murum,
844 1057 1025 1106 oppidum
1051 1057 1264 1092 intrarunt:
1297 1054 1404 1104 cujus

295 1124 395 1174 capti
425 1121 629 1159 tumultum
666 1128 708 1158 ut
743 1134 790 1158 ex
818 1122 955 1172 pavido
985 1122 1149 1158 clamore
1177 1119 1406 1170 fugientium

294 1188 441 1238 accepit
466 1200 545 1230 rex,
574 1186 724 1237 trajecit
743 1186 844 1223 ferro
873 1192 1018 1237 pectus,
1042 1199 1091 1222 ne
1119 1187 1223 1222 vivus
1254 1197 1406 1235 capere-

295 1259 380 1288 tur:
413 1252 528 1287 ceteri
557 1251 672 1301 capti,
703 1256 768 1287 aut
793 1250 920 1287 occisi.
976 1249 1068 1286 Duo
1093 1250 1226 1286 deinde
1252 1249 1406 1299 oppida,

294 1315 437 1354 Mutila
455 1322 493 1351 et
511 1314 682 1358 Faveria,
704 1315 739 1351 vi
759 1321 869 1364 capta
890 1320 928 1350 et
947 1313 1081 1354 deleta.
1138 1313 1284 1356 Praeda,
1308 1319 1347 1349 ut
1366 1313 1406 1348 in

296 1386 408 1430 gente
428 1380 548 1429 inopi,
570 1391 634 1429 spe
653 1378 774 1429 major
793 1379 879 1422 fuit,
901 1384 939 1415 et
961 1378 1083 1414 omnis
1111 1378 1293 1414 militibus·
1314 1390 1406 1414 con-

296 1456 400 1480 cessa
420 1450 488 1480 cst.
545 1443 723 1491 Quinque
742 1442 861 1479 millia
885 1442 1052 1492 capitum
1072 1438 1250 1478 sexcenta
1271 1441 1406 1489 trigin-

294 1513 336 1547 ta
354 1508 430 1545 duo
456 1506 526 1543 sub
545 1519 687 1543 corona
716 1506 936 1542 venierunt:
970 1512 1143 1542 auctores
1172 1504 1262 1540 belli
1292 1505 1406 1552 virgis

103 1569 192 1600 lsfflfl
208 1578 262 1610 pa·
296 1572 397 1616 caesi,
419 1578 456 1609 et
483 1572 603 1608 seem-i
629 1571 808 1621 percussi.
865 1570 980 1606 Isti-ia
1003 1575 1085 1605 tota
1111 1570 1224 1604 trium
1245 1569 1405 1619 oppido-

103 1618 184 1643 cata.
296 1649 379 1673 rum
407 1635 555 1672 excidio
584 1641 622 1671 et
650 1641 773 1671 morte
802 1634 898 1683 regis
927 1639 1063 1684 pacata
1091 1639 1170 1669 est:
1203 1645 1408 1682 omnesque

296 1701 462 1749 undique
490 1699 637 1751 populi,
666 1698 861 1736 obsidibus
890 1699 1001 1741 datis,
1030 1698 1070 1734 in
1089 1698 1270 1733 ditionem
1295 1709 1406 1732 vene-

297 1771 397 1802 runt.
455 1764 533 1800 Sub
553 1764 679 1801 Istrici
698 1763 811 1800 finem
830 1762 919 1799 belli
946 1762 1043 1812 apud
1063 1761 1224 1810 Ligures
1246 1761 1407 1798 concilia

297 1829 342 1865 de
360 1827 461 1865 bello
480 1827 611 1864 haberi
632 1833 769 1877 coepta.

349 1891 445 1928 XII.
475 1891 535 1927 Ti.
566 1890 745 1927 Claudius
772 1887 989 1940 proconsul,
1020 1888 1084 1937 qui
1112 1894 1255 1939 praetor
1281 1890 1410 1940 priore

297 1968 398 1992 anno
417 1955 554 1998 fuerat,
575 1955 659 1991 cu'm
678 1954 853 2004 praesidio
875 1953 1036 2001 legionis
1057 1952 1166 1988 unius
1186 1952 1283 1989 Pisis
1310 1967 1406 2004 prae-

300 2027 402 2058 erat:
435 2019 541 2070 cujus
561 2020 679 2056 literis
704 2027 855 2057 senatus
885 2019 1023 2054 certior
1049 2017 1184 2061 factm,
1214 2031 1276 2055 eas
1306 2020 1406 2070 ipsas

298 2084 426 2120 literas
447 2085 493 2120 ad
509 2083 553 2120 C.
571 2083 769 2120 Claudium
786 2084 890 2131 (nam
903 2080 998 2118 alter
1013 2080 1145 2116 consul
1155 2080 1239 2130 jam
1258 2083 1296 2118 in
1318 2084 1406 2119 Sar-

300 2148 441 2184 diniam
459 2147 677 2198 trajecerat)
700 2147 918 2184 deferendas
945 2151 1095 2182 censet:
1129 2152 1166 2181 et
1192 2145 1323 2197 adjicit
1341 2147 1405 2184 de-

298 2219 466 2259 cretum3
497 2214 665 2262 quoniam
686 2213 796 2249 Istria
810 2213 1000 2261 provincia
1024 2209 1187 2259 confecta
1205 2216 1304 2254 esset,
1323 2213 1354 2248 si
1373 2214 1406 2248 ei

298 2278 490 2321 videretur,
511 2280 703 2315 exercitum
723 2278 925 2315 traduceret
946 2277 983 2313 in
1002 2275 1165 2324 Ligures.
1221 2275 1342 2314 Simul
1359 2288 1407 2314 ex
