<?xml version="1.0" encoding="UTF-8"?>
<!DOCTYPE html PUBLIC "-//W3C//DTD XHTML 1.0 Transitional//EN"
    "http://www.w3.org/TR/xhtml1/DTD/xhtml1-transitional.dtd">
<html xmlns="http://www.w3.org/1999/xhtml" xml:lang="en" lang="en">
 <head>
  <title>
</title>
<meta http-equiv="Content-Type" content="text/html;charset=utf-8" />
  <meta name='ocr-system' content='tesseract 3.04.00' />
  <meta name='ocr-capabilities' content='ocr_page ocr_carea ocr_par ocr_line ocrx_word'/>
</head>
<body>
  <div class='ocr_page' id='page_1' title='image "./historiarumquaes04livyuoft/historiarumquaes04livyuoft_0229.png"; bbox 0 0 1546 2648; ppageno 0'>
   <div class='ocr_carea' id='block_1_1' title="bbox 59 218 1164 249">
    <p class='ocr_par' dir='ltr' id='par_1_1' title="bbox 59 218 1164 249">
     <span class='ocr_line' id='line_1_1' title="bbox 59 218 1164 249; baseline 0 2399"><span class='ocrx_word' id='word_1_1' title='bbox 59 218 1164 249; x_wconf 95' lang='lat' dir='ltr'><em> </em></span> 
     </span>
    </p>
   </div>
   <div class='ocr_carea' id='block_1_2' title="bbox 222 402 1009 457">
    <p class='ocr_par' dir='ltr' id='par_1_2' title="bbox 222 402 1009 457">
     <span class='ocr_line' id='line_1_2' title="bbox 222 402 1009 457; baseline -0.004 0"><span class='ocrx_word' id='word_1_2' title='bbox 222 402 579 457; x_wconf 87' lang='lat' dir='ltr'><strong>EPITOME</strong></span> <span class='ocrx_word' id='word_1_3' title='bbox 625 405 848 454; x_wconf 90' lang='lat' dir='ltr'>LIBRI</span> <span class='ocrx_word' id='word_1_4' title='bbox 896 406 1009 455; x_wconf 90' lang='lat' dir='ltr'><em>XL.</em></span> 
     </span>
    </p>
   </div>
   <div class='ocr_carea' id='block_1_3' title="bbox 527 550 729 574">
    <p class='ocr_par' dir='ltr' id='par_1_3' title="bbox 527 550 729 574">
     <span class='ocr_line' id='line_1_3' title="bbox 527 550 729 574; baseline -0.005 -8"><span class='ocrx_word' id='word_1_5' title='bbox 527 550 729 574; x_wconf 47' lang='lat'><em>*-</em></span> 
     </span>
    </p>
   </div>
   <div class='ocr_carea' id='block_1_4' title="bbox 0 643 1178 2365">
    <p class='ocr_par' dir='ltr' id='par_1_4' title="bbox 139 643 1174 759">
     <span class='ocr_line' id='line_1_4' title="bbox 139 643 1172 694; baseline -0.002 -12"><span class='ocrx_word' id='word_1_6' title='bbox 139 646 257 684; x_wconf 89' lang='lat' dir='ltr'><em>UUM</em></span> <span class='ocrx_word' id='word_1_7' title='bbox 273 645 468 694; x_wconf 77' lang='lat' dir='ltr'><strong><em>Philippus</em></strong></span> <span class='ocrx_word' id='word_1_8' title='bbox 487 645 610 681; x_wconf 85' lang='lat' dir='ltr'><em>liberos</em></span> <span class='ocrx_word' id='word_1_9' title='bbox 624 656 759 686; x_wconf 84' lang='lat' dir='ltr'><em>eorum,</em></span> <span class='ocrx_word' id='word_1_10' title='bbox 780 655 865 692; x_wconf 87' lang='lat' dir='ltr'><em>quos</em></span> <span class='ocrx_word' id='word_1_11' title='bbox 883 643 1073 687; x_wconf 87' lang='lat' dir='ltr'><em>occiderat,</em></span> <span class='ocrx_word' id='word_1_12' title='bbox 1090 656 1172 680; x_wconf 74' lang='lat' dir='ltr'><em>con-</em></span> 
     </span>
     <span class='ocr_line' id='line_1_5' title="bbox 160 707 1174 759; baseline -0.003 -13"><span class='ocrx_word' id='word_1_13' title='bbox 160 711 254 759; x_wconf 88' lang='lat' dir='ltr'><em>quiri</em></span> <span class='ocrx_word' id='word_1_14' title='bbox 272 709 405 746; x_wconf 85' lang='lat' dir='ltr'><em>obsides</em></span> <span class='ocrx_word' id='word_1_15' title='bbox 422 707 597 755; x_wconf 82' lang='lat' dir='ltr'><em>jussisset,</em></span> <span class='ocrx_word' id='word_1_16' title='bbox 635 708 835 750; x_wconf 78' lang='lat' dir='ltr'><strong><em>Theoxena,</em></strong></span> <span class='ocrx_word' id='word_1_17' title='bbox 863 719 932 755; x_wconf 85' lang='lat' dir='ltr'><em>pro</em></span> <span class='ocrx_word' id='word_1_18' title='bbox 956 707 1072 744; x_wconf 86' lang='lat' dir='ltr'><em>liberis</em></span> <span class='ocrx_word' id='word_1_19' title='bbox 1103 709 1174 744; x_wconf 87' lang='lat' dir='ltr'><em>suis</em></span> 
     </span>
    </p>

    <p class='ocr_par' dir='ltr' id='par_1_5' title="bbox 0 771 1178 2365">
     <span class='ocr_line' id='line_1_6' title="bbox 62 771 1173 820; baseline -0.002 -10"><span class='ocrx_word' id='word_1_20' title='bbox 62 779 98 811; x_wconf 85' lang='lat' dir='ltr'><em>et</em></span> <span class='ocrx_word' id='word_1_21' title='bbox 113 775 243 810; x_wconf 86' lang='lat' dir='ltr'><em>sororis</em></span> <span class='ocrx_word' id='word_1_22' title='bbox 261 774 453 809; x_wconf 82' lang='lat' dir='ltr'><em>admodum</em></span> <span class='ocrx_word' id='word_1_23' title='bbox 480 773 603 820; x_wconf 82' lang='lat' dir='ltr'><em>pueris</em></span> <span class='ocrx_word' id='word_1_24' title='bbox 627 772 742 807; x_wconf 85' lang='lat' dir='ltr'><em>verita</em></span> <span class='ocrx_word' id='word_1_25' title='bbox 761 773 853 819; x_wconf 82' lang='lat' dir='ltr'><em>regis</em></span> <span class='ocrx_word' id='word_1_26' title='bbox 871 771 1068 813; x_wconf 71' lang='lat' dir='ltr'><em>libidinem,</em></span> <span class='ocrx_word' id='word_1_27' title='bbox 1086 783 1173 819; x_wconf 83' lang='lat' dir='ltr'><em>pro-</em></span> 
     </span>
     <span class='ocr_line' id='line_1_7' title="bbox 57 837 1173 884; baseline -0.003 -10"><span class='ocrx_word' id='word_1_28' title='bbox 57 839 148 875; x_wconf 85' lang='lat' dir='ltr'><em>&#39;latis</em></span> <span class='ocrx_word' id='word_1_29' title='bbox 161 839 199 873; x_wconf 83' lang='lat' dir='ltr'><em>in</em></span> <span class='ocrx_word' id='word_1_30' title='bbox 215 838 372 873; x_wconf 83' lang='lat' dir='ltr'><em>medium</em></span> <span class='ocrx_word' id='word_1_31' title='bbox 388 838 524 884; x_wconf 78' lang='lat' dir='ltr'><strong><em>gladiis</em></strong></span> <span class='ocrx_word' id='word_1_32' title='bbox 542 840 577 871; x_wconf 82' lang='lat' dir='ltr'><em>et</em></span> <span class='ocrx_word' id='word_1_33' title='bbox 588 837 734 884; x_wconf 83' lang='lat' dir='ltr'><em>poculo,</em></span> <span class='ocrx_word' id='word_1_34' title='bbox 751 837 789 871; x_wconf 86' lang='lat' dir='ltr'><em>in</em></span> <span class='ocrx_word' id='word_1_35' title='bbox 807 847 875 883; x_wconf 87' lang='lat' dir='ltr'><em>quo</em></span> <span class='ocrx_word' id='word_1_36' title='bbox 894 840 973 871; x_wconf 87' lang='lat' dir='ltr'><em>erat</em></span> <span class='ocrx_word' id='word_1_37' title='bbox 991 846 1173 879; x_wconf 84' lang='lat' dir='ltr'><em>venenum,</em></span> 
     </span>
     <span class='ocr_line' id='line_1_8' title="bbox 61 899 1174 948; baseline -0.002 -10"><span class='ocrx_word' id='word_1_38' title='bbox 61 902 173 938; x_wconf 79' lang='lat' dir='ltr'><em>suasit</em></span> <span class='ocrx_word' id='word_1_39' title='bbox 207 902 263 944; x_wconf 86' lang='lat' dir='ltr'><em>iis,</em></span> <span class='ocrx_word' id='word_1_40' title='bbox 295 906 337 937; x_wconf 86' lang='lat' dir='ltr'><em>ut</em></span> <span class='ocrx_word' id='word_1_41' title='bbox 372 902 546 936; x_wconf 77' lang='lat' dir='ltr'><em>inminens</em></span> <span class='ocrx_word' id='word_1_42' title='bbox 578 899 770 935; x_wconf 79' lang='lat' dir='ltr'><em>ludibrium</em></span> <span class='ocrx_word' id='word_1_43' title='bbox 803 904 916 934; x_wconf 85' lang='lat' dir='ltr'><em>morte</em></span> <span class='ocrx_word' id='word_1_44' title='bbox 951 900 1147 948; x_wconf 77' lang='lat' dir='ltr'><em>effugerent</em></span> <span class='ocrx_word' id='word_1_45' title='bbox 1161 915 1174 936; x_wconf 83' lang='lat'><em>.-</em></span> 
     </span>
     <span class='ocr_line' id='line_1_9' title="bbox 63 966 1175 1016; baseline -0.002 -13"><span class='ocrx_word' id='word_1_46' title='bbox 63 967 158 1016; x_wconf 86' lang='lat' dir='ltr'><em>quod</em></span> <span class='ocrx_word' id='word_1_47' title='bbox 172 979 252 1003; x_wconf 86' lang='lat' dir='ltr'><em>cum</em></span> <span class='ocrx_word' id='word_1_48' title='bbox 267 967 510 1014; x_wconf 79' lang='lat' dir='ltr'><em>persuasisset,</em></span> <span class='ocrx_word' id='word_1_49' title='bbox 532 966 610 1013; x_wconf 84' lang='lat' dir='ltr'><em>ipsa</em></span> <span class='ocrx_word' id='word_1_50' title='bbox 626 977 664 1000; x_wconf 90' lang='lat' dir='ltr'><em>se</em></span> <span class='ocrx_word' id='word_1_51' title='bbox 681 977 758 1000; x_wconf 89' lang='lat' dir='ltr'><em>cum</em></span> <span class='ocrx_word' id='word_1_52' title='bbox 780 966 856 1000; x_wconf 87' lang='lat' dir='ltr'><em>viro</em></span> <span class='ocrx_word' id='word_1_53' title='bbox 876 976 894 1000; x_wconf 90' lang='lat' dir='ltr'><em>e</em></span> <span class='ocrx_word' id='word_1_54' title='bbox 915 966 1000 1000; x_wconf 81' lang='lat' dir='ltr'><em>navi</em></span> <span class='ocrx_word' id='word_1_55' title='bbox 1019 966 1056 1000; x_wconf 87' lang='lat' dir='ltr'><em>in</em></span> <span class='ocrx_word' id='word_1_56' title='bbox 1074 977 1175 1001; x_wconf 85' lang='lat' dir='ltr'><em>mare</em></span> 
     </span>
     <span class='ocr_line' id='line_1_10' title="bbox 59 1029 1178 1080; baseline -0.003 -12"><span class='ocrx_word' id='word_1_57' title='bbox 59 1032 314 1080; x_wconf 64' lang='lat' dir='ltr'><em>praecipitavit.</em></span> <span class='ocrx_word' id='word_1_58' title='bbox 372 1030 581 1066; x_wconf 86' lang='lat' dir='ltr'><em>Certamina</em></span> <span class='ocrx_word' id='word_1_59' title='bbox 622 1031 717 1066; x_wconf 80' lang='lat' dir='ltr'><em>inter</em></span> <span class='ocrx_word' id='word_1_60' title='bbox 750 1029 916 1078; x_wconf 73' lang='lat' dir='ltr'><em>Philippi</em></span> <span class='ocrx_word' id='word_1_61' title='bbox 951 1030 1178 1066; x_wconf 83' lang='lat' dir='ltr'><em>Macedonioe</em></span> 
     </span>
     <span class='ocr_line' id='line_1_11' title="bbox 60 1093 1177 1143; baseline -0.002 -12"><span class='ocrx_word' id='word_1_62' title='bbox 60 1096 154 1142; x_wconf 82' lang='lat' dir='ltr'><em>regis</em></span> <span class='ocrx_word' id='word_1_63' title='bbox 183 1094 309 1131; x_wconf 90' lang='lat' dir='ltr'><em>liberos</em></span> <span class='ocrx_word' id='word_1_64' title='bbox 339 1094 470 1130; x_wconf 82' lang='lat' dir='ltr'><em>Persen</em></span> <span class='ocrx_word' id='word_1_65' title='bbox 488 1098 524 1129; x_wconf 89' lang='lat' dir='ltr'><em>et</em></span> <span class='ocrx_word' id='word_1_66' title='bbox 552 1094 782 1130; x_wconf 81' lang='lat' dir='ltr'><em>Demetrium</em></span> <span class='ocrx_word' id='word_1_67' title='bbox 809 1093 1019 1143; x_wconf 79' lang='lat' dir='ltr'><em>referuntur</em></span> <span class='ocrx_word' id='word_1_68' title='bbox 1033 1110 1045 1130; x_wconf 83' lang='lat'><em>.·</em></span> <span class='ocrx_word' id='word_1_69' title='bbox 1073 1099 1108 1130; x_wconf 84' lang='lat' dir='ltr'><em>et</em></span> <span class='ocrx_word' id='word_1_70' title='bbox 1135 1098 1177 1130; x_wconf 81' lang='lat' dir='ltr'><em>ut</em></span> 
     </span>
     <span class='ocr_line' id='line_1_12' title="bbox 52 1157 1177 1207; baseline -0.001 -13"><span class='ocrx_word' id='word_1_71' title='bbox 52 1157 193 1207; x_wconf 80' lang='lat' dir='ltr'><em>fraude</em></span> <span class='ocrx_word' id='word_1_72' title='bbox 200 1157 338 1206; x_wconf 85' lang='lat' dir='ltr'><em>fratris</em></span> <span class='ocrx_word' id='word_1_73' title='bbox 354 1158 410 1193; x_wconf 88' lang='lat' dir='ltr'><em>sui</em></span> <span class='ocrx_word' id='word_1_74' title='bbox 428 1158 638 1193; x_wconf 87' lang='lat' dir='ltr'><em>Demetrius</em></span> <span class='ocrx_word' id='word_1_75' title='bbox 657 1158 813 1206; x_wconf 85' lang='lat' dir='ltr'><em>confictis</em></span> <span class='ocrx_word' id='word_1_76' title='bbox 842 1158 1058 1200; x_wconf 83' lang='lat' dir='ltr'><em>criminibus,</em></span> <span class='ocrx_word' id='word_1_77' title='bbox 1082 1159 1177 1194; x_wconf 82' lang='lat' dir='ltr'><em>inter</em></span> 
     </span>
     <span class='ocr_line' id='line_1_13' title="bbox 62 1220 1177 1270; baseline 0 -13"><span class='ocrx_word' id='word_1_78' title='bbox 62 1233 141 1270; x_wconf 82' lang='lat' dir='ltr'><em>quoe</em></span> <span class='ocrx_word' id='word_1_79' title='bbox 156 1222 381 1258; x_wconf 79' lang='lat' dir='ltr'><em>accusatione</em></span> <span class='ocrx_word' id='word_1_80' title='bbox 396 1222 588 1269; x_wconf 85' lang='lat' dir='ltr'><em>parricidii</em></span> <span class='ocrx_word' id='word_1_81' title='bbox 606 1225 642 1257; x_wconf 88' lang='lat' dir='ltr'><em>et</em></span> <span class='ocrx_word' id='word_1_82' title='bbox 669 1220 849 1269; x_wconf 71' lang='lat' dir='ltr'><em>adfectati</em></span> <span class='ocrx_word' id='word_1_83' title='bbox 875 1223 990 1269; x_wconf 77' lang='lat' dir='ltr'><em>regni,</em></span> <span class='ocrx_word' id='word_1_84' title='bbox 1017 1223 1177 1270; x_wconf 85' lang='lat' dir='ltr'><em>primum</em></span> 
     </span>
     <span class='ocr_line' id='line_1_14' title="bbox 0 1285 1174 1336; baseline 0 -14"><span class='ocrx_word' id='word_1_85' title='bbox 0 1330 1 1336; x_wconf 10' lang='grc' dir='ltr'>ἵ</span> <span class='ocrx_word' id='word_1_86' title='bbox 59 1287 206 1334; x_wconf 86' lang='lat' dir='ltr'><em>petitus,</em></span> <span class='ocrx_word' id='word_1_87' title='bbox 236 1286 286 1321; x_wconf 86' lang='lat' dir='ltr'><em>ad</em></span> <span class='ocrx_word' id='word_1_88' title='bbox 312 1285 495 1328; x_wconf 86' lang='lat' dir='ltr'><em>ultimum,</em></span> <span class='ocrx_word' id='word_1_89' title='bbox 525 1287 694 1333; x_wconf 83' lang='lat' dir='ltr'><em>quon-iam</em></span> <span class='ocrx_word' id='word_1_90' title='bbox 707 1286 835 1334; x_wconf 81' lang='lat' dir='ltr'><em>populi</em></span> <span class='ocrx_word' id='word_1_91' title='bbox 855 1285 1013 1321; x_wconf 81' lang='lat' dir='ltr'><em>Romani</em></span> <span class='ocrx_word' id='word_1_92' title='bbox 1037 1287 1174 1322; x_wconf 83' lang='lat' dir='ltr'><em>amicus</em></span> 
     </span>
     <span class='ocr_line' id='line_1_15' title="bbox 0 1340 1172 1398; baseline -0.001 -11"><span class='ocrx_word' id='word_1_93' title='bbox 0 1340 1 1346; x_wconf 11' lang='grc' dir='ltr'>ἵ</span> <span class='ocrx_word' id='word_1_94' title='bbox 59 1354 153 1392; x_wconf 68' lang='lat' dir='ltr'><em>erat,</em></span> <span class='ocrx_word' id='word_1_95' title='bbox 173 1361 305 1386; x_wconf 82' lang='lat' dir='ltr'><em>veneno</em></span> <span class='ocrx_word' id='word_1_96' title='bbox 321 1354 468 1385; x_wconf 79' lang='lat' dir='ltr'><em>necatus</em></span> <span class='ocrx_word' id='word_1_97' title='bbox 492 1354 544 1385; x_wconf 84' lang='lat' dir='ltr'><em>est</em></span> <span class='ocrx_word' id='word_1_98' title='bbox 555 1366 570 1394; x_wconf 89' lang='lat'><em>,·</em></span> <span class='ocrx_word' id='word_1_99' title='bbox 597 1361 814 1398; x_wconf 81' lang='lat' dir='ltr'><em>regnumque</em></span> <span class='ocrx_word' id='word_1_100' title='bbox 833 1349 1058 1386; x_wconf 64' lang='lat' dir='ltr'><em>Macedonia?</em></span> <span class='ocrx_word' id='word_1_101' title='bbox 1075 1363 1172 1386; x_wconf 75' lang='lat' dir='ltr'><em>mor-</em></span> 
     </span>
     <span class='ocr_line' id='line_1_16' title="bbox 63 1414 1172 1462; baseline 0 -11"><span class='ocrx_word' id='word_1_102' title='bbox 63 1419 123 1451; x_wconf 71' lang='lat' dir='ltr'><em>tuo</em></span> <span class='ocrx_word' id='word_1_103' title='bbox 143 1414 317 1462; x_wconf 82' lang='lat' dir='ltr'><em>Philippo</em></span> <span class='ocrx_word' id='word_1_104' title='bbox 337 1414 387 1450; x_wconf 87' lang='lat' dir='ltr'><em>ad</em></span> <span class='ocrx_word' id='word_1_105' title='bbox 415 1414 547 1450; x_wconf 85' lang='lat' dir='ltr'><em>Persen</em></span> <span class='ocrx_word' id='word_1_106' title='bbox 574 1415 724 1450; x_wconf 84' lang='lat' dir='ltr'><em>devenit.</em></span> <span class='ocrx_word' id='word_1_107' title='bbox 783 1414 876 1449; x_wconf 83' lang='lat' dir='ltr'><em>Item</em></span> <span class='ocrx_word' id='word_1_108' title='bbox 893 1426 949 1450; x_wconf 81' lang='lat' dir='ltr'><em>res</em></span> <span class='ocrx_word' id='word_1_109' title='bbox 967 1415 1005 1450; x_wconf 87' lang='lat' dir='ltr'><em>in</em></span> <span class='ocrx_word' id='word_1_110' title='bbox 1024 1414 1172 1462; x_wconf 81' lang='lat' dir='ltr'><em>Liguri-</em></span> 
     </span>
     <span class='ocr_line' id='line_1_17' title="bbox 61 1478 1171 1528; baseline 0.001 -13"><span class='ocrx_word' id='word_1_111' title='bbox 61 1479 123 1515; x_wconf 86' lang='lat' dir='ltr'><em>bus</em></span> <span class='ocrx_word' id='word_1_112' title='bbox 139 1483 174 1515; x_wconf 80' lang='lat' dir='ltr'><em>et</em></span> <span class='ocrx_word' id='word_1_113' title='bbox 192 1480 229 1515; x_wconf 80' lang='lat' dir='ltr'><em>in</em></span> <span class='ocrx_word' id='word_1_114' title='bbox 246 1479 430 1528; x_wconf 79' lang='lat' dir='ltr'><em>Hispania</em></span> <span class='ocrx_word' id='word_1_115' title='bbox 448 1484 573 1515; x_wconf 85' lang='lat' dir='ltr'><em>contra</em></span> <span class='ocrx_word' id='word_1_116' title='bbox 595 1478 788 1515; x_wconf 82' lang='lat' dir='ltr'><em>Celtiberos</em></span> <span class='ocrx_word' id='word_1_117' title='bbox 806 1491 829 1513; x_wconf 89' lang='lat' dir='ltr'><em>a</em></span> <span class='ocrx_word' id='word_1_118' title='bbox 854 1479 1091 1527; x_wconf 77' lang='lat' dir='ltr'><em>compluribus</em></span> <span class='ocrx_word' id='word_1_119' title='bbox 1107 1479 1171 1528; x_wconf 84' lang='lat' dir='ltr'><em>fe-</em></span> 
     </span>
     <span class='ocr_line' id='line_1_18' title="bbox 64 1543 1172 1591; baseline 0 -11"><span class='ocrx_word' id='word_1_120' title='bbox 64 1544 182 1580; x_wconf 84' lang='lat' dir='ltr'><em>liciter</em></span> <span class='ocrx_word' id='word_1_121' title='bbox 196 1548 315 1591; x_wconf 86' lang='lat' dir='ltr'><em>gestas</em></span> <span class='ocrx_word' id='word_1_122' title='bbox 337 1545 502 1579; x_wconf 82' lang='lat' dir='ltr'><em>continet.</em></span> <span class='ocrx_word' id='word_1_123' title='bbox 558 1543 661 1580; x_wconf 89' lang='lat' dir='ltr'><em>Libri</em></span> <span class='ocrx_word' id='word_1_124' title='bbox 687 1543 817 1578; x_wconf 85' lang='lat' dir='ltr'><em>Numae</em></span> <span class='ocrx_word' id='word_1_125' title='bbox 835 1543 1011 1590; x_wconf 83' lang='lat' dir='ltr'><em>Pompilii</em></span> <span class='ocrx_word' id='word_1_126' title='bbox 1029 1544 1066 1579; x_wconf 83' lang='lat' dir='ltr'><em>in</em></span> <span class='ocrx_word' id='word_1_127' title='bbox 1084 1556 1172 1591; x_wconf 85' lang='lat' dir='ltr'><em>agro</em></span> 
     </span>
     <span class='ocr_line' id='line_1_19' title="bbox 65 1606 1175 1655; baseline 0.002 -13"><span class='ocrx_word' id='word_1_128' title='bbox 65 1606 110 1642; x_wconf 90' lang='lat' dir='ltr'><em>L.</em></span> <span class='ocrx_word' id='word_1_129' title='bbox 131 1606 273 1642; x_wconf 81' lang='lat' dir='ltr'><em>Petillii</em></span> <span class='ocrx_word' id='word_1_130' title='bbox 294 1606 416 1642; x_wconf 82' lang='lat' dir='ltr'><em>scribae</em></span> <span class='ocrx_word' id='word_1_131' title='bbox 438 1606 499 1643; x_wconf 88' lang='lat' dir='ltr'><em>sub</em></span> <span class='ocrx_word' id='word_1_132' title='bbox 525 1606 698 1652; x_wconf 73' lang='lat' dir='ltr'><em>Jauiculo</em></span> <span class='ocrx_word' id='word_1_133' title='bbox 727 1619 751 1641; x_wconf 93' lang='lat' dir='ltr'><em>a</em></span> <span class='ocrx_word' id='word_1_134' title='bbox 782 1606 977 1642; x_wconf 79' lang='lat' dir='ltr'><em>cultoribus</em></span> <span class='ocrx_word' id='word_1_135' title='bbox 1008 1609 1102 1655; x_wconf 79' lang='lat' dir='ltr'><em>agri,</em></span> <span class='ocrx_word' id='word_1_136' title='bbox 1135 1610 1175 1644; x_wconf 78' lang='lat' dir='ltr'><em>in</em></span> 
     </span>
     <span class='ocr_line' id='line_1_20' title="bbox 63 1670 1172 1718; baseline 0.002 -12"><span class='ocrx_word' id='word_1_137' title='bbox 63 1682 151 1715; x_wconf 73' lang='lat' dir='ltr'><em>arca</em></span> <span class='ocrx_word' id='word_1_138' title='bbox 179 1671 326 1718; x_wconf 82' lang='lat' dir='ltr'><em>lapidea</em></span> <span class='ocrx_word' id='word_1_139' title='bbox 350 1672 480 1714; x_wconf 76' lang='lat' dir='ltr'><em>clausi,</em></span> <span class='ocrx_word' id='word_1_140' title='bbox 500 1676 536 1707; x_wconf 89' lang='lat' dir='ltr'><em>et</em></span> <span class='ocrx_word' id='word_1_141' title='bbox 558 1671 675 1707; x_wconf 83' lang='lat' dir='ltr'><em>Graeci</em></span> <span class='ocrx_word' id='word_1_142' title='bbox 695 1676 730 1707; x_wconf 87' lang='lat' dir='ltr'><em>et</em></span> <span class='ocrx_word' id='word_1_143' title='bbox 749 1670 890 1714; x_wconf 81' lang='lat' dir='ltr'><em>Latini,</em></span> <span class='ocrx_word' id='word_1_144' title='bbox 913 1672 1047 1707; x_wconf 80' lang='lat' dir='ltr'><em>inventi</em></span> <span class='ocrx_word' id='word_1_145' title='bbox 1063 1677 1172 1716; x_wconf 81' lang='lat' dir='ltr'><em>sunt,-</em></span> 
     </span>
     <span class='ocr_line' id='line_1_21' title="bbox 61 1734 1171 1785; baseline 0.001 -14"><span class='ocrx_word' id='word_1_146' title='bbox 61 1737 101 1771; x_wconf 78' lang='lat' dir='ltr'><em>in</em></span> <span class='ocrx_word' id='word_1_147' title='bbox 118 1735 243 1782; x_wconf 84' lang='lat' dir='ltr'><em>quibus</em></span> <span class='ocrx_word' id='word_1_148' title='bbox 260 1747 368 1784; x_wconf 84' lang='lat' dir='ltr'><em>quum</em></span> <span class='ocrx_word' id='word_1_149' title='bbox 382 1735 508 1785; x_wconf 82' lang='lat' dir='ltr'><em>plura,</em></span> <span class='ocrx_word' id='word_1_150' title='bbox 525 1747 602 1783; x_wconf 85' lang='lat' dir='ltr'><em>quae</em></span> <span class='ocrx_word' id='word_1_151' title='bbox 620 1734 925 1773; x_wconf 81' lang='lat' dir='ltr'><em>dissolvendarum</em></span> <span class='ocrx_word' id='word_1_152' title='bbox 942 1736 1171 1783; x_wconf 75' lang='lat' dir='ltr'><em>religionum,</em></span> 
     </span>
     <span class='ocr_line' id='line_1_22' title="bbox 59 1797 1169 1847; baseline 0.002 -13"><span class='ocrx_word' id='word_1_153' title='bbox 59 1803 206 1847; x_wconf 68' lang='lat' dir='ltr'><em>praetor,</em></span> <span class='ocrx_word' id='word_1_154' title='bbox 227 1800 276 1834; x_wconf 84' lang='lat' dir='ltr'><em>ad</em></span> <span class='ocrx_word' id='word_1_155' title='bbox 294 1811 396 1846; x_wconf 85' lang='lat' dir='ltr'><em>quem</em></span> <span class='ocrx_word' id='word_1_156' title='bbox 410 1799 525 1835; x_wconf 83' lang='lat' dir='ltr'><em>delati</em></span> <span class='ocrx_word' id='word_1_157' title='bbox 551 1803 668 1841; x_wconf 84' lang='lat' dir='ltr'><em>erant,</em></span> <span class='ocrx_word' id='word_1_158' title='bbox 686 1799 836 1846; x_wconf 84' lang='lat' dir='ltr'><em>legisset,</em></span> <span class='ocrx_word' id='word_1_159' title='bbox 848 1797 991 1844; x_wconf 82' lang='lat' dir='ltr'><em>juravit</em></span> <span class='ocrx_word' id='word_1_160' title='bbox 1014 1802 1169 1844; x_wconf 78' lang='lat' dir='ltr'><em>senatui,</em></span> 
     </span>
     <span class='ocr_line' id='line_1_23' title="bbox 60 1862 1172 1913; baseline 0.003 -15"><span class='ocrx_word' id='word_1_161' title='bbox 60 1867 189 1898; x_wconf 73' lang='lat' dir='ltr'><em>contra</em></span> <span class='ocrx_word' id='word_1_162' title='bbox 205 1862 462 1910; x_wconf 81' lang='lat' dir='ltr'><em>rempublicam</em></span> <span class='ocrx_word' id='word_1_163' title='bbox 480 1874 563 1906; x_wconf 71' lang='lat' dir='ltr'><em>esse,</em></span> <span class='ocrx_word' id='word_1_164' title='bbox 581 1867 623 1899; x_wconf 88' lang='lat' dir='ltr'><em>ut</em></span> <span class='ocrx_word' id='word_1_165' title='bbox 641 1863 842 1910; x_wconf 84' lang='lat' dir='ltr'><em>legerentur</em></span> <span class='ocrx_word' id='word_1_166' title='bbox 858 1868 1172 1913; x_wconf 84' lang='lat' dir='ltr'><em>servarenturque:</em></span> 
     </span>
     <span class='ocr_line' id='line_1_24' title="bbox 61 1927 1174 1965; baseline 0.003 -3"><span class='ocrx_word' id='word_1_167' title='bbox 61 1930 98 1962; x_wconf 79' lang='lat' dir='ltr'><em>et</em></span> <span class='ocrx_word' id='word_1_168' title='bbox 117 1939 158 1962; x_wconf 81' lang='lat' dir='ltr'><em>ex</em></span> <span class='ocrx_word' id='word_1_169' title='bbox 175 1928 477 1963; x_wconf 82' lang='lat' dir='ltr'><em>senatusconsulto</em></span> <span class='ocrx_word' id='word_1_170' title='bbox 505 1928 543 1963; x_wconf 75' lang='lat' dir='ltr'><em>in</em></span> <span class='ocrx_word' id='word_1_171' title='bbox 565 1927 719 1964; x_wconf 85' lang='lat' dir='ltr'><em>Comitio</em></span> <span class='ocrx_word' id='word_1_172' title='bbox 743 1928 857 1963; x_wconf 82' lang='lat' dir='ltr'><em>exusti</em></span> <span class='ocrx_word' id='word_1_173' title='bbox 874 1932 968 1964; x_wconf 80' lang='lat' dir='ltr'><em>suut.</em></span> <span class='ocrx_word' id='word_1_174' title='bbox 1025 1928 1174 1965; x_wconf 83' lang='lat' dir='ltr'><em>Colonia</em></span> 
     </span>
     <span class='ocr_line' id='line_1_25' title="bbox 64 1991 1173 2040; baseline 0.002 -13"><span class='ocrx_word' id='word_1_175' title='bbox 64 1992 233 2039; x_wconf 78' lang='lat' dir='ltr'><em>Aquileia</em></span> <span class='ocrx_word' id='word_1_176' title='bbox 247 1992 402 2028; x_wconf 83' lang='lat' dir='ltr'><em>deducta</em></span> <span class='ocrx_word' id='word_1_177' title='bbox 415 1998 479 2028; x_wconf 83' lang='lat' dir='ltr'><em>est.</em></span> <span class='ocrx_word' id='word_1_178' title='bbox 511 1991 719 2040; x_wconf 74' lang='lat' dir='ltr'><em>Philippus,</em></span> <span class='ocrx_word' id='word_1_179' title='bbox 734 1993 945 2039; x_wconf 70' lang='lat' dir='ltr'><em>oegritzidi‘ne</em></span> <span class='ocrx_word' id='word_1_180' title='bbox 961 1994 1075 2029; x_wconf 82' lang='lat' dir='ltr'><em>animi</em></span> <span class='ocrx_word' id='word_1_181' title='bbox 1089 2006 1173 2030; x_wconf 80' lang='lat' dir='ltr'><em>con.-</em></span> 
     </span>
     <span class='ocr_line' id='line_1_26' title="bbox 54 2054 1174 2106; baseline 0.003 -16"><span class='ocrx_word' id='word_1_182' title='bbox 54 2054 191 2104; x_wconf 76' lang='lat' dir='ltr'><em>fectus,</em></span> <span class='ocrx_word' id='word_1_183' title='bbox 217 2057 311 2104; x_wconf 76' lang='lat' dir='ltr'><em>quod</em></span> <span class='ocrx_word' id='word_1_184' title='bbox 338 2057 568 2093; x_wconf 81' lang='lat' dir='ltr'><em>Demetrium</em></span> <span class='ocrx_word' id='word_1_185' title='bbox 582 2057 721 2106; x_wconf 84' lang='lat' dir='ltr'><em>filium,</em></span> <span class='ocrx_word' id='word_1_186' title='bbox 738 2055 852 2105; x_wconf 87' lang='lat' dir='ltr'><em>falsis</em></span> <span class='ocrx_word' id='word_1_187' title='bbox 879 2057 1001 2094; x_wconf 84' lang='lat' dir='ltr'><em>Persei</em></span> <span class='ocrx_word' id='word_1_188' title='bbox 1025 2059 1174 2094; x_wconf 83' lang='lat' dir='ltr'><em>alterius</em></span> 
     </span>
     <span class='ocr_line' id='line_1_27' title="bbox 54 2117 1174 2170; baseline 0.005 -18"><span class='ocrx_word' id='word_1_189' title='bbox 54 2117 131 2166; x_wconf 80' lang='lat' dir='ltr'><em>filii</em></span> <span class='ocrx_word' id='word_1_190' title='bbox 150 2118 383 2156; x_wconf 74' lang='lat' dir='ltr'><em>delationibus</em></span> <span class='ocrx_word' id='word_1_191' title='bbox 396 2121 572 2169; x_wconf 77' lang='lat' dir='ltr'><em>inpulsus,</em></span> <span class='ocrx_word' id='word_1_192' title='bbox 588 2132 718 2157; x_wconf 78' lang='lat' dir='ltr'><em>veneno</em></span> <span class='ocrx_word' id='word_1_193' title='bbox 731 2122 939 2164; x_wconf 75' lang='lat' dir='ltr'><em>sustulisset,</em></span> <span class='ocrx_word' id='word_1_194' title='bbox 960 2122 1054 2158; x_wconf 82' lang='lat' dir='ltr'><em>etde</em></span> <span class='ocrx_word' id='word_1_195' title='bbox 1067 2135 1174 2170; x_wconf 79' lang='lat' dir='ltr'><em>poma</em></span> 
     </span>
     <span class='ocr_line' id='line_1_28' title="bbox 67 2180 1174 2233; baseline 0.004 -16"><span class='ocrx_word' id='word_1_196' title='bbox 67 2180 189 2217; x_wconf 84' lang='lat' dir='ltr'><em>Persei</em></span> <span class='ocrx_word' id='word_1_197' title='bbox 216 2182 400 2228; x_wconf 78' lang='lat' dir='ltr'><em>cogitavit,</em></span> <span class='ocrx_word' id='word_1_198' title='bbox 424 2184 608 2233; x_wconf 87' lang='lat' dir='ltr'><em>voluitque</em></span> <span class='ocrx_word' id='word_1_199' title='bbox 626 2184 845 2231; x_wconf 83' lang='lat' dir='ltr'><em>Antigonum</em></span> <span class='ocrx_word' id='word_1_200' title='bbox 869 2187 992 2233; x_wconf 81' lang='lat' dir='ltr'><em>potius</em></span> <span class='ocrx_word' id='word_1_201' title='bbox 1018 2187 1174 2222; x_wconf 84' lang='lat' dir='ltr'><em>amicum</em></span> 
     </span>
     <span class='ocr_line' id='line_1_29' title="bbox 28 2249 1175 2305; baseline 0.006 -26"><span class='ocrx_word' id='word_1_202' title='bbox 28 2291 42 2305; x_wconf 80' lang='lat'><em>.</em></span> <span class='ocrx_word' id='word_1_203' title='bbox 66 2255 169 2281; x_wconf 71' lang='lat' dir='ltr'><em>suum</em></span> <span class='ocrx_word' id='word_1_204' title='bbox 198 2257 427 2284; x_wconf 84' lang='lat' dir='ltr'><em>successorem</em></span> <span class='ocrx_word' id='word_1_205' title='bbox 457 2249 559 2296; x_wconf 75' lang='lat' dir='ltr'><em>regni</em></span> <span class='ocrx_word' id='word_1_206' title='bbox 590 2250 646 2285; x_wconf 86' lang='lat' dir='ltr'><em>sui</em></span> <span class='ocrx_word' id='word_1_207' title='bbox 670 2249 881 2298; x_wconf 80' lang='lat' dir='ltr'><em>relinquere.</em></span> <span class='ocrx_word' id='word_1_208' title='bbox 938 2249 1011 2286; x_wconf 89' lang='lat' dir='ltr'><em>Sed</em></span> <span class='ocrx_word' id='word_1_209' title='bbox 1039 2251 1077 2286; x_wconf 80' lang='lat' dir='ltr'><em>in</em></span> <span class='ocrx_word' id='word_1_210' title='bbox 1106 2250 1175 2286; x_wconf 80' lang='lat' dir='ltr'><em>hac</em></span> 
     </span>
     <span class='ocr_line' id='line_1_30' title="bbox 38 2312 1157 2365; baseline 0.007 -20"><span class='ocrx_word' id='word_1_211' title='bbox 38 2320 41 2321; x_wconf 49' lang='lat'><em>⁷</em></span> <span class='ocrx_word' id='word_1_212' title='bbox 69 2312 282 2358; x_wconf 71' lang='lat' dir='ltr'><em>cogitatione</em></span> <span class='ocrx_word' id='word_1_213' title='bbox 299 2317 411 2349; x_wconf 81' lang='lat' dir='ltr'><em>morte</em></span> <span class='ocrx_word' id='word_1_214' title='bbox 428 2318 554 2362; x_wconf 84' lang='lat' dir='ltr'><em>raptus</em></span> <span class='ocrx_word' id='word_1_215' title='bbox 571 2319 648 2350; x_wconf 82' lang='lat' dir='ltr'><em>est:</em></span> <span class='ocrx_word' id='word_1_216' title='bbox 676 2326 823 2363; x_wconf 82' lang='lat' dir='ltr'><em>regnum</em></span> <span class='ocrx_word' id='word_1_217' title='bbox 844 2316 994 2353; x_wconf 81' lang='lat' dir='ltr'><em>Perseus</em></span> <span class='ocrx_word' id='word_1_218' title='bbox 1011 2318 1157 2365; x_wconf 72' lang='lat' dir='ltr'><em>excepit.</em></span> 
     </span>
    </p>
   </div>
   <div class='ocr_carea' id='block_1_5' title="bbox 592 2377 668 2415">
    <p class='ocr_par' dir='ltr' id='par_1_6' title="bbox 592 2377 668 2415">
     <span class='ocr_line' id='line_1_31' title="bbox 592 2377 668 2415; baseline 0.013 -1"><span class='ocrx_word' id='word_1_219' title='bbox 592 2377 668 2415; x_wconf 81' lang='lat' dir='ltr'><em>L2</em></span> 
     </span>
    </p>
   </div>
   <div class='ocr_carea' id='block_1_6' title="bbox 1514 0 1546 862">
    <p class='ocr_par' dir='ltr' id='par_1_7' title="bbox 1514 0 1546 862">
     <span class='ocr_line' id='line_1_32' title="bbox 1514 0 1546 862; baseline 0 0"><span class='ocrx_word' id='word_1_220' title='bbox 1514 0 1546 862; x_wconf 95' lang='lat' dir='ltr'><em> </em></span> 
     </span>
    </p>
   </div>
  </div>
 </body>
</html>
