1546 2648
332 215 489 245 LIBER
511 213 641 250 X1411.
673 210 779 245 CAP.
804 212 972 242 xxvn.
1118 208 1204 257 347

92 315 295 354 Cicereius.
350 315 411 353 Ex
443 316 550 358 Asia,
577 315 640 365 qui
672 314 772 350 circa
803 312 925 348 socios
960 325 1067 362 reges
1097 313 1200 350 missi
1214 310 1256 342 U·
1272 310 1310 341 C·
1329 315 1402 342 ⁵⁸⁰·

90 387 212 421 erant,
232 378 347 427 legati
376 379 581 421 redierunt,
601 378 665 427 qui
694 376 980 419 renunciatum,
1006 378 1199 414 Eumenem
1214 353 1396 436 &galeam

89 443 128 478 in
145 454 201 485 ea,
223 442 439 480 Antiochum
465 445 504 480 in
523 443 645 490 Syria,
668 441 902 480 Ptolemceum
921 441 959 476 in
977 441 1201 479 Alemndria
1213 442 1289 470 Asia
1305 449 1352 470 re-

88 518 161 543 sese
178 508 384 544 convenisse.
443 508 569 546 Omnes
581 507 794 543 sollicitatos
813 505 1048 553 legationibus
1064 506 1200 549 Persei,
1213 485 1323 515 duces.

87 571 150 607 sed
181 574 319 619 egregie
355 574 391 608 in
415 573 495 621 fide
523 582 745 620 permanere,
781 571 1031 618 pollicitosque
1067 572 1201 614 omnia,

90 646 169 682 quae
182 637 340 683 populus
363 636 547 674 Romanus
575 637 795 683 imperasset,
814 639 1046 683 praestaturos
1059 651 1070 671 :
1097 639 1132 671 et
1151 636 1203 671 ci-

91 700 221 736 vitates
237 702 350 736 socias
368 702 508 737 adisse:
537 706 670 737 ceteras
686 702 773 737 satis
779 701 902 749 sid-‘1⁵³5
933 701 1025 737 solos
1045 700 1205 737 Rhodios

79 763 304 813 fluctuantes
321 770 356 802 et
375 766 511 801 inbutos
529 766 651 802 Persei
670 766 825 802 consiliis
845 766 1022 802 invenisse.
1078 763 1206 800 Vene-

94 834 180 863 rant
200 827 343 864 Rhodii
363 829 476 877 legati
499 830 544 865 ad
573 830 769 879 purganda
793 843 850 872 ea,
881 843 964 879 quae
982 828 1096 877 vulgo
1119 827 1205 878 jac-

94 890 165 926 tari
187 893 232 926 de
251 891 404 928 civitate
424 892 595 929 sciebant
613 907 620 927 :
654 901 820 929 ceterum
842 900 1014 929 senatum
1033 892 1078 928 iis
1108 891 1204 934 dari,

95 966 210 1002 quum
227 955 314 990 novi
332 955 503 992 consules
526 957 788 1005 magistratum
804 958 977 999 inissent,
996 956 1151 1006 placuit.

148 1018 323 1056 XXVII.
353 1020 451 1056 Belli
481 1021 704 1070 adparatum
733 1034 812 1057 uon
841 1021 1088 1057 differendum
1117 1033 1204 1057 cen·
1219 1023 1395 1071 Adparssms

95 1088 261 1118 suerunt.
320 1084 362 1119 C.
380 1083 531 1120 Licinio
552 1086 706 1133 praetori
735 1086 932 1134 negotium
953 1085 1078 1127 datur,
1098 1091 1141 1121 ut
1161 1097 1208 1122 ex
1220 1076 1254 1097 ¹¹¹
1268 1066 1389 1097 Persea'

96 1146 286 1183 veteribus
307 1148 653 1196 quinqueremibus,
674 1150 713 1184 in
741 1148 938 1185 navalibus
963 1147 1099 1185 Romae
1119 1148 1210 1185 sub-

99 1209 235 1252 ductis,
253 1223 335 1260 quae
364 1219 519 1261 possent
548 1213 631 1248 usui
660 1225 754 1255 esse,
781 1213 964 1256 reficeret,
985 1218 1210 1263 pararetque

97 1285 211 1309 naves
232 1275 520 1324 quinquaginta.
579 1277 618 1312 Si
648 1278 737 1326 quid
757 1278 804 1314 ad
823 1289 908 1314 eum
926 1290 1123 1314 numerum
1143 1290 1210 1314 ex·

96 1334 276 1385 piendum
308 1338 467 1382 deesset,
500 1340 542 1375 C.
559 1339 745 1376 Memmio
779 1341 933 1390 collegae
970 1341 1010 1376 in
1041 1340 1209 1377 Siciliam

97 1399 292 1445 scriberet,
313 1409 355 1438 ut
375 1415 451 1446 eas,
472 1416 555 1452 quae
574 1404 614 1440 in
638 1404 766 1440 Sicilia
784 1417 898 1441 naves
919 1411 1058 1448 essent,
1079 1404 1210 1441 refice-

97 1471 156 1500 ret
184 1471 297 1514 atque
323 1467 530 1516 expediret,
562 1474 604 1504 ut
631 1468 876 1505 Brundisium
906 1469 1030 1519 primo
1058 1480 1210 1518 quoque

98 1536 269 1579 tempore
287 1531 389 1567 mitti
407 1538 574 1581 possent.
633 1532 766 1569 Socios
786 1532 936 1570 navales
959 1533 1127 1569 libertini
1147 1545 1209 1568 or-

100 1593 197 1630 dinis
217 1595 255 1630 in
273 1596 406 1643 viginti
423 1603 461 1631 et
480 1597 646 1645 quinque
665 1609 778 1633 naves
799 1609 845 1634 ex
860 1596 1004 1633 civibus
1023 1595 1210 1633 Romanis

101 1656 144 1692 C.
164 1656 334 1694 Licinius
365 1665 504 1707 praetor
537 1660 700 1696 scribere
723 1660 878 1710 jussus:
908 1660 948 1696 in
981 1661 1147 1709 quinque
1173 1665 1212 1696 et

100 1721 233 1769 viginti
254 1734 381 1769 parem
410 1735 609 1760 numerum
638 1724 709 1761 Cn.
726 1725 888 1761 Sicinius
917 1724 1029 1760 sociis
1049 1725 1219 1775 impera·‘

100 1793 158 1822 ret
176 1800 184 1822 z
216 1786 314 1822 idem
335 1795 475 1836 praetor
499 1788 666 1837 peditum
685 1794 775 1824 octo
803 1787 936 1831 millia,
956 1787 1212 1836 quadringen-

100 1856 160 1887 tos
180 1850 324 1899 equites
344 1862 367 1886 a
385 1850 498 1886 sociis
516 1850 649 1887 Latini
673 1851 838 1887 nominis
858 1851 1038 1900 exigeret.
1094 1850 1211 1887 Hunc

101 1912 258 1951 militem
287 1914 352 1962 qui
379 1913 574 1951 Brundisii
602 1915 804 1965 acciperet,
827 1920 941 1964 atque
959 1915 999 1951 in
1026 1914 1211 1951 Macedo-

100 1977 203 2015 niam
232 1977 412 2020 mitteret,
432 1979 480 2014 A.
496 1978 637 2015 Atilius
657 1979 855 2021 Serranus,
877 1978 939 2028 qui
963 1978 1089 2027 priore
1108 1990 1210 2015 anno

101 2046 240 2090 praetor
259 2039 396 2083 fuerat,
413 2040 592 2089 deligitur
608 2057 615 2076 :
647 2042 716 2078 Cn.
731 2042 892 2078 Sicinius
908 2050 1049 2092 praetor
1067 2042 1131 2091 qui
1146 2055 1213 2079 ex-

101 2104 259 2141 ercitum
278 2111 453 2153 paratum
481 2105 535 2141 ad⁴
556 2105 822 2156 trajiciendum
844 2106 1013 2143 haberet.
1071 2106 1116 2144 C.
1135 2106 1213 2143 Po-

103 2164 209 2215 pillio
251 2167 399 2205 consuli
434 2181 480 2206 ex
526 2170 755 2208 auctoritate
791 2176 943 2206 senatus
977 2170 1020 2207 C.
1041 2169 1213 2206 Licinius

103 2234 244 2280 praetor
262 2231 406 2275 scribit,
429 2238 470 2268 ut
494 2239 533 2269 et
559 2232 750 2283 legionem
771 2234 989 2278 secundam,
1006 2247 1089 2283 quae
1106 2247 1214 2270 max-

102 2293 179 2336 ime
194 2300 372 2330 veterana
389 2295 430 2330 in
447 2295 654 2345 Liguribus
675 2304 770 2342 erat,
791 2305 829 2335 et
849 2299 973 2336 socios
993 2298 1125 2335 Latini
1143 2311 1214 2335 no-

101 2357 214 2398 minis
234 2365 398 2408 quatuor
415 2360 535 2399 millia
560 2361 746 2412 peditum,
767 2363 951 2401 ducentos
971 2364 1116 2412 equites
1135 2362 1212 2399 Idi=

613 2424 650 2464 Q
672 2425 694 2460 6
