1546 2648
110 276 202 307 U.C.
218 284 291 310 585.

112 321 149 375 A:
163 319 200 351 C.
221 326 290 357 167.

72 2077 163 2107 Redit
181 2078 271 2108 Paul-

70 2120 122 2150 ]us
140 2122 171 2150 in
188 2122 257 2151 Ma-

71 2166 250 2195 cedoniam.

300 177 387 221 514
734 181 782 210 τ.
806 182 938 212 mvn

304 268 455 317 quidem
471 274 508 305 et
523 268 622 320 ipsas
637 275 825 308 vetustate
836 271 962 316 famae,
978 271 1098 310 multa
1111 278 1238 309 tamen
1255 270 1411 307 visenda

303 333 486 370 habentes
505 347 513 368 ι
545 347 683 378 arcem,
704 342 850 386 portus,
870 349 997 373 muros
1017 337 1200 373 Piraeeum
1222 334 1409 385 urbijun-

304 404 451 447 gentes,
470 398 619 436 navalia
649 413 873 449 magnorum
899 402 1184 452 imperatorum,
1210 399 1411 436 simulacra

302 461 472 499 Deorum
497 463 782 514 hominumque,
804 466 908 502 omni
940 478 1078 516 genere
1109 472 1149 502 et
1179 464 1345 501 materiae
1371 469 1410 499 et

302 527 438 562 artium
459 527 634 576 insignia.

345 591 544 629 XXVIII.
571 591 764 628 Sacrificio
778 591 962 628 Minervae
977 592 1127 642 praesidi
1143 592 1238 629 arcis
1257 592 1297 628 in
1317 590 1409 628 urbe

301 655 405 692 facto
424 655 630 706 profectus,
649 655 876 692 Corinthum
896 655 1016 692 altero
1031 657 1091 693 die
1106 656 1300 707 pervenit:
1319 655 1407 691 urbs

300 725 381 756 erat
407 724 499 754 tunc
528 717 708 768 praeclara
733 724 822 754 ante
854 719 1064 756 excidium:
1096 732 1162 756 arx
1191 730 1341 768 quoque
1368 724 1407 754 et

297 782 465 820 Isthmus
485 782 679 833 praebuere
698 782 954 833 spectaculum
970 800 980 829 5
1013 797 1080 820 arx
1100 784 1198 820 inter
1220 783 1348 820 omnia
1367 782 1406 818 in

298 847 490 884 inmanem
509 846 747 883 altitudinem
767 847 881 890 edita,
909 855 1056 885 scatens
1075 848 1271 894 fontibus,
1302 847 1405 883 Isth-

298 924 381 948 mus
397 911 472 948 duo
487 910 620 954 maria,
637 910 684 946 ab
700 923 836 947 occasu
856 917 894 947 et
913 919 998 948 ortu
1016 911 1105 948 solis
1122 911 1294 954 finitima,
1311 911 1403 947 artis

296 975 469 1013 faucibus
489 975 678 1012 dirimens
737 976 937 1024 Sicyonem
953 976 1038 1012 inde
1057 983 1095 1012 et
1113 977 1240 1024 Argos
1256 974 1402 1011 nobiles

296 1039 407 1077 urbes
437 1039 539 1076 adit:
577 1039 664 1074 inde
695 1038 794 1074 haud
827 1051 955 1088 parem
984 1039 1119 1089 opibus
1152 1039 1402 1089 Epidaurum,

295 1104 359 1140 sed
376 1102 543 1140 inclitam
557 1102 769 1152 AEsculapii
790 1102 909 1139 nobili
925 1102 1067 1153 templo
1081 1119 1093 1148 3
1110 1103 1224 1152 quod,
1238 1103 1406 1152 quinque

293 1167 460 1205 millibus
479 1179 656 1218 passuum
677 1166 724 1202 ab
745 1166 836 1202 urbe
857 1166 1014 1210 distans,
1035 1180 1137 1204 nunc
1157 1167 1324 1216 vestigiis
1344 1179 1402 1203 re-

294 1232 484 1269 vulsorum
511 1231 712 1273 donorum,
740 1237 821 1266 tum
851 1231 959 1267 donis
978 1231 1080 1268 dives
1109 1239 1204 1275 erat,
1231 1245 1313 1280 quae
1342 1244 1401 1268 re·

291 1297 502 1334 mediorum
539 1295 760 1332 salutarium
797 1296 887 1343 aegri
921 1296 1130 1332 mercedem
1161 1303 1401 1333 sacraverant

290 1361 390 1400 Deo.
445 1361 539 1399 Inde
558 1360 872 1397 Lacedaemonem
892 1360 984 1403 adit,
1011 1372 1088 1396 non
1119 1373 1274 1411 operum
1295 1373 1400 1409 mag-

291 1427 498 1470 nificentia,
519 1425 584 1461 sed
597 1423 794 1474 disciplina
814 1424 1071 1473 institutisque
1088 1424 1368 1461 memorabilem
1387 1439 1396 1462 ς

291 1492 391 1528 unde
418 1481 484 1541 per
514 1488 790 1538 Megalopolim
811 1487 1026 1538 Olympiam
1057 1489 1263 1525 adscendit.
1323 1489 1398 1525 Ubi

291 1565 329 1595 et
346 1558 421 1595 alia
440 1557 590 1607 quidem
609 1555 813 1606 spectanda
833 1555 925 1597 visa,
952 1562 1004 1598 et,
1024 1555 1159 1590 Jovem
1180 1553 1283 1589 velut
1301 1565 1397 1603 prae-

290 1629 434 1659 sentem
467 1622 633 1663 intuens,
669 1626 794 1656 motus
832 1619 960 1655 animo
993 1624 1061 1656 est.
1120 1618 1267 1667 ltaque,
1297 1617 1397 1653 haud

289 1699 395 1724 secus
415 1699 525 1736 quam
547 1686 577 1721 si
599 1686 635 1720 in
657 1684 850 1734 Capitolio
878 1683 1127 1720 inmolaturus
1148 1691 1260 1725 esset,
1281 1683 1396 1718 sacri-

289 1752 416 1788 ficium
434 1750 593 1801 amplius
614 1748 728 1786 solito
747 1748 918 1798 adparari
931 1746 1061 1798 jussit.
1116 1747 1177 1783 lta
1196 1754 1395 1796 peragrata

289 1815 450 1856 Graecia,
473 1820 514 1849 ut
542 1813 638 1849 nihil
663 1825 808 1854 eorum,
839 1824 922 1859 quae
955 1811 1111 1859 quisquc
1139 1810 1265 1845 Persei
1293 1807 1394 1844 bello

287 1878 462 1929 privatim
482 1884 547 1913 aut
566 1875 715 1926 publice
741 1873 932 1916 sensisset,
962 1874 1181 1921 inquireret,
1212 1884 1260 1908 ne
1289 1871 1398 1921 cujus

284 1950 389 1980 metu
426 1941 646 1978 sollicitaret
684 1940 829 1975 animos
867 1939 1073 1980 sociorum,
1110 1935 1395 1973 Demetriadem

286 2020 400 2057 quum
420 2007 588 2047 revertit,
618 2005 655 2040 in
678 2004 812 2040 itinere
832 2002 1024 2039 sordidata
1043 2000 1154 2037 turba
1172 1999 1392 2036 AEtoloruru

286 2071 480 2115 obcurrit;
526 2069 754 2117 mirantique
783 2074 821 2103 et
848 2066 1124 2117 percunctanti,
1163 2063 1251 2113 quid
1281 2071 1395 2106 esset,

285 2136 463 2177 defertur,
484 2135 712 2183 quingentos
742 2133 1015 2180 quinquaginta
1041 2130 1227 2179 principes
1247 2127 1294 2164 ab
1317 2126 1393 2176 Ly-

288 2203 390 2238 cisco
408 2206 446 2236 ct
463 2197 637 2247 Tisippo,
658 2197 905 2233 circumsesso
925 2201 1057 2230 senatu
1075 2206 1140 2243 per
1161 2193 1296 2228 milites
1311 2191 1392 2228 Ro-

286 2277 433 2307 manOS,
454 2264 587 2300 missos
610 2275 631 2297 a
651 2260 784 2297 Baebio
815 2259 984 2308 praesidc,
1019 2257 1263 2301 interfectos;
1295 2255 1389 2292 alios

286 2331 324 2366 in
344 2327 516 2366 exsilium
533 2333 638 2367 actos
659 2336 761 2361 esse:
795 2323 969 2371 bonaque
999 2334 1143 2364 eorum,
1178 2321 1241 2370 qui
1272 2321 1387 2356 inter-
