<?xml version="1.0" encoding="UTF-8"?>
<!DOCTYPE html PUBLIC "-//W3C//DTD XHTML 1.0 Transitional//EN"
    "http://www.w3.org/TR/xhtml1/DTD/xhtml1-transitional.dtd">
<html xmlns="http://www.w3.org/1999/xhtml" xml:lang="en" lang="en">
 <head>
  <title>
</title>
<meta http-equiv="Content-Type" content="text/html;charset=utf-8" />
  <meta name='ocr-system' content='tesseract 3.04.00' />
  <meta name='ocr-capabilities' content='ocr_page ocr_carea ocr_par ocr_line ocrx_word'/>
</head>
<body>
  <div class='ocr_page' id='page_1' title='image "./historiarumquaes04livyuoft/historiarumquaes04livyuoft_0199.png"; bbox 0 0 1546 2648; ppageno 0'>
   <div class='ocr_carea' id='block_1_1' title="bbox 276 164 1182 219">
    <p class='ocr_par' dir='ltr' id='par_1_1' title="bbox 276 164 1182 219">
     <span class='ocr_line' id='line_1_1' title="bbox 276 164 1182 219; baseline 0.004 -16"><span class='ocrx_word' id='word_1_1' title='bbox 276 174 433 203; x_wconf 67' lang='lat' dir='ltr'>mmm</span> <span class='ocrx_word' id='word_1_2' title='bbox 454 173 637 203; x_wconf 72' lang='lat' dir='ltr'>xxmx.</span> <span class='ocrx_word' id='word_1_3' title='bbox 669 173 777 204; x_wconf 76' lang='lat' dir='ltr'>cAP.</span> <span class='ocrx_word' id='word_1_4' title='bbox 800 175 972 204; x_wconf 81' lang='lat' dir='ltr'>xxxn.</span> <span class='ocrx_word' id='word_1_5' title='bbox 1103 164 1182 219; x_wconf 87' lang='lat'>189</span> 
     </span>
    </p>
   </div>
   <div class='ocr_carea' id='block_1_2' title="bbox 60 262 1378 1345">
    <p class='ocr_par' dir='ltr' id='par_1_2' title="bbox 60 262 1378 1139">
     <span class='ocr_line' id='line_1_2' title="bbox 68 262 1377 316; baseline 0.008 -18"><span class='ocrx_word' id='word_1_6' title='bbox 68 262 304 312; x_wconf 22' lang='lat' dir='ltr'>tamlexigua</span> <span class='ocrx_word' id='word_1_7' title='bbox 324 277 410 314; x_wconf 86' lang='lat' dir='ltr'>pars</span> <span class='ocrx_word' id='word_1_8' title='bbox 431 276 568 315; x_wconf 83' lang='lat' dir='ltr'>pugnae</span> <span class='ocrx_word' id='word_1_9' title='bbox 588 263 797 314; x_wconf 82' lang='lat' dir='ltr'>superfuit:</span> <span class='ocrx_word' id='word_1_10' title='bbox 829 265 938 314; x_wconf 82' lang='lat' dir='ltr'>signa</span> <span class='ocrx_word' id='word_1_11' title='bbox 964 272 1074 316; x_wconf 85' lang='lat' dir='ltr'>capta</span> <span class='ocrx_word' id='word_1_12' title='bbox 1094 279 1182 303; x_wconf 90' lang='lat' dir='ltr'>cen·</span> <span class='ocrx_word' id='word_1_13' title='bbox 1197 276 1236 307; x_wconf 89' lang='lat' dir='ltr'>U.</span> <span class='ocrx_word' id='word_1_14' title='bbox 1253 276 1290 307; x_wconf 95' lang='lat' dir='ltr'>C.</span> <span class='ocrx_word' id='word_1_15' title='bbox 1303 282 1377 312; x_wconf 86' lang='lat'><strong><em>567.</em></strong></span> 
     </span>
     <span class='ocr_line' id='line_1_3' title="bbox 67 319 1378 379; baseline 0.006 -19"><span class='ocrx_word' id='word_1_16' title='bbox 67 330 148 361; x_wconf 90' lang='lat' dir='ltr'>tum</span> <span class='ocrx_word' id='word_1_17' title='bbox 167 326 327 375; x_wconf 89' lang='lat' dir='ltr'>triginta</span> <span class='ocrx_word' id='word_1_18' title='bbox 346 328 431 364; x_wconf 90' lang='lat' dir='ltr'>tria.</span> <span class='ocrx_word' id='word_1_19' title='bbox 478 327 646 364; x_wconf 86' lang='lat' dir='ltr'>Romani</span> <span class='ocrx_word' id='word_1_20' title='bbox 665 328 834 377; x_wconf 87' lang='lat' dir='ltr'>sociique</span> <span class='ocrx_word' id='word_1_21' title='bbox 850 328 978 378; x_wconf 85' lang='lat' dir='ltr'>paullo</span> <span class='ocrx_word' id='word_1_22' title='bbox 994 329 1077 379; x_wconf 89' lang='lat' dir='ltr'>plus</span> <span class='ocrx_word' id='word_1_23' title='bbox 1097 343 1182 367; x_wconf 88' lang='lat' dir='ltr'>sex·</span> <span class='ocrx_word' id='word_1_24' title='bbox 1194 319 1235 352; x_wconf 76' lang='lat' dir='ltr'>A·</span> <span class='ocrx_word' id='word_1_25' title='bbox 1250 320 1288 351; x_wconf 77' lang='lat' dir='ltr'>C·</span> <span class='ocrx_word' id='word_1_26' title='bbox 1304 327 1378 352; x_wconf 72' lang='lat'><strong>¹⁸⁵·</strong></span> 
     </span>
     <span class='ocr_line' id='line_1_4' title="bbox 67 391 1182 445; baseline 0.005 -19"><span class='ocrx_word' id='word_1_27' title='bbox 67 391 181 435; x_wconf 88' lang='lat' dir='ltr'>centi‚</span> <span class='ocrx_word' id='word_1_28' title='bbox 203 398 242 428; x_wconf 89' lang='lat' dir='ltr'>et</span> <span class='ocrx_word' id='word_1_29' title='bbox 259 393 547 442; x_wconf 87' lang='lat' dir='ltr'>provincialium</span> <span class='ocrx_word' id='word_1_30' title='bbox 569 393 796 430; x_wconf 87' lang='lat' dir='ltr'>auxiliorum</span> <span class='ocrx_word' id='word_1_31' title='bbox 823 400 976 431; x_wconf 91' lang='lat' dir='ltr'>centum</span> <span class='ocrx_word' id='word_1_32' title='bbox 995 395 1182 445; x_wconf 87' lang='lat' dir='ltr'>quinqua-</span> 
     </span>
     <span class='ocr_line' id='line_1_5' title="bbox 65 454 1182 509; baseline 0.005 -19"><span class='ocrx_word' id='word_1_33' title='bbox 65 454 173 503; x_wconf 85' lang='lat' dir='ltr'>ginta</span> <span class='ocrx_word' id='word_1_34' title='bbox 206 455 325 494; x_wconf 86' lang='lat' dir='ltr'>ferme</span> <span class='ocrx_word' id='word_1_35' title='bbox 362 458 602 494; x_wconf 82' lang='lat' dir='ltr'>ceciderunt:</span> <span class='ocrx_word' id='word_1_36' title='bbox 638 457 782 494; x_wconf 90' lang='lat' dir='ltr'>tribuni</span> <span class='ocrx_word' id='word_1_37' title='bbox 817 458 978 496; x_wconf 81' lang='lat' dir='ltr'>militnm</span> <span class='ocrx_word' id='word_1_38' title='bbox 1015 460 1182 509; x_wconf 89' lang='lat' dir='ltr'>quinque</span> 
     </span>
     <span class='ocr_line' id='line_1_6' title="bbox 69 518 1182 572; baseline 0.004 -17"><span class='ocrx_word' id='word_1_39' title='bbox 69 518 210 563; x_wconf 84' lang='lat' dir='ltr'>amissi,</span> <span class='ocrx_word' id='word_1_40' title='bbox 231 528 270 557; x_wconf 91' lang='lat' dir='ltr'>et</span> <span class='ocrx_word' id='word_1_41' title='bbox 297 523 407 572; x_wconf 90' lang='lat' dir='ltr'>pauci</span> <span class='ocrx_word' id='word_1_42' title='bbox 438 523 583 572; x_wconf 87' lang='lat' dir='ltr'>equites</span> <span class='ocrx_word' id='word_1_43' title='bbox 612 522 795 565; x_wconf 84' lang='lat' dir='ltr'>Romani,</span> <span class='ocrx_word' id='word_1_44' title='bbox 826 529 991 560; x_wconf 86' lang='lat' dir='ltr'>cruentae</span> <span class='ocrx_word' id='word_1_45' title='bbox 1017 524 1182 560; x_wconf 82' lang='lat' dir='ltr'>maxime</span> 
     </span>
     <span class='ocr_line' id='line_1_7' title="bbox 70 584 1182 637; baseline 0.002 -15"><span class='ocrx_word' id='word_1_46' title='bbox 70 584 240 622; x_wconf 85' lang='lat' dir='ltr'>victoriae</span> <span class='ocrx_word' id='word_1_47' title='bbox 259 587 423 636; x_wconf 91' lang='lat' dir='ltr'>speciem</span> <span class='ocrx_word' id='word_1_48' title='bbox 439 586 623 624; x_wconf 88' lang='lat' dir='ltr'>fecerunt.</span> <span class='ocrx_word' id='word_1_49' title='bbox 681 587 726 624; x_wconf 92' lang='lat' dir='ltr'>In</span> <span class='ocrx_word' id='word_1_50' title='bbox 741 588 872 623; x_wconf 89' lang='lat' dir='ltr'>castris</span> <span class='ocrx_word' id='word_1_51' title='bbox 892 588 1074 631; x_wconf 87' lang='lat' dir='ltr'>hostium,</span> <span class='ocrx_word' id='word_1_52' title='bbox 1093 588 1182 637; x_wconf 87' lang='lat' dir='ltr'>quia</span> 
     </span>
     <span class='ocr_line' id='line_1_8' title="bbox 65 648 1178 700; baseline 0.004 -16"><span class='ocrx_word' id='word_1_53' title='bbox 65 648 156 699; x_wconf 89' lang='lat' dir='ltr'>ipsis</span> <span class='ocrx_word' id='word_1_54' title='bbox 177 651 341 700; x_wconf 85' lang='lat' dir='ltr'>spatium</span> <span class='ocrx_word' id='word_1_55' title='bbox 370 663 437 687; x_wconf 91' lang='lat' dir='ltr'>sua</span> <span class='ocrx_word' id='word_1_56' title='bbox 463 652 743 688; x_wconf 83' lang='lat' dir='ltr'>communiendi</span> <span class='ocrx_word' id='word_1_57' title='bbox 772 664 851 688; x_wconf 89' lang='lat' dir='ltr'>non</span> <span class='ocrx_word' id='word_1_58' title='bbox 870 651 1008 695; x_wconf 85' lang='lat' dir='ltr'>fuerat,</span> <span class='ocrx_word' id='word_1_59' title='bbox 1028 664 1178 688; x_wconf 84' lang='lat' dir='ltr'>manse-</span> 
     </span>
     <span class='ocr_line' id='line_1_9' title="bbox 65 714 1178 766; baseline 0.004 -17"><span class='ocrx_word' id='word_1_60' title='bbox 65 719 166 750; x_wconf 88' lang='lat' dir='ltr'>runt.</span> <span class='ocrx_word' id='word_1_61' title='bbox 222 714 299 751; x_wconf 91' lang='lat' dir='ltr'>Pro</span> <span class='ocrx_word' id='word_1_62' title='bbox 319 716 504 752; x_wconf 86' lang='lat' dir='ltr'>concione</span> <span class='ocrx_word' id='word_1_63' title='bbox 526 722 681 766; x_wconf 86' lang='lat' dir='ltr'>postero</span> <span class='ocrx_word' id='word_1_64' title='bbox 710 717 770 753; x_wconf 92' lang='lat' dir='ltr'>die</span> <span class='ocrx_word' id='word_1_65' title='bbox 798 716 943 753; x_wconf 86' lang='lat' dir='ltr'>laudati</span> <span class='ocrx_word' id='word_1_66' title='bbox 971 717 1178 766; x_wconf 86' lang='lat' dir='ltr'>donatique</span> 
     </span>
     <span class='ocr_line' id='line_1_10' title="bbox 65 778 1176 831; baseline 0.005 -18"><span class='ocrx_word' id='word_1_67' title='bbox 65 789 88 813; x_wconf 89' lang='lat' dir='ltr'>a</span> <span class='ocrx_word' id='word_1_68' title='bbox 117 778 159 814; x_wconf 90' lang='lat' dir='ltr'>C.</span> <span class='ocrx_word' id='word_1_69' title='bbox 178 778 386 829; x_wconf 86' lang='lat' dir='ltr'>Calpurnio</span> <span class='ocrx_word' id='word_1_70' title='bbox 424 781 568 830; x_wconf 86' lang='lat' dir='ltr'><strong>equites</strong></span> <span class='ocrx_word' id='word_1_71' title='bbox 600 780 788 831; x_wconf 88' lang='lat' dir='ltr'>phaleris:</span> <span class='ocrx_word' id='word_1_72' title='bbox 820 781 1176 831; x_wconf 85' lang='lat' dir='ltr'>pronunciavitque,</span> 
     </span>
     <span class='ocr_line' id='line_1_11' title="bbox 65 845 1179 895; baseline 0.004 -18"><span class='ocrx_word' id='word_1_73' title='bbox 65 852 197 879; x_wconf 87' lang='lat' dir='ltr'>eorum</span> <span class='ocrx_word' id='word_1_74' title='bbox 215 845 379 880; x_wconf 87' lang='lat' dir='ltr'>maxime</span> <span class='ocrx_word' id='word_1_75' title='bbox 408 858 524 895; x_wconf 88' lang='lat' dir='ltr'>opera</span> <span class='ocrx_word' id='word_1_76' title='bbox 552 846 681 882; x_wconf 90' lang='lat' dir='ltr'>hostes</span> <span class='ocrx_word' id='word_1_77' title='bbox 701 845 820 889; x_wconf 89' lang='lat' dir='ltr'>fusos,</span> <span class='ocrx_word' id='word_1_78' title='bbox 852 852 975 881; x_wconf 74' lang='lat' dir='ltr'>castra</span> <span class='ocrx_word' id='word_1_79' title='bbox 1005 852 1116 895; x_wconf 90' lang='lat' dir='ltr'>capta</span> <span class='ocrx_word' id='word_1_80' title='bbox 1139 852 1179 882; x_wconf 88' lang='lat' dir='ltr'>et</span> 
     </span>
     <span class='ocr_line' id='line_1_12' title="bbox 62 908 1176 958; baseline 0.004 -17"><span class='ocrx_word' id='word_1_81' title='bbox 62 912 280 956; x_wconf 84' lang='lat' dir='ltr'>expugnata</span> <span class='ocrx_word' id='word_1_82' title='bbox 299 920 392 946; x_wconf 87' lang='lat' dir='ltr'>esse.</span> <span class='ocrx_word' id='word_1_83' title='bbox 439 909 643 948; x_wconf 85' lang='lat' dir='ltr'><strong>Quinctius</strong></span> <span class='ocrx_word' id='word_1_84' title='bbox 660 908 756 945; x_wconf 89' lang='lat' dir='ltr'>alter</span> <span class='ocrx_word' id='word_1_85' title='bbox 771 916 911 958; x_wconf 86' lang='lat' dir='ltr'>praetor</span> <span class='ocrx_word' id='word_1_86' title='bbox 927 921 1014 945; x_wconf 86' lang='lat' dir='ltr'>suos</span> <span class='ocrx_word' id='word_1_87' title='bbox 1031 910 1176 958; x_wconf 77' lang='lat' dir='ltr'>equites</span> 
     </span>
     <span class='ocr_line' id='line_1_13' title="bbox 64 970 1175 1012; baseline 0.005 -6"><span class='ocrx_word' id='word_1_88' title='bbox 64 970 206 1007; x_wconf 87' lang='lat' dir='ltr'>catellis</span> <span class='ocrx_word' id='word_1_89' title='bbox 234 985 278 1009; x_wconf 89' lang='lat' dir='ltr'>ac</span> <span class='ocrx_word' id='word_1_90' title='bbox 298 973 422 1010; x_wconf 91' lang='lat' dir='ltr'>fibulis</span> <span class='ocrx_word' id='word_1_91' title='bbox 442 974 619 1011; x_wconf 86' lang='lat' dir='ltr'>donavit:</span> <span class='ocrx_word' id='word_1_92' title='bbox 652 974 784 1010; x_wconf 87' lang='lat' dir='ltr'>donati</span> <span class='ocrx_word' id='word_1_93' title='bbox 812 980 849 1009; x_wconf 90' lang='lat' dir='ltr'>et</span> <span class='ocrx_word' id='word_1_94' title='bbox 869 975 1108 1010; x_wconf 80' lang='lat' dir='ltr'>centuriones</span> <span class='ocrx_word' id='word_1_95' title='bbox 1129 987 1175 1012; x_wconf 86' lang='lat' dir='ltr'>ex</span> 
     </span>
     <span class='ocr_line' id='line_1_14' title="bbox 61 1035 1176 1089; baseline 0.004 -19"><span class='ocrx_word' id='word_1_96' title='bbox 61 1035 256 1085; x_wconf 86' lang='lat' dir='ltr'>utriusque</span> <span class='ocrx_word' id='word_1_97' title='bbox 289 1039 456 1075; x_wconf 87' lang='lat' dir='ltr'>exercitu</span> <span class='ocrx_word' id='word_1_98' title='bbox 489 1037 691 1089; x_wconf 87' lang='lat' dir='ltr'>permulti:</span> <span class='ocrx_word' id='word_1_99' title='bbox 723 1038 888 1075; x_wconf 87' lang='lat' dir='ltr'>maxime</span> <span class='ocrx_word' id='word_1_100' title='bbox 920 1038 983 1088; x_wconf 87' lang='lat' dir='ltr'>qui</span> <span class='ocrx_word' id='word_1_101' title='bbox 1013 1038 1176 1075; x_wconf 87' lang='lat' dir='ltr'>mediam</span> 
     </span>
     <span class='ocr_line' id='line_1_15' title="bbox 60 1098 414 1139; baseline 0.017 -6"><span class='ocrx_word' id='word_1_102' title='bbox 60 1098 181 1135; x_wconf 86' lang='lat' dir='ltr'>aciem</span> <span class='ocrx_word' id='word_1_103' title='bbox 199 1105 414 1139; x_wconf 83' lang='lat' dir='ltr'>tenuerunt.</span> 
     </span>
    </p>

    <p class='ocr_par' dir='ltr' id='par_1_3' title="bbox 61 1162 1316 1345">
     <span class='ocr_line' id='line_1_16' title="bbox 115 1162 1296 1217; baseline 0.006 -18"><span class='ocrx_word' id='word_1_104' title='bbox 115 1162 296 1203; x_wconf 87' lang='lat' dir='ltr'>XXXII.</span> <span class='ocrx_word' id='word_1_105' title='bbox 319 1166 519 1211; x_wconf 86' lang='lat' dir='ltr'>Consules,</span> <span class='ocrx_word' id='word_1_106' title='bbox 533 1166 739 1204; x_wconf 85' lang='lat' dir='ltr'>delectibus</span> <span class='ocrx_word' id='word_1_107' title='bbox 755 1166 926 1217; x_wconf 89' lang='lat' dir='ltr'>aliisque,</span> <span class='ocrx_word' id='word_1_108' title='bbox 943 1180 1026 1217; x_wconf 84' lang='lat' dir='ltr'>quae</span> <span class='ocrx_word' id='word_1_109' title='bbox 1041 1165 1174 1204; x_wconf 86' lang='lat' dir='ltr'>Romae</span> <span class='ocrx_word' id='word_1_110' title='bbox 1187 1173 1248 1206; x_wconf 87' lang='lat' dir='ltr'>Res</span> <span class='ocrx_word' id='word_1_111' title='bbox 1264 1174 1296 1206; x_wconf 86' lang='lat' dir='ltr'>in</span> 
     </span>
     <span class='ocr_line' id='line_1_17' title="bbox 61 1219 1316 1301; baseline 0.005 -39"><span class='ocrx_word' id='word_1_112' title='bbox 61 1227 216 1275; x_wconf 84' lang='lat' dir='ltr'>agendae</span> <span class='ocrx_word' id='word_1_113' title='bbox 236 1236 357 1273; x_wconf 85' lang='lat' dir='ltr'>erant,</span> <span class='ocrx_word' id='word_1_114' title='bbox 375 1231 536 1280; x_wconf 74' lang='lat' dir='ltr'>peractis</span> <span class='ocrx_word' id='word_1_115' title='bbox 556 1230 683 1274; x_wconf 86' lang='lat' dir='ltr'>rebus,</span> <span class='ocrx_word' id='word_1_116' title='bbox 703 1231 742 1267; x_wconf 92' lang='lat' dir='ltr'>in</span> <span class='ocrx_word' id='word_1_117' title='bbox 760 1230 924 1279; x_wconf 83' lang='lat' dir='ltr'>Ligures</span> <span class='ocrx_word' id='word_1_118' title='bbox 939 1231 1174 1281; x_wconf 85' lang='lat' dir='ltr'>provinciam</span> <span class='ocrx_word' id='word_1_119' title='bbox 1187 1219 1316 1301; x_wconf 35' lang='lat'>&amp;53¹⁸</span> 
     </span>
     <span class='ocr_line' id='line_1_18' title="bbox 61 1292 1174 1345; baseline 0.004 -19"><span class='ocrx_word' id='word_1_120' title='bbox 61 1292 267 1329; x_wconf 88' lang='lat' dir='ltr'>exercitum</span> <span class='ocrx_word' id='word_1_121' title='bbox 287 1294 486 1331; x_wconf 82' lang='lat' dir='ltr'>duxerunt.</span> <span class='ocrx_word' id='word_1_122' title='bbox 545 1295 805 1345; x_wconf 85' lang='lat' dir='ltr'>SemproniuS,</span> <span class='ocrx_word' id='word_1_123' title='bbox 824 1308 845 1331; x_wconf 90' lang='lat' dir='ltr'>a</span> <span class='ocrx_word' id='word_1_124' title='bbox 867 1294 961 1330; x_wconf 85' lang='lat' dir='ltr'>Pisis</span> <span class='ocrx_word' id='word_1_125' title='bbox 980 1295 1174 1345; x_wconf 86' lang='lat' dir='ltr'>profectus</span> 
     </span>
    </p>
   </div>
   <div class='ocr_carea' id='block_1_3' title="bbox 0 1352 1175 1409">
    <p class='ocr_par' dir='ltr' id='par_1_4' title="bbox 0 1352 1175 1409">
     <span class='ocr_line' id='line_1_19' title="bbox 0 1352 1175 1409; baseline 0.003 -18"><span class='ocrx_word' id='word_1_126' title='bbox 0 1352 1 1385; x_wconf 65' lang='grc' dir='ltr'><strong>ἶ</strong></span> <span class='ocrx_word' id='word_1_127' title='bbox 59 1355 98 1391; x_wconf 91' lang='lat' dir='ltr'>in</span> <span class='ocrx_word' id='word_1_128' title='bbox 123 1356 306 1407; x_wconf 88' lang='lat' dir='ltr'>Apuanos</span> <span class='ocrx_word' id='word_1_129' title='bbox 332 1358 508 1408; x_wconf 83' lang='lat' dir='ltr'>Ligures,</span> <span class='ocrx_word' id='word_1_130' title='bbox 528 1360 714 1396; x_wconf 84' lang='lat' dir='ltr'>vastando</span> <span class='ocrx_word' id='word_1_131' title='bbox 734 1371 859 1409; x_wconf 81' lang='lat' dir='ltr'>agrOS,</span> <span class='ocrx_word' id='word_1_132' title='bbox 881 1359 1100 1409; x_wconf 80' lang='lat' dir='ltr'>urendoque</span> <span class='ocrx_word' id='word_1_133' title='bbox 1118 1359 1175 1395; x_wconf 88' lang='lat' dir='ltr'>vi-</span> 
     </span>
    </p>
   </div>
   <div class='ocr_carea' id='block_1_4' title="bbox 32 1423 1175 2377">
    <p class='ocr_par' dir='ltr' id='par_1_5' title="bbox 32 1423 1175 2377">
     <span class='ocr_line' id='line_1_20' title="bbox 59 1423 1175 1475; baseline 0.004 -19"><span class='ocrx_word' id='word_1_134' title='bbox 59 1432 124 1457; x_wconf 89' lang='lat' dir='ltr'>cos</span> <span class='ocrx_word' id='word_1_135' title='bbox 144 1427 182 1457; x_wconf 88' lang='lat' dir='ltr'>et</span> <span class='ocrx_word' id='word_1_136' title='bbox 207 1423 361 1460; x_wconf 86' lang='lat' dir='ltr'>castella</span> <span class='ocrx_word' id='word_1_137' title='bbox 391 1437 536 1468; x_wconf 87' lang='lat' dir='ltr'>eorum,</span> <span class='ocrx_word' id='word_1_138' title='bbox 557 1424 706 1475; x_wconf 90' lang='lat' dir='ltr'>aperuit</span> <span class='ocrx_word' id='word_1_139' title='bbox 734 1423 871 1460; x_wconf 84' lang='lat' dir='ltr'>saltum</span> <span class='ocrx_word' id='word_1_140' title='bbox 902 1436 1019 1474; x_wconf 91' lang='lat' dir='ltr'>usque</span> <span class='ocrx_word' id='word_1_141' title='bbox 1038 1424 1086 1460; x_wconf 92' lang='lat' dir='ltr'>ad</span> <span class='ocrx_word' id='word_1_142' title='bbox 1104 1423 1175 1460; x_wconf 86' lang='lat' dir='ltr'>flu·</span> 
     </span>
     <span class='ocr_line' id='line_1_21' title="bbox 58 1485 1173 1539; baseline 0.003 -19"><span class='ocrx_word' id='word_1_143' title='bbox 58 1485 161 1521; x_wconf 89' lang='lat' dir='ltr'>vium</span> <span class='ocrx_word' id='word_1_144' title='bbox 189 1485 363 1524; x_wconf 87' lang='lat' dir='ltr'>Macram</span> <span class='ocrx_word' id='word_1_145' title='bbox 382 1495 421 1525; x_wconf 89' lang='lat' dir='ltr'>et</span> <span class='ocrx_word' id='word_1_146' title='bbox 439 1488 561 1525; x_wconf 85' lang='lat' dir='ltr'>Lunae</span> <span class='ocrx_word' id='word_1_147' title='bbox 590 1494 756 1539; x_wconf 87' lang='lat' dir='ltr'>portum.</span> <span class='ocrx_word' id='word_1_148' title='bbox 813 1487 957 1524; x_wconf 83' lang='lat' dir='ltr'>Hostes</span> <span class='ocrx_word' id='word_1_149' title='bbox 988 1494 1173 1531; x_wconf 88' lang='lat' dir='ltr'>montem,</span> 
     </span>
     <span class='ocr_line' id='line_1_22' title="bbox 59 1550 1173 1603; baseline 0.002 -17"><span class='ocrx_word' id='word_1_150' title='bbox 59 1550 254 1600; x_wconf 88' lang='lat' dir='ltr'>antiquam</span> <span class='ocrx_word' id='word_1_151' title='bbox 271 1553 394 1589; x_wconf 89' lang='lat' dir='ltr'>sedem</span> <span class='ocrx_word' id='word_1_152' title='bbox 413 1552 601 1603; x_wconf 84' lang='lat' dir='ltr'>majorum</span> <span class='ocrx_word' id='word_1_153' title='bbox 616 1565 784 1595; x_wconf 87' lang='lat' dir='ltr'>suorum,</span> <span class='ocrx_word' id='word_1_154' title='bbox 799 1558 998 1602; x_wconf 87' lang='lat' dir='ltr'>ceperunt:</span> <span class='ocrx_word' id='word_1_155' title='bbox 1021 1558 1060 1587; x_wconf 85' lang='lat' dir='ltr'>et</span> <span class='ocrx_word' id='word_1_156' title='bbox 1071 1552 1173 1595; x_wconf 86' lang='lat' dir='ltr'>inde,</span> 
     </span>
     <span class='ocr_line' id='line_1_23' title="bbox 59 1615 1172 1666; baseline 0.002 -16"><span class='ocrx_word' id='word_1_157' title='bbox 59 1622 236 1665; x_wconf 83' lang='lat' dir='ltr'>superata</span> <span class='ocrx_word' id='word_1_158' title='bbox 273 1616 446 1653; x_wconf 91' lang='lat' dir='ltr'>locorum</span> <span class='ocrx_word' id='word_1_159' title='bbox 483 1617 698 1665; x_wconf 88' lang='lat' dir='ltr'>iniquitate,</span> <span class='ocrx_word' id='word_1_160' title='bbox 731 1615 868 1666; x_wconf 86' lang='lat' dir='ltr'>proelio</span> <span class='ocrx_word' id='word_1_161' title='bbox 903 1615 1040 1666; x_wconf 90' lang='lat' dir='ltr'>dejecti</span> <span class='ocrx_word' id='word_1_162' title='bbox 1071 1622 1172 1653; x_wconf 89' lang='lat' dir='ltr'>sunt.</span> 
     </span>
     <span class='ocr_line' id='line_1_24' title="bbox 57 1678 1173 1730; baseline 0 -14"><span class='ocrx_word' id='word_1_163' title='bbox 57 1678 111 1716; x_wconf 89' lang='lat' dir='ltr'>Et</span> <span class='ocrx_word' id='word_1_164' title='bbox 128 1680 202 1730; x_wconf 91' lang='lat' dir='ltr'>Ap.</span> <span class='ocrx_word' id='word_1_165' title='bbox 224 1679 404 1717; x_wconf 86' lang='lat' dir='ltr'>Claudius</span> <span class='ocrx_word' id='word_1_166' title='bbox 423 1680 647 1718; x_wconf 83' lang='lat' dir='ltr'>felicitatem</span> <span class='ocrx_word' id='word_1_167' title='bbox 672 1680 928 1729; x_wconf 89' lang='lat' dir='ltr'>virtutemque</span> <span class='ocrx_word' id='word_1_168' title='bbox 955 1679 1112 1729; x_wconf 79' lang='lat' dir='ltr'>collegae</span> <span class='ocrx_word' id='word_1_169' title='bbox 1133 1680 1173 1716; x_wconf 86' lang='lat' dir='ltr'>in</span> 
     </span>
     <span class='ocr_line' id='line_1_25' title="bbox 57 1742 1172 1795; baseline 0.001 -15"><span class='ocrx_word' id='word_1_170' title='bbox 57 1742 264 1793; x_wconf 87' lang='lat' dir='ltr'>Liguribus</span> <span class='ocrx_word' id='word_1_171' title='bbox 294 1745 477 1794; x_wconf 89' lang='lat' dir='ltr'>Ingaunis</span> <span class='ocrx_word' id='word_1_172' title='bbox 508 1745 671 1794; x_wconf 84' lang='lat' dir='ltr'>aequavit</span> <span class='ocrx_word' id='word_1_173' title='bbox 699 1744 872 1781; x_wconf 90' lang='lat' dir='ltr'>secundis</span> <span class='ocrx_word' id='word_1_174' title='bbox 902 1743 1051 1793; x_wconf 86' lang='lat' dir='ltr'>aliquot</span> <span class='ocrx_word' id='word_1_175' title='bbox 1069 1757 1172 1795; x_wconf 86' lang='lat' dir='ltr'>proe-</span> 
     </span>
     <span class='ocr_line' id='line_1_26' title="bbox 58 1798 1173 1861; baseline 0.001 -17"><span class='ocrx_word' id='word_1_176' title='bbox 58 1807 117 1844; x_wconf 90' lang='lat' dir='ltr'>liis</span> <span class='ocrx_word' id='word_1_177' title='bbox 134 1824 142 1845; x_wconf 75' lang='lat' dir='ltr'><em>z</em></span> <span class='ocrx_word' id='word_1_178' title='bbox 175 1822 241 1846; x_wconf 87' lang='lat' dir='ltr'>sex</span> <span class='ocrx_word' id='word_1_179' title='bbox 255 1816 439 1861; x_wconf 87' lang='lat' dir='ltr'>praeterea</span> <span class='ocrx_word' id='word_1_180' title='bbox 457 1810 599 1861; x_wconf 88' lang='lat' dir='ltr'>oppida</span> <span class='ocrx_word' id='word_1_181' title='bbox 616 1798 747 1846; x_wconf 78' lang='lat' dir='ltr'>eorum</span> <span class='ocrx_word' id='word_1_182' title='bbox 768 1809 1019 1860; x_wconf 67' lang='lat' dir='ltr'>expugnavit,</span> <span class='ocrx_word' id='word_1_183' title='bbox 1052 1809 1173 1845; x_wconf 88' lang='lat' dir='ltr'>multa</span> 
     </span>
     <span class='ocr_line' id='line_1_27' title="bbox 57 1872 1171 1925; baseline -0.001 -15"><span class='ocrx_word' id='word_1_184' title='bbox 57 1872 176 1910; x_wconf 86' lang='lat' dir='ltr'>millia</span> <span class='ocrx_word' id='word_1_185' title='bbox 202 1874 400 1912; x_wconf 90' lang='lat' dir='ltr'>hominum</span> <span class='ocrx_word' id='word_1_186' title='bbox 421 1875 458 1911; x_wconf 90' lang='lat' dir='ltr'>in</span> <span class='ocrx_word' id='word_1_187' title='bbox 489 1875 533 1911; x_wconf 88' lang='lat' dir='ltr'>iis</span> <span class='ocrx_word' id='word_1_188' title='bbox 564 1876 691 1925; x_wconf 89' lang='lat' dir='ltr'>cepit;</span> <span class='ocrx_word' id='word_1_189' title='bbox 723 1874 814 1911; x_wconf 90' lang='lat' dir='ltr'>belli</span> <span class='ocrx_word' id='word_1_190' title='bbox 843 1880 1017 1910; x_wconf 85' lang='lat' dir='ltr'>auctores</span> <span class='ocrx_word' id='word_1_191' title='bbox 1036 1880 1113 1910; x_wconf 85' lang='lat' dir='ltr'>tres</span> <span class='ocrx_word' id='word_1_192' title='bbox 1133 1880 1171 1909; x_wconf 89' lang='lat' dir='ltr'>et</span> 
     </span>
     <span class='ocr_line' id='line_1_28' title="bbox 58 1938 1172 1990; baseline -0.002 -15"><span class='ocrx_word' id='word_1_193' title='bbox 58 1939 309 1988; x_wconf 88' lang='lat' dir='ltr'>quadraginta</span> <span class='ocrx_word' id='word_1_194' title='bbox 328 1940 448 1976; x_wconf 87' lang='lat' dir='ltr'>securi</span> <span class='ocrx_word' id='word_1_195' title='bbox 478 1940 676 1990; x_wconf 88' lang='lat' dir='ltr'>percussit.</span> <span class='ocrx_word' id='word_1_196' title='bbox 733 1938 822 1975; x_wconf 87' lang='lat' dir='ltr'>Jam</span> <span class='ocrx_word' id='word_1_197' title='bbox 843 1938 1085 1974; x_wconf 88' lang='lat' dir='ltr'>comitiorum</span> <span class='ocrx_word' id='word_1_198' title='bbox 1105 1938 1172 1973; x_wconf 87' lang='lat' dir='ltr'>ad-</span> 
     </span>
     <span class='ocr_line' id='line_1_29' title="bbox 57 2001 1171 2054; baseline -0.003 -15"><span class='ocrx_word' id='word_1_199' title='bbox 57 2001 213 2054; x_wconf 89' lang='lat' dir='ltr'>petebat</span> <span class='ocrx_word' id='word_1_200' title='bbox 236 2010 409 2054; x_wconf 88' lang='lat' dir='ltr'>tempus:</span> <span class='ocrx_word' id='word_1_201' title='bbox 441 2003 546 2053; x_wconf 89' lang='lat' dir='ltr'>prior</span> <span class='ocrx_word' id='word_1_202' title='bbox 564 2009 693 2039; x_wconf 89' lang='lat' dir='ltr'>tamen</span> <span class='ocrx_word' id='word_1_203' title='bbox 713 2001 909 2044; x_wconf 86' lang='lat' dir='ltr'>Claudius,</span> <span class='ocrx_word' id='word_1_204' title='bbox 931 2013 1043 2050; x_wconf 87' lang='lat' dir='ltr'>quam</span> <span class='ocrx_word' id='word_1_205' title='bbox 1065 2001 1171 2036; x_wconf 90' lang='lat' dir='ltr'>Sem-</span> 
     </span>
     <span class='ocr_line' id='line_1_30' title="bbox 57 2063 1171 2118; baseline -0.004 -15"><span class='ocrx_word' id='word_1_206' title='bbox 57 2067 229 2118; x_wconf 87' lang='lat' dir='ltr'>pronius,</span> <span class='ocrx_word' id='word_1_207' title='bbox 260 2068 321 2104; x_wconf 88' lang='lat' dir='ltr'>cui</span> <span class='ocrx_word' id='word_1_208' title='bbox 351 2079 431 2104; x_wconf 90' lang='lat' dir='ltr'>sors</span> <span class='ocrx_word' id='word_1_209' title='bbox 465 2067 622 2104; x_wconf 90' lang='lat' dir='ltr'>comitia</span> <span class='ocrx_word' id='word_1_210' title='bbox 653 2065 819 2102; x_wconf 86' lang='lat' dir='ltr'>habendi</span> <span class='ocrx_word' id='word_1_211' title='bbox 851 2064 1056 2114; x_wconf 87' lang='lat' dir='ltr'>obtigerat,</span> <span class='ocrx_word' id='word_1_212' title='bbox 1087 2063 1171 2100; x_wconf 86' lang='lat' dir='ltr'>Ro-</span> 
     </span>
     <span class='ocr_line' id='line_1_31' title="bbox 58 2128 1170 2182; baseline -0.003 -15"><span class='ocrx_word' id='word_1_213' title='bbox 58 2143 158 2168; x_wconf 88' lang='lat' dir='ltr'>mam</span> <span class='ocrx_word' id='word_1_214' title='bbox 177 2132 304 2178; x_wconf 83' lang='lat' dir='ltr'>venit3</span> <span class='ocrx_word' id='word_1_215' title='bbox 327 2133 416 2182; x_wconf 85' lang='lat' dir='ltr'>quia</span> <span class='ocrx_word' id='word_1_216' title='bbox 433 2132 478 2169; x_wconf 91' lang='lat' dir='ltr'>P.</span> <span class='ocrx_word' id='word_1_217' title='bbox 499 2131 678 2168; x_wconf 87' lang='lat' dir='ltr'>Claudius</span> <span class='ocrx_word' id='word_1_218' title='bbox 695 2131 813 2167; x_wconf 89' lang='lat' dir='ltr'>frater</span> <span class='ocrx_word' id='word_1_219' title='bbox 832 2129 912 2180; x_wconf 89' lang='lat' dir='ltr'>ejus</span> <span class='ocrx_word' id='word_1_220' title='bbox 929 2128 1170 2166; x_wconf 85' lang='lat' dir='ltr'>consulatum</span> 
     </span>
     <span class='ocr_line' id='line_1_32' title="bbox 56 2193 1171 2247; baseline -0.002 -16"><span class='ocrx_word' id='word_1_221' title='bbox 56 2194 224 2247; x_wconf 88' lang='lat' dir='ltr'>petebat.</span> <span class='ocrx_word' id='word_1_222' title='bbox 282 2197 563 2247; x_wconf 84' lang='lat' dir='ltr'>Competitores</span> <span class='ocrx_word' id='word_1_223' title='bbox 582 2195 751 2232; x_wconf 86' lang='lat' dir='ltr'>habebat</span> <span class='ocrx_word' id='word_1_224' title='bbox 776 2194 956 2246; x_wconf 85' lang='lat' dir='ltr'>patricios</span> <span class='ocrx_word' id='word_1_225' title='bbox 975 2193 1024 2231; x_wconf 88' lang='lat' dir='ltr'>L.</span> <span class='ocrx_word' id='word_1_226' title='bbox 1043 2193 1171 2230; x_wconf 85' lang='lat' dir='ltr'>AEmi-</span> 
     </span>
     <span class='ocr_line' id='line_1_33' title="bbox 32 2257 1169 2310; baseline -0.003 -14"><span class='ocrx_word' id='word_1_227' title='bbox 32 2258 162 2309; x_wconf 81' lang='lat' dir='ltr'>lium,</span> <span class='ocrx_word' id='word_1_228' title='bbox 194 2259 245 2297; x_wconf 77' lang='lat' dir='ltr'>Q.</span> <span class='ocrx_word' id='word_1_229' title='bbox 265 2259 440 2304; x_wconf 89' lang='lat' dir='ltr'>Fabium,</span> <span class='ocrx_word' id='word_1_230' title='bbox 471 2260 550 2298; x_wconf 89' lang='lat' dir='ltr'>Ser.</span> <span class='ocrx_word' id='word_1_231' title='bbox 571 2259 782 2310; x_wconf 87' lang='lat' dir='ltr'>Sulpicium</span> <span class='ocrx_word' id='word_1_232' title='bbox 817 2257 994 2301; x_wconf 86' lang='lat' dir='ltr'>Galbam,</span> <span class='ocrx_word' id='word_1_233' title='bbox 1025 2263 1169 2294; x_wconf 82' lang='lat' dir='ltr'>veteres</span> 
     </span>
     <span class='ocr_line' id='line_1_34' title="bbox 54 2321 1169 2377; baseline -0.004 -15"><span class='ocrx_word' id='word_1_234' title='bbox 54 2324 289 2369; x_wconf 82' lang='lat' dir='ltr'>candidatos,</span> <span class='ocrx_word' id='word_1_235' title='bbox 310 2331 349 2362; x_wconf 90' lang='lat' dir='ltr'>et</span> <span class='ocrx_word' id='word_1_236' title='bbox 377 2323 424 2363; x_wconf 87' lang='lat' dir='ltr'>ab</span> <span class='ocrx_word' id='word_1_237' title='bbox 453 2324 612 2377; x_wconf 86' lang='lat' dir='ltr'>repulsis</span> <span class='ocrx_word' id='word_1_238' title='bbox 641 2337 688 2362; x_wconf 91' lang='lat' dir='ltr'>eo</span> <span class='ocrx_word' id='word_1_239' title='bbox 717 2324 837 2375; x_wconf 83' lang='lat' dir='ltr'>magis</span> <span class='ocrx_word' id='word_1_240' title='bbox 867 2322 1053 2366; x_wconf 86' lang='lat' dir='ltr'>debitum,</span> <span class='ocrx_word' id='word_1_241' title='bbox 1079 2321 1169 2372; x_wconf 83' lang='lat' dir='ltr'>quia</span> 
     </span>
    </p>
   </div>
  </div>
 </body>
</html>
