1546 2648
327 183 378 236 78
459 214 463 221 .
771 198 815 225 τ.
845 197 974 226 mvn

132 277 224 356 ἓξ
240 283 385 352 i’gssdta
413 284 511 321 inter
529 298 659 321 omnes
681 287 871 328 convenit,
894 295 933 322 ut
962 287 1083 336 primo
1107 287 1236 335 quieti,
1259 285 1358 322 velut
1384 285 1430 322 ad

214 344 220 351 ⁸
283 329 509 399 ⁹'privatam
533 362 611 385 rem
640 350 824 397 agendam
848 351 1049 393 venissent,
1079 350 1117 385 in
1143 349 1229 385 foro
1255 349 1430 385 obversa·-

324 420 454 448 rentur
471 427 479 448 z
512 412 571 449 die
591 420 691 449 certa
713 412 988 449 multitudinem
1009 427 1158 449 omnem
1178 417 1432 449 convocarent

326 476 372 512 ad
401 477 574 526 praesidia
604 475 861 512 Macedonum
887 478 1034 513 arcibus
1065 477 1297 527 expellenda.
1355 476 1434 513 Ubi

326 552 370 576 ea
389 541 466 576 dies
486 541 652 583 advenit,
673 549 709 575 et
729 541 973 589 Amynander
997 555 1080 577 cum
1105 541 1205 577 mille
1221 541 1363 577 AEtolis
1392 541 1432 576 in

327 604 462 640 finibus
484 612 587 649 erat5
620 617 664 640 ex
686 605 898 654 composito
918 613 1079 653 quatuor
1098 605 1209 641 simul
1224 605 1317 641 locis
1337 616 1434 655 prae-

326 668 421 704 sidia
442 668 698 704 Macedonum
727 668 895 717 expulsa,
919 669 1111 717 literaeque
1134 670 1172 704 in
1202 669 1293 704 alias
1324 667 1434 704 urbe·

325 732 464 781 passim
484 732 660 773 dimissae,
684 738 723 766 ut
741 731 973 767 vindicarent
993 745 1073 768 sese
1093 732 1140 767 ab
1161 732 1348 781 inpotenti
1368 731 1436 766 do—

326 795 535 830 minatione
555 794 733 844 Philippi,
755 804 791 830 et
812 794 1052 831 restituerent
1072 796 1109 830 in
1137 795 1300 844 patrium
1320 807 1363 829 ac
1382 793 1436 830 le-

111 865 309 937 Athalrriania
327 861 500 910 gitimum
521 873 690 909 regnum.
739 859 916 909 Undique
935 859 1165 895 Macedones
1186 857 1436 908 expelluntur.

111 917 195 946 expu
211 918 235 937 si

110 925 487 982 Macedones.'shei¹¹¹¹¹
509 925 702 975 oppidum,
720 924 836 960 literis
857 939 879 961 a
898 924 1055 960 Zenone
1075 922 1254 973 praefecto
1274 922 1438 972 praesidii

326 990 560 1039 interceptis,
581 996 619 1025 et
643 1001 728 1025 arce
753 988 800 1025 ab
824 989 935 1037 regiis
966 995 1163 1037 occupata,
1191 1000 1331 1037 paucos
1358 986 1436 1022 dies

327 1053 588 1091 obsidentibus
628 1054 789 1090 restitit:
826 1053 959 1089 deinde
996 1053 1032 1088 id
1069 1065 1219 1101 quoque
1254 1051 1436 1087 traditum

327 1119 575 1169 Amynandro
605 1126 675 1162 est,
703 1125 740 1154 et
769 1119 891 1155 omnis
916 1118 1146 1153 Athamania
1175 1117 1214 1152 in
1246 1122 1436 1165 potestate

327 1192 421 1228 erat,
447 1192 582 1234 praeter
607 1185 834 1220 Athenaeum
861 1181 1071 1224 castellum,
1093 1180 1228 1217 finibus
1254 1179 1436 1216 Macedo-

327 1249 399 1285 niae
419 1247 645 1298 subjectum.

107 1324 281 1364 'Philippus
382 1312 435 1349 ΙΙ.
464 1311 677 1364 Philippus,
698 1312 825 1350 audita
844 1310 1057 1349 defectione
1076 1309 1329 1352 Athamaniae,
1351 1321 1438 1345 cum

111 1378 184 1398 eam
203 1378 291 1398 fecu-

113 1412 314 1486 Eearzhzgrtffr.
329 1442 526 1493 Gomphos
553 1443 724 1494 pervenit
742 1457 749 1479 :
781 1442 834 1477 ibi
857 1440 987 1477 relicta
1006 1439 1149 1490 majore¹
1169 1447 1275 1489 parte
1295 1438 1438 1475 exerci-

328 1392 393 1416 sex
411 1379 574 1416 millibus
595 1386 824 1415 armatorum
848 1377 1053 1428 profectus,
1075 1376 1217 1425 ingenti
1246 1374 1438 1411 celeritate

327 1514 402 1551 tus,
427 1509 566 1558 (neque
586 1509 685 1545 enim
709 1508 755 1544 ad
781 1514 889 1544 tanta
908 1507 1042 1542 itinera
1063 1504 1328 1552 subfecissent)
1352 1517 1438 1540 cum

328 1571 474 1608 duobus
496 1572 660 1608 millibus
680 1573 922 1613 Athenaeum‚
943 1570 1045 1619 quod
1073 1581 1186 1605 unum
1218 1582 1239 1604 a
1263 1568 1439 1618 praesidio

328 1648 398 1671 suo
420 1642 608 1672 retentum
635 1636 771 1678 fuerat,
793 1635 988 1685 pervenit:
1021 1633 1121 1675 inde,
1145 1631 1326 1682 proximis
1355 1638 1440 1667 ten-

328 1700 433 1743 tatis,
464 1714 580 1749 quum
613 1700 725 1737 facile
762 1699 1100 1739 animadvertisset,
1133 1705 1258 1732 cetera
1286 1695 1441 1732 hostilia

328 1777 422 1807 esse,
451 1764 650 1815 Gomphos
677 1776 881 1813 regressus,
911 1762 1086 1799 omnibus
1116 1762 1234 1810 copiis
1261 1759 1372 1796 simul
1399 1760 1438 1795 in

328 1829 596 1866 Athamaniam
618 1829 740 1865 rediit.
797 1828 994 1864 Zenonem
1014 1826 1114 1869 inde,
1135 1838 1219 1861 cum
1243 1822 1344 1860 mille
1372 1836 1439 1874 pe·

330 1892 470 1928 ditibus
499 1893 746 1942 praemissum,
770 1891 978 1941 Ethopiam
1007 1901 1191 1938 occupare
1213 1887 1340 1938 jubet,
1370 1899 1439 1937 op-

330 1962 492 2009 portune
511 1957 705 2006 Argitheae
731 1956 1004 1992 inminentem:
1037 1966 1146 2002 quem
1179 1952 1240 1988 ubi
1270 1951 1390 1988 teneri
1418 1964 1441 1987 a

330 2021 406 2057 suis
437 2020 561 2057 locum
588 2021 694 2062 vidit,
729 2020 807 2069 ipse
842 2019 941 2054 circa
972 2016 1153 2066 templum
1183 2015 1289 2051 Jovis
1316 2014 1440 2050 Acraei

330 2085 457 2134 posuit
478 2090 624 2120 castra:
657 2083 707 2119 ibi
736 2095 850 2118 unum
881 2082 978 2117 diem
1008 2079 1108 2116 foeda
1133 2086 1357 2128 tempestate
1383 2090 1441 2113 re-

331 2155 473 2191 tentus,
500 2156 653 2198 postero
683 2149 742 2184 die
775 2148 909 2184 ducere
939 2146 984 2182 ad
1011 2146 1233 2194 Argitheam
1267 2143 1442 2180 intendit.

329 2213 521 2252 Euntibus
542 2213 732 2263 extempio
754 2213 958 2262 adparuere
978 2210 1228 2251 Athanmes,
1250 2209 1286 2243 in
1315 2214 1441 2243 tumu-

330 2278 387 2316 los
417 2279 643 2315 inminentes
669 2279 736 2314 viae
771 2279 1048 2313 discurrentes:
1082 2275 1129 2311 ad
1159 2286 1318 2323 quorum
1350 2285 1440 2309 con-

330 2350 500 2393 spectum
537 2343 743 2379 constitere
783 2342 902 2392 prima
935 2341 1058 2388 signa,
1095 2345 1255 2387 totoque
1292 2336 1442 2385 agmine
