1546 2648
351 189 509 222 mmm
531 188 716 222 xxx1x.
749 191 858 223 cAr.
879 192 952 225 vx.
1137 197 1216 243 159

104 294 246 333 aegrum
263 281 304 320 in
321 281 384 320 via
402 282 629 327 substitisse,
650 296 698 320 ne
717 282 800 334 plus
820 284 860 321 in
879 284 1073 336 triumpho
1094 294 1215 325 certa·
1231 295 1272 326 U.
1285 295 1322 327 C.
1338 301 1410 330 565.

100 348 260 391 minum,
283 359 395 397 quam
424 348 462 384 iu
489 347 605 391 bello,
636 348 807 391 haberet,
838 349 1005 399 praetulit
1033 339 1318 403 t1·iun1phiA·C·
1337 347 1412 377 ¹⁸⁷·

100 411 200 450 diem
214 427 222 449 τ
254 412 502 462 triumphavit
519 418 608 448 ante
623 412 720 449 diem
739 412 924 450 decimum
938 413 1132 452 Kalendas
1147 417 1172 453 J
1175 431 1215 454 a-

97 478 250 515 nuarias
270 478 316 514 de
334 477 492 520 AEtolis,
514 485 552 514 et
572 477 617 515 de
639 478 898 529 Cephallenia.
947 480 1085 517 Aureae
1104 495 1216 520 coro-

97 553 171 585 nae,
189 548 341 578 centum
356 541 554 578 duodecim
569 542 714 593 pondo,
731 549 819 578 aute
836 556 986 580 currum
1000 544 1086 581 latae
1100 554 1189 582 sunt
1203 560 1211 583 :

96 607 245 655 argenti
265 606 393 657 pondo
413 605 532 643 millia
551 608 751 656 octoginta
768 608 864 644 tria:
898 609 978 645 auri
998 610 1127 660 pondo
1144 611 1213 647 du-

95 678 208 708 centa
255 671 506 721 quadraginta
542 673 638 709 tria:
679 672 1001 710 tetradi-achmfim
1037 674 1213 712 Atticum

95 742 247 772 centum
273 736 485 772 octodecim
511 736 652 773 millia:
686 737 877 787 Philippei
904 740 1049 775 nummi
1069 740 1212 776 duode-

94 800 169 836 cim
187 799 307 837 millia
326 800 592 850 quadringenti
613 802 749 850 viginti
769 803 843 838 duo
860 817 867 838 :
888 803 997 851 signa
1018 816 1121 840 aenea
1141 803 1210 840 du-

93 868 205 900 centa
222 865 638 914 octogintaquinque:
672 867 780 915 signa
811 880 1021 904 mai-morea
1048 869 1210 905 ducenta

92 927 274 977 triginta:
307 940 424 971 arma,
445 927 533 964 tela.
557 936 680 965 cetera
702 931 823 979 spolia
843 932 1025 974 hostium,
1046 944 1207 980 magnus

92 1003 271 1028 numerus
287 1007 295 1028 :
327 992 376 1028 ad
390 992 465 1028 hoc
486 993 702 1043 catapuhae,
721 994 897 1038 ballistae,
916 1001 1105 1032 tormenta
1126 1009 1209 1032 om—

91 1056 151 1093 nis
177 1057 348 1106 generis:
381 1058 508 1099 duces,
541 1065 606 1094 aut
625 1058 748 1094 AEtoli
783 1066 820 1095 et
849 1059 1113 1109 CephalleneS,
1144 1069 1210 1097 aut

91 1121 185 1169 regii
212 1122 259 1158 ab
280 1122 475 1158 Antiocho
494 1123 548 1158 ibi
578 1122 713 1166 relicti,
745 1124 791 1160 ad
820 1131 963 1174 septem
994 1131 1029 1160 et
1060 1125 1209 1174 viginti.

92 1184 238 1221 Multos
265 1199 312 1222 eo
332 1186 404 1230 die,
425 1187 642 1236 priusquam
669 1188 707 1223 in
736 1187 867 1224 urbem
892 1189 1146 1233 inveheretur,
1167 1190 1207 1225 in

90 1249 191 1285 circo
211 1249 400 1286 Flaminio
428 1250 618 1294 tribunos,
649 1250 862 1301 praefectos,
894 1252 1053 1300 equites,
1074 1259 1206 1289 centu-

90 1312 231 1356 riones,
252 1313 450 1349 Romanos
478 1315 692 1363 sociosque,
711 1314 819 1350 donis
846 1315 1072 1351 militaribus
1090 1316 1208 1352 dona-

89 1376 162 1412 vit:
195 1377 378 1414 militibus
399 1391 446 1415 ex
474 1379 601 1429 praeda
628 1379 780 1415 vicenos
801 1380 936 1427 quinos
957 1379 1132 1416 denarios
1153 1382 1207 1417 di-

88 1441 191 1485 visit,
213 1441 350 1492 duplex
371 1443 600 1486 centurioni,
623 1443 761 1493 triplex
779 1444 909 1493 equiti.

141 1504 210 1543 VI.
239 1505 326 1542 Jam
347 1503 603 1543 consularium
620 1507 862 1543 comitiorum
884 1507 1090 1557 adpetebat
1110 1514 1206 1545 tem-

85 1581 180 1620 pus3
213 1570 349 1619 quibus
370 1571 458 1620 quia
481 1570 538 1607 M.
552 1570 747 1614 AEmilius,
773 1570 880 1622 cujus
908 1573 1020 1607 sortis
1052 1585 1096 1608 ea
1116 1585 1206 1609 cura

89 1641 184 1677 erat,
202 1634 404 1672 obcurrere
420 1649 496 1672 non
514 1637 655 1686 potuit,
677 1637 720 1674 C.
734 1636 943 1673 Flaminius
963 1636 1127 1674 Romam
1141 1651 1206 1674 ve-

85 1699 167 1735 nit:
200 1698 247 1735 ab
275 1712 322 1736 eo
350 1701 468 1736 creati
499 1700 672 1737 consules
703 1702 766 1752 Sp.
786 1702 1006 1739 Postumius
1025 1702 1205 1747 Albinus,
1252 1737 1257 1741 ,,

86 1762 317 1803 QMarcius
344 1764 555 1816 Philippus.
614 1766 801 1803 Praetores
829 1767 915 1803 inde
934 1766 1027 1803 facti
1046 1767 1091 1803 T.
1107 1767 1206 1803 Mae-

84 1827 184 1870 nius,
206 1827 249 1864 P.
263 1828 463 1865 Cornelius
485 1828 602 1874 Sulla,
625 1830 668 1867 C.
683 1830 910 1881 Calpurnius
931 1830 1036 1872 Piso,
1058 1830 1115 1867 M.
1136 1831 1205 1867 Li-

85 1891 206 1928 cinius
234 1892 432 1936 Lucullus,
465 1894 508 1930 C.
528 1893 705 1930 Aurelius
734 1895 911 1937 Scaurus,
933 1895 979 1932 L.
1000 1895 1203 1934 Quinctius

84 1955 293 2006 Crispinus
337 1958 522 1995 Extremo
538 1960 642 2002 anui,
661 1958 1037 2009 magistratibusjam
1052 1960 1202 2003 creatis,

86 2026 175 2056 ante
188 2020 288 2057 diem
305 2023 461 2058 tertium
476 2022 610 2059 Nonas
630 2023 792 2061 Martias
811 2025 881 2060 Cn.
894 2023 1017 2060 Manli
1025 2036 1064 2060 us
1081 2023 1201 2060 Vulso
1215 2027 1330 2060 Manlii
1348 2031 1403 2062 tri.

87 2083 133 2119 de
158 2083 292 2128 Gallis,
314 2087 377 2135 qui
404 2087 536 2123 Asiam
564 2088 751 2131 incolunt,
779 2088 1049 2138 triumphavit:
1083 2088 1200 2124 serius
1213 2074 1380 2147 ἓξὲἓὶῗξσ.

85 2147 121 2183 ei
139 2149 396 2200 triumphandi
416 2164 546 2188 caussa
566 2152 653 2196 fuit,
676 2166 736 2196 ne,
750 2153 798 2192 Q.
812 2152 994 2189 Terentio
1016 2151 1200 2189 Culleone

85 2217 261 2261 praetore,
291 2227 460 2252 caussam
490 2216 572 2265 lege
593 2216 744 2253 Petillia
771 2217 928 2260 diceret,
956 2223 994 2252 et
1023 2216 1203 2252 incendio

85 2275 201 2312 alieni
222 2276 372 2327 judicii,
402 2294 477 2330 quo
496 2281 543 2318 L.
559 2282 687 2333 Scipio
717 2283 915 2319 damnatus
943 2288 1036 2324 erat,
1058 2280 1201 2317 confla-

82 2346 209 2389 graret
221 2357 233 2389 5
265 2354 311 2379 eo
330 2342 602 2383 infensioribus
631 2347 672 2383 in
691 2358 745 2392 se,
767 2359 879 2397 quam
904 2346 943 2383 in
963 2345 1083 2390 illum,
1094 2343 1201 2396 judi-
