1546 2648
234 141 389 171 LIBER
412 137 594 168 XXXIX.
626 137 732 166 cAP.
753 136 940 166 XXXIX·
1077 136 1157 180 199

52 242 139 267 men
157 230 237 281 ejus
263 230 451 280 acciperet
469 243 476 265 :
508 227 657 272 deinde,
677 234 720 264 ut
738 240 784 264 ex
802 226 1029 263 auctoritate
1049 238 1156 263 sena·
1170 228 1212 259 U.
1224 228 1262 260 C.
1279 232 1352 259 569.

50 301 110 330 tus
130 295 228 331 idem
255 294 409 338 faceret,
441 293 659 330 convocatis
684 291 876 335 Patribus,
895 290 1030 340 referre
1056 303 1092 328 se
1110 273 1210 328 adA'
1224 272 1262 304 C’
1279 277 1353 303 ¹⁸⁴⁷

50 369 121 401 eos,
151 358 260 401 dixit,
282 359 377 407 quod
403 369 467 393 nec
485 355 572 404 jure
599 356 690 399 ullo,
710 355 960 406 necsexemplo
980 355 1161 391 tolerabili

50 421 167 458 liberae
195 423 334 458 civitati
361 422 475 458 aedilis
502 421 636 457 curulis
662 421 867 468 designatus
882 423 1080 468 praeturam
1094 430 1159 468 pe-

51 490 154 529 teret,
174 487 252 529 sibi,
272 487 341 522 nisi
368 487 455 535 quid
482 486 586 522 aliud
605 487 648 522 iis
665 486 859 529 videretur,
879 486 918 521 in
936 486 1056 521 animo
1075 495 1159 527 esse,

13 543 18 550 ⁸
49 562 68 587 e
87 551 161 600 lege
179 553 326 588 comitia
345 552 482 588 habere.
512 552 644 588 Patres
666 556 907 594 censuerunt,
929 550 985 586 uti
1005 549 1050 587 L.
1063 549 1161 586 Por-

50 614 129 651 cius
159 615 293 652 consul
321 629 406 652 cum
435 617 484 656 Q.
503 615 639 652 Fulvio
664 622 807 665 ageret,
827 628 876 652 ne
901 614 1162 665 inpedimento

51 685 164 722 esset,
185 692 261 729 quo
283 680 406 716 minus
434 680 590 717 comitia
614 680 786 731 praetoris
811 680 852 716 in
870 679 997 716 locum
1017 678 1061 715 C.
1080 677 1162 715 De-

49 743 155 779 cimii
175 744 405 794 subrogandi
425 758 445 781 e
463 745 547 794 lege
565 745 808 782 haberentur.
853 744 998 794 Agenti
1016 742 1165 781 consuli

50 818 98 842 ex
116 809 446 845 senatusconsulto
476 809 673 859 respondit
697 807 870 852 Flaccus,
890 809 995 852 nihil,
1016 808 1112 857 quod
1129 818 1166 843 se

49 870 237 919 indignum
256 878 355 917 esset,
365 873 573 922 facturum,
626 873 761 910 Medio
780 886 963 924 responso
993 885 1098 923 spem
1116 871 1165 908 ad

49 934 286 973 voluntatem
314 938 653 989 interpretantibus
681 938 838 981 fecerat,
869 949 1062 974 cessurum
1089 936 1165 972 Pa·

50 1003 150 1036 trum
174 1002 393 1038 auctoritati
413 1015 505 1039 esse.
563 1002 739 1038 Comitiis
760 1002 881 1038 acrius
902 1001 1030 1044 etiam,
1052 1011 1166 1049 quam

0 1113 1 1116 Ἴ
51 1070 154 1109 ante,
175 1066 343 1116 petebat,
364 1067 615 1110 criminando,
636 1067 854 1116 extorqueri
877 1065 950 1102 sibi
969 1079 991 1102 a
1010 1063 1167 1102 consule

51 1134 90 1164 et
118 1136 251 1166 senatu
281 1131 413 1181 populi
442 1131 610 1168 Romani
641 1130 883 1174 beneficium,
914 1135 952 1166 et
985 1129 1167 1166 invidiam

0 1189 2 1236 l,
49 1193 234 1240 geminati
254 1195 410 1231 honoris
431 1195 535 1241 fieri3
559 1200 752 1244 tamquam
771 1207 850 1230 non
870 1194 1082 1245 adpareret,
1099 1193 1167 1230 ubi

0 1265 2 1292 ἰ
51 1257 270 1307 designatus
290 1267 431 1311 praetor
451 1266 562 1304 esset,
585 1259 776 1310 extemplo
801 1259 978 1295 aedilitate
999 1271 1038 1295 se
1057 1258 1166 1296 abdi-

51 1314 236 1362 catu'rum,
294 1324 454 1369 Consul,
488 1337 604 1374 quum
636 1330 674 1360 et
709 1324 958 1378 pertinaciam
999 1324 1165 1375 petentis

50 1399 231 1432 crescere,
253 1396 291 1426 et
311 1389 479 1426 favorem
505 1389 638 1441 populi
663 1390 782 1439 magis
799 1390 995 1439 magisque
1021 1390 1060 1426 in
1081 1402 1167 1425 eum

49 1452 224 1490 inclinari
249 1462 434 1499 cerneret,
457 1456 618 1492 dimissis
650 1455 827 1498 comitiis,
850 1462 1023 1491 senatum
1052 1467 1166 1491 voca·

49 1519 127 1556 vit:
161 1528 389 1558 censuerunt
415 1521 647 1570 frequenteS,
664 1523 833 1570 quoniam
851 1521 1020 1557 Flaccum
1041 1524 1168 1556 aucto-

49 1586 141 1621 ritas
161 1586 318 1622 Patrum
345 1587 437 1623 nihil
463 1588 640 1630 movisset,
661 1588 710 1622 ad
734 1586 913 1635 populum
940 1598 1018 1622 cum
1038 1585 1168 1621 Flacco

50 1651 242 1696 agendum.
284 1650 481 1687 Concione
501 1650 697 1693 advocata,
719 1663 833 1699 quum
855 1649 994 1698 egisset
1009 1647 1142 1685 consul
1151 1664 1163 1694 ;

50 1724 99 1748 ne
127 1719 208 1749 tum
237 1714 387 1763 quidem
418 1715 462 1751 de
492 1714 681 1751 sententia
700 1719 840 1756 motuS,
862 1713 1002 1762 gratias
1022 1711 1168 1763 populo

49 1775 230 1813 Romano
259 1778 351 1827 egit,
372 1780 468 1826 quod
498 1783 599 1814 tanto
625 1779 759 1821 studio,
791 1778 1078 1826 quotiescumque
1105 1777 1166 1813 de-

49 1841 231 1878 clarandoe
257 1843 454 1878 voluntatis
479 1847 640 1890 potestas
655 1841 770 1891 facta
789 1847 889 1885 esset,
908 1846 1100 1892 praetorem
1130 1853 1168 1878 se

0 1937 2 1958 s
48 1907 215 1943 voluisset
231 1907 375 1956 facere.
431 1908 489 1944 Ea
510 1908 575 1944 sibi
601 1909 723 1944 studia
743 1909 873 1944 civium
890 1920 1036 1944 suorum
1056 1908 1165 1943 desti-

51 1975 150 2007 tuere
177 1985 249 2009 non
280 1975 316 2008 in
347 1974 466 2009 animo
495 1985 577 2009 esse.
633 1972 730 2008 Haec
757 1984 848 2008 vero
869 1978 949 2008 tam
969 1971 1166 2008 obstinata

50 2047 126 2071 vox
153 2041 304 2072 tantum
333 2037 368 2073 ei
403 2037 571 2073 favorem
601 2036 787 2079 accendit,
823 2042 864 2072 ut
895 2035 998 2071 haud
1026 2035 1163 2072 dubius

51 2105 191 2148 praetor
210 2106 321 2144 esset,
342 2102 373 2137 si
401 2101 535 2138 consul
553 2101 724 2150 accipere
743 2113 885 2137 nomen
914 2099 1039 2137 vellet.
1096 2099 1163 2136 In-

52 2173 145 2210 gens
175 2170 365 2202 certamen
397 2165 574 2209 tribunis,
596 2172 633 2201 et
662 2166 762 2201 inter
787 2177 827 2201 se
860 2166 977 2216 ip808,
1009 2171 1048 2201 et
1076 2177 1162 2201 cum
1175 2167 1309 2219 Sublata
1321 2170 1356 2200 S.

53 2225 221 2269 consule,
242 2227 340 2265 fuit:
371 2229 491 2266 donec
511 2235 663 2265 senatus
691 2242 714 2266 a
732 2228 888 2265 consule
917 2235 973 2265 est
992 2228 1161 2272 habitus,
1175 2211 1211 2243 C·
1224 2220 1367 2244 comum·

50 2288 341 2343 decretumque:
372 2295 555 2341 quoniam,
581 2295 749 2342 praetoris
771 2293 990 2342 subrogandi
1017 2295 1164 2330 comitia

567 2357 654 2396 Κ4
