1546 2648
312 143 396 185 204
460 125 464 131 ’
763 144 810 174 Τ.
834 144 967 174 mvn

118 240 391 284 U.c.568,quo
419 244 554 270 censor
581 231 738 283 objecit,
765 233 857 277 sive,
887 239 930 270 ut
957 231 1130 270 Valerius
1158 232 1289 276 tradit,
1317 244 1421 270 com-

121 288 163 318 Α·
175 285 213 319 c·
229 294 303 321 ¹⁸4·
316 298 474 335 missum
493 303 565 340 est,
586 304 725 333 saevu‘m
747 303 861 346 atque
880 304 990 333 atrox
1009 312 1015 332 ε
1039 296 1138 332 inter
1156 294 1292 347 pocula
1310 302 1423 346 atque

125 1134 282 1166 Severitas

124 1187 158 1209 m
174 1188 286 1212 censu.

312 361 458 413 epulas,
478 361 541 398 ubi
561 360 680 397 libare
697 360 783 398 Diis
812 361 941 413 dapes,
962 359 1025 397 ubi
1048 359 1146 396 bene
1175 360 1321 410 precari
1337 370 1421 396 mos

313 432 428 470 esset,
444 426 490 463 ad
502 424 757 476 spectaculum
776 427 889 463 scorti
904 426 1090 477 procaciS‚
1107 426 1145 461 in
1158 425 1243 461 sinu
1257 422 1422 461 consulis

313 489 546 533 recubantis,
566 495 772 526 mactatam
800 490 1007 527 humanam
1036 489 1228 525 victimam
1261 500 1356 531 esse,
1385 491 1425 523 et

313 568 449 593 cruore
479 568 650 592 mensam
685 568 906 606 respersam.
963 555 1009 591 In
1048 560 1216 591 extrema
1251 553 1425 590 oratione

316 619 477 656 Catonis
508 619 679 655 conditio
710 619 898 658 Quinctio
922 618 1056 661 fertur,
1086 624 1142 661 ut,
1163 617 1195 653 si
1222 616 1260 653 id
1280 616 1425 653 factum

314 688 488 733 negaret,
519 689 732 733 ceteraque,
762 694 846 733 quae
878 681 1096 733 objecisset,
1130 681 1336 732 sponsione
1360 680 1426 717 de-

314 747 488 786 fenderet
505 760 586 784 sese
601 763 609 784 :
641 749 700 784 sin
718 747 915 791 fateretur,
936 746 1194 796 ignominiane
1209 758 1277 782 sua
1295 757 1427 796 quem·

315 825 429 862 quam
456 812 662 849 doliturum
691 818 875 856 censeret,
896 820 1011 861 quum
1039 812 1134 861 ipse,
1164 811 1254 847 vino
1283 815 1321 845 et
1348 809 1426 846 Ve-

317 888 406 914 nere
426 889 570 921 amens,
591 877 774 926 sanguine
791 877 958 915 hominis
978 876 1016 912 in
1037 875 1211 912 convivio
1229 874 1408 911 lusisset?

371 941 519 979 XLIV.
548 941 595 978 In
629 942 800 991 equitatu
844 939 1153 990 recognoscendo
1187 938 1234 975 L.
1254 938 1424 990 Scipioni

316 1005 500 1055 Asiageni
519 1006 689 1043 ademtus
710 1018 826 1055 equus
845 1021 852 1042 :
885 1006 925 1042 in
952 1004 1125 1041 censibus
1155 1016 1304 1053 quoque
1326 1003 1425 1040 acci-

316 1070 462 1121 piendis
488 1071 606 1107 tristis
637 1076 675 1106 et
704 1082 837 1121 aspera
863 1070 903 1106 in
933 1081 1063 1106 omnes
1092 1068 1240 1104 ordines
1268 1078 1426 1104 censura

317 1134 404 1174 fuit.
460 1135 698 1172 Ornamenta
726 1141 764 1171 et
781 1141 924 1171 vestem
943 1132 1164 1170 muliebrem
1183 1139 1221 1169 et
1238 1132 1425 1177 vehicula,

319 1215 402 1253 quae
421 1201 553 1253 pluris,
571 1215 683 1252 quam
699 1202 912 1251 quindecim
933 1200 1092 1237 millium
1112 1201 1208 1243 aeris,
1229 1205 1367 1243 essent,
1386 1198 1427 1236 in

318 1279 474 1304 censum
492 1266 631 1303 referre
649 1267 812 1303 viatores
826 1265 943 1316 jussit
959 1279 966 1300 :
980 1254 1080 1301 ‘item
1096 1264 1284 1314 mancipia
1302 1264 1426 1300 mino-

317 1340 361 1369 ra
380 1332 487 1369 annis
507 1332 658 1381 viginti,
679 1345 761 1381 quae
780 1337 869 1382 post
887 1331 1102 1381 proximum
1120 1328 1279 1365 lustrum
1298 1328 1427 1365 decem

316 1396 483 1434 millibus
505 1396 602 1440 aer1s‚
624 1403 691 1433 aut
709 1409 754 1433 eo
771 1395 903 1447 pluris,
920 1396 1126 1437 venissent,
1142 1394 1199 1430 uti
1218 1392 1262 1430 ea
1277 1405 1426 1443 quoque

315 1460 440 1498 decies
459 1466 570 1498 tanto
589 1460 720 1511 pluris,
742 1473 853 1509 quam
874 1459 1005 1508 quanti
1025 1462 1164 1501 essent,
1194 1457 1426 1494 aestimaren-

317 1530 382 1561 tur
397 1541 408 1570 5
440 1530 478 1561 et
504 1525 565 1560 his
591 1523 703 1562 rebus
731 1523 907 1560 omnibus
936 1523 1034 1558 terni
1063 1522 1101 1558 in
1122 1520 1240 1558 millia
1258 1522 1340 1558 aeris
1360 1521 1426 1558 ad·

317 1587 598 1626 tribuerentur:
632 1599 767 1637 aquam
786 1586 976 1638 publicam
997 1598 1161 1629 omnem,
1181 1587 1220 1623 in
1239 1587 1427 1637 privatum

320 1650 520 1691 aedificium
539 1658 605 1690 aut
624 1665 756 1701 agrum
784 1652 977 1695 fluentem,
998 1652 1218 1688 ademerunt
1230 1667 1240 1696 ;
1273 1658 1324 1694 et,
1344 1664 1428 1700 quae

319 1717 361 1754 in
388 1717 474 1754 loca
501 1715 653 1767 publica
672 1710 898 1753 inaedificata
917 1715 1136 1752 inmolitave
1155 1715 1291 1764 privati
1310 1713 1427 1750 habe—

318 1779 428 1825 bant,
448 1782 549 1817 intra
577 1781 655 1817 dies
685 1781 843 1829 triginta
872 1779 1042 1816 demoliti
1063 1786 1160 1816 sunt.
1217 1778 1344 1829 Opera
1363 1779 1428 1815 de-

318 1845 409 1882 inde
427 1845 600 1882 facienda
628 1858 674 1882 ex
693 1845 843 1882 decreta
864 1845 901 1880 in
921 1857 1004 1880 eam
1031 1856 1112 1880 rem
1131 1844 1304 1893 pecunia,
1324 1843 1428 1880 lacus

320 1910 542 1946 sternendos
572 1909 710 1959 lapide,
731 1910 1066 1958 detergendasque,
1087 1921 1160 1957 qua
1191 1920 1285 1958 opus
1314 1913 1427 1952 esset,

319 1972 468 2010 cloacas
486 1990 496 2019 ;
528 1975 567 2009 in
587 1974 778 2009 Aventino
799 1980 835 2010 et
863 1974 904 2009 in
930 1973 1010 2009 aliis
1032 1971 1215 2022 partibus,
1236 1984 1311 2021 qua
1328 1984 1426 2008 non·

320 2036 411 2072 dum
446 2044 567 2080 erant,
606 2036 795 2073 faciendas
832 2037 1064 2073 locaverunt.
1137 2035 1190 2071 Et
1226 2036 1446 2085 separatim'

320 2099 479 2138 Flaccus
502 2100 641 2137 molem
664 2102 711 2138 ad
740 2102 954 2152 Neptunias
976 2113 1106 2150 aquas,
1126 2107 1167 2136 ut
1196 2100 1267 2136 iter
1285 2100 1428 2152 populo

322 2170 434 2208 esset,
456 2171 493 2201 et
513 2166 611 2202 viam
631 2178 697 2216 per
711 2166 956 2202 Formianum
976 2170 1156 2201 montem.
1213 2165 1311 2201 Cato
1331 2166 1447 2202 atria*

319 2228 412 2272 duo,
431 2227 615 2265 Maenium
635 2236 673 2266 et
691 2229 836 2266 Titium
857 2231 895 2266 in
914 2230 1120 2273 lautumiis,
1137 2235 1174 2266 et
1191 2236 1352 2279 quatuor
1367 2235 1426 2267 ta-

312 2292 471 2340 ,bei-nas,
501 2294 542 2331 in
566 2293 765 2346 ,publicum
794 2295 885 2332 emit
900 2310 911 2341 5
942 2294 1211 2346 basilicamque
1235 2293 1288 2333 ibi
1318 2293 1448 2340 fecit‚¹
1502 2281 1509 2288 ³
