1546 2648
358 178 514 208 LIBER
540 177 745 206 xxxvll.
776 175 885 205 CAP.
908 176 1028 206 XXX.
1187 174 1240 220 37

132 268 390 318 instructaque
420 269 533 311 acies,
560 266 663 304 velut
692 272 864 302 cerneret
892 267 1033 315 regios,
1064 266 1104 302 in
1135 265 1252 302 altum
1267 279 1309 309 U,
1326 278 1364 308 c,
1383 282 1456 308 562.

131 334 340 382 processit:
373 334 472 369 inter
499 333 758 382 Myonnesum
791 338 827 367 et
853 332 1041 380 Corycum
1071 343 1253 380 promon-
1266 323 1306 354 A·
1323 314 1361 352 C·
1381 328 1453 353 ¹90²

131 399 272 434 torium
303 405 424 441 erant,
446 410 560 447 quum
590 397 740 432 hostem
771 408 1013 446 conspexere.
1070 395 1124 430 Et
1152 394 1256 443 regia

133 461 278 506 classis,
298 462 397 498 binis
418 463 458 498 in
487 462 658 498 ordinem
686 460 845 497 navibus
871 459 990 508 longo
1020 460 1171 507 agmine
1191 471 1254 495 ve-

136 527 257 570 niens,
293 535 331 563 et
364 528 446 577 ipsa
477 527 599 563 aciem
637 526 831 561 adversam
862 524 1070 573 explicuit3
1103 530 1255 559 tantum

134 589 229 626 laevo
260 599 390 627 evecta
419 603 553 633 cornu,
584 596 625 625 ut
661 588 838 638 amplecti
869 595 906 623 et
935 588 1131 623 circumire
1163 587 1255 623 dex-

137 662 260 692 terum
280 668 398 692 cornu
421 655 686 691 Romanorum
713 658 866 703 posset:
900 651 1001 700 quod
1033 651 1096 687 ubi
1125 651 1254 687 Euda-

137 733 235 764 mus,
265 721 328 770 qui
358 721 521 770 cogebat
550 732 701 768 agmen,
722 718 830 761 vidit,
858 729 936 753 non
967 729 1078 766 posse
1108 728 1257 765 aequare

140 785 309 822 ordinem
330 785 543 828 Romanos,
566 791 603 820 et
629 791 779 819 tantum
807 795 884 818 non
908 780 992 831 jam
1026 782 1216 818 circumiri
1235 796 1258 819 a

138 849 271 885 dextro
306 862 438 892 cornu,
469 849 638 885 concitat
673 859 816 891 naves3
861 848 917 893 (et
953 852 1061 882 erant
1093 846 1258 883 Rhodiae

138 912 252 962 longe
288 914 458 950 omnium
496 912 699 949 celerrimae
736 917 821 947 tota
859 910 994 956 classe)
1033 919 1258 960 aequatoque

139 988 271 1021 cornu,
310 978 497 1028 praetoriae
541 977 642 1020 navi,
680 977 720 1012 in
757 988 830 1025 qua
867 975 1122 1025 Polyxenidas
1160 982 1255 1021 erat,

136 1054 241 1079 suam
261 1042 415 1092 objecit.

193 1107 330 1144 XXX.
359 1107 447 1143 Jam
472 1108 564 1144 totis
585 1106 766 1143 classibus
797 1106 909 1142 simul
937 1106 984 1142 ab
1014 1107 1118 1142 omni
1148 1112 1255 1156 parte
1268 1106 1388 1154 Pugna.

139 1184 267 1223 pugna
288 1178 463 1209 conserta
482 1180 574 1209 erat.
630 1172 691 1208 Ab
712 1171 898 1208 Romanis
920 1172 1119 1220 octoginta
1141 1184 1254 1208 naves
1268 1154 1421 1224 ffiffiffmt‘

138 1236 375 1286 pugnabant,
397 1249 443 1272 ex
463 1235 598 1285 quibus
620 1235 782 1272 Rhodiae
803 1235 885 1271 duae
916 1241 953 1270 et
973 1236 1108 1283 viginti
1135 1242 1254 1273 erant.

140 1299 322 1336 Hostium
338 1300 466 1336 classis
488 1300 800 1347 undenonaginta
816 1299 968 1335 navium
988 1298 1074 1341 fuit,
1090 1306 1128 1334 et
1147 1312 1256 1336 max-

139 1364 224 1400 imae
247 1363 378 1399 formae
404 1376 517 1399 naves
547 1370 622 1399 tres
651 1364 808 1399 hexeres
839 1362 1020 1405 habebat,
1042 1363 1132 1398 duas
1163 1364 1257 1414 hep-

138 1434 250 1464 teres.
306 1427 463 1464 Robore
493 1428 646 1464 navium
673 1435 710 1463 et
728 1427 870 1462 virtute
898 1426 1061 1462 militum
1088 1427 1258 1464 Romani

138 1492 254 1541 longe
283 1493 407 1542 regios
441 1492 699 1544 praestabant:
731 1491 895 1527 Rhodiae
925 1504 1037 1527 naves
1068 1492 1255 1540 agilitate,

139 1563 177 1592 et
206 1564 286 1592 arte
315 1556 627 1606 gubernatorum,
649 1562 687 1592 et
706 1556 864 1592 scientia
884 1556 1082 1605 remigum.
1139 1556 1254 1593 Max-

138 1622 217 1657 imo
246 1629 374 1658 tamen
410 1621 583 1657 hostibus
613 1621 749 1656 terrori
779 1620 898 1662 fuere,
930 1633 1012 1669 quae
1044 1621 1149 1669 ignes
1180 1634 1257 1671 prae

141 1698 180 1722 se
199 1686 405 1736 portabant
423 1701 430 1721 ε
464 1692 515 1728 et,
537 1686 638 1734 quod
658 1698 773 1721 unum
792 1685 837 1720 iis
859 1685 906 1721 ad
930 1684 1163 1721 Fauorinum
1184 1686 1258 1722 cir-

138 1751 346 1786 cumventis
377 1750 489 1787 saluti
518 1750 656 1794 fuerat,
677 1750 715 1785 id
745 1756 826 1785 tum
854 1750 1059 1785 maximum
1085 1740 1257 1786 momen-

138 1822 221 1854 tum
241 1817 287 1853 ad
307 1817 505 1852 victoriam
524 1816 609 1853 fuit.
665 1815 768 1851 Nam
788 1822 892 1851 metu
912 1816 1010 1864 ignis
1031 1815 1177 1851 adversi
1198 1829 1257 1852 re-

139 1883 210 1932 giae
240 1895 367 1925 naves,
398 1895 446 1917 ne
474 1895 588 1932 prora
618 1887 901 1922 concurrerent,
923 1894 1039 1929 quum
1069 1880 1257 1917 declinas-

139 1953 237 1990 sent,
262 1958 384 1994 neque
414 1946 503 1996 ipcae
533 1945 642 1981 ferire
671 1953 796 1980 rostro
825 1945 975 1980 hostem
1005 1951 1197 1994 poterant,
1219 1951 1258 1981 et

139 2011 311 2060 obliquas
347 2023 386 2046 se
419 2011 510 2060 ipsae
543 2010 590 2046 ad
620 2010 715 2045 ictus
750 2009 998 2058 praebebant:
1032 2015 1082 2051 et,
1118 2009 1148 2044 si
1184 2022 1259 2057 qua

141 2083 396 2118 concurrerat,
428 2073 660 2110 obruebatur
690 2073 815 2108 infuso
846 2073 952 2121 igni;
985 2073 1180 2121 magisque
1209 2072 1258 2108 ad

140 2140 369 2182 incendium,
386 2152 503 2188 quam
533 2139 579 2175 ad
608 2138 799 2188 proelium,
820 2137 1073 2187 trepidabant.
1132 2136 1256 2172 Pluri-

141 2216 245 2239 mum
275 2210 414 2247 tamen,
437 2217 519 2253 quae
539 2202 650 2245 solet,
672 2202 835 2238 militum
856 2203 972 2237 virtus
1002 2202 1042 2236 in
1071 2200 1172 2236 bello
1193 2214 1257 2237 va-

139 2267 234 2303 luit:
267 2267 427 2303 mediam
443 2280 605 2316 namque
625 2267 744 2302 aciem
765 2266 932 2301 hostium
955 2264 1119 2300 Romani
1141 2277 1257 2312 quum

137 2331 344 2383 rupissent,
365 2332 606 2369 circumvecti
628 2331 674 2369 ab
702 2338 811 2380 tergo
839 2329 1099 2383 pugnantibus
1128 2329 1260 2380 adver:
