1546 2648
305 202 459 231 LIBER
483 161 687 229 xxxvtn.
722 201 828 228 CAP.
854 200 995 230 XLIV.
1138 196 1192 243 53

79 292 287 330 belluarum
313 291 589 328 obtererentur.
647 289 693 325 In
715 290 846 325 castris
868 301 1019 338 quoque
1044 289 1193 338 ingens,
1210 292 1299 324 U.C.
1317 296 1390 324 562.

78 364 116 393 et
137 356 258 406 major
284 368 402 406 prope
422 368 534 404 quam
563 355 600 390 in
621 355 716 397 acie,
738 354 856 390 caedes
874 362 930 389 est
950 354 1074 390 edita:
1108 339 1247 389 namA’
1262 337 1298 368 ι·
1320 344 1389 369 ¹90'

81 428 119 457 et
144 422 351 471 primorum
378 419 469 468 fuga
495 420 533 454 in
564 426 687 454 castra
718 419 880 454 maxime
910 417 1125 462 inclinavit3
1159 424 1198 454 ct

78 483 190 535 hujus
226 484 361 520 fiducia
390 482 661 525 multitudinis,
699 483 763 530 qui
796 482 834 517 in
864 482 1038 531 praesidio
1074 488 1197 524 erant,

79 550 309 599 pertinacius
340 561 408 599 pro
438 547 537 583 vallo
570 554 807 596 pugnarunt:
840 547 978 582 retenti
1005 547 1042 581 in
1079 547 1197 596 portis

81 613 267 662 valloque,
289 627 372 662 quae
403 625 442 648 se
468 613 601 661 inpetu
635 611 718 660 ipso
743 617 919 661 capturos
947 610 1196 653 crediderant,

80 677 263 721 Romani,
284 684 486 728 postquam
505 676 660 712 tandein
680 680 946 726 perruperunt,
969 675 1016 711 ab
1037 675 1092 710 ira
1112 687 1197 723 gra-

83 744 226 780 viorem
247 744 444 780 ediderunt
464 742 617 778 caedem.

137 807 284 844 XLIV.
314 807 375 843 Ad
395 807 672 856 quinquaginta
692 804 808 840 millia
836 805 1005 855 peditum
1032 818 1128 842 caesa
1154 818 1200 842 eo

84 871 144 907 die
163 871 351 915 dicuntur,
373 871 542 920 equitum
569 871 642 906 tria
667 869 806 914 niillia5
839 869 941 905 mille.
964 877 1002 905 et
1021 870 1201 919 quadrin-

85 937 189 985 genti
207 937 324 986 capti,
343 943 381 972 et
401 936 616 985 quindecim
642 947 727 970 eum
757 934 968 970 rectoribus
995 934 1201 985 elephanti.

85 1000 349 1037 Romanorum
370 1000 517 1048 aliquot
536 999 722 1035 vulnerati
743 1006 852 1044 sunt5
871 992 1104 1042 ¹ceciderunt
1123 1013 1203 1036 non

84 1064 168 1115 plus
189 1065 347 1101 trecenti
371 1063 530 1114 pedites,
556 1070 719 1112 quatuor
741 1069 779 1099 et
798 1064 933 1112 viginti
961 1065 1130 1112 eqnites5
1165 1073 1204 1100 et

88 1129 134 1165 de
154 1129 335 1165 Eumenis
353 1129 521 1165 exercitu
536 1129 701 1178 quinque
722 1135 760 1164 et
780 1128 927 1176 viginti.
963 1128 1015 1164 Et
1034 1128 1100 1164 illo
1120 1130 1204 1178 qui-

90 1193 174 1229 dem
195 1193 253 1229 die
274 1194 450 1236 victores,
467 1193 622 1243 direptis
641 1194 810 1229 hostium
831 1194 978 1237 castris,
997 1207 1082 1229 cum
1099 1207 1204 1243 mag-

89 1270 138 1294 na
158 1259 284 1308 praeda
302 1258 339 1293 in
362 1271 429 1294 sua
445 1264 680 1294 reverterunt
696 1274 705 1303 ς
739 1265 893 1308 postero
911 1259 970 1294 die
990 1258 1207 1309 spoliabant

88 1335 271 1358 caesorum
292 1335 465 1373 corpora,
488 1329 525 1358 et
545 1324 714 1373 captivos
739 1323 1030 1360 contrahebant.
1066 1322 1207 1373 Legati

91 1386 139 1423 ab
159 1387 345 1436 Thyatira
364 1395 401 1422 et
424 1400 446 1422 a
472 1386 673 1436 NIagnesia
690 1388 735 1423 ad
756 1387 925 1437 Sipylum
950 1388 996 1423 ad
1019 1387 1205 1424 dedendas

87 1450 198 1486 urbes
218 1457 414 1487 venerunt.
471 1452 701 1494 Antiochus,
724 1465 809 1488 cum
830 1453 958 1501 paucis
979 1451 1144 1500 fugiens,
1166 1454 1206 1488 in

87 1515 171 1565 ipso
191 1516 326 1550 itinere
346 1515 516 1565 pluribus
537 1516 860 1565 congregantibus
881 1529 934 1559 se,
956 1517 1106 1553 modica
1125 1530 1205 1553 ma-

88 1592 140 1615 nu
160 1587 391 1615 armatorum
412 1581 535 1616 media
555 1581 672 1617 ferme
692 1587 806 1617 nocte
829 1581 961 1617 Sardes
980 1582 1202 1618 contendit:

87 1644 188 1686 inde,
216 1657 332 1692 quum
362 1645 542 1689 audisset,
574 1646 774 1682 Seleucum
808 1646 927 1682 filium
955 1653 993 1683 et
1022 1647 1206 1696 quosdam

88 1709 294 1745 amicorum
314 1710 525 1759 Apameam
553 1724 796 1760 praegressos,
819 1719 855 1747 et
885 1712 965 1762 ipse
989 1720 1124 1761 quarta
1151 1712 1206 1748 vi·
1242 1739 1247 1744 „

88 1772 179 1822 gilia
204 1786 287 1810 cum
317 1774 479 1824 conjuge
506 1788 549 1811 ac
579 1775 656 1812 filia
686 1777 781 1826 petit
808 1777 1031 1827 Apameam,
1056 1777 1209 1813 Zenoni

87 1837 227 1874 tradita
256 1840 429 1875 custodia
456 1840 573 1883 urbis,
611 1841 775 1878 Timone
804 1842 937 1891 Lydiae
971 1843 1202 1892 praeposito:

89 1902 222 1951 quibus
254 1905 404 1954 spretiS‚
439 1918 626 1942 consensu
661 1907 940 1957 oppidanorum
973 1913 1010 1943 et
1043 1907 1207 1943 militum

89 1967 153 2017 qui
172 1968 210 2004 in
229 1981 314 2005 arce
334 1976 456 2013 erant,
477 1970 594 2019 legati
615 1971 661 2007 ad
681 1972 876 2008 consulem
896 1973 1001 2008 missi
1020 1979 1122 2009 sunt.

141 2031 267 2069 XLV.
299 2033 375 2070 Sub
393 2034 490 2070 idem
512 2034 590 2071 fere
610 2042 758 2085 tempus
780 2043 816 2072 et
837 2036 884 2072 ab
904 2035 1112 2080 Trallibus,
1128 2042 1165 2073 et
1185 2050 1207 2073 a

88 2095 303 2144 Magnesia,
324 2111 407 2147 quae
433 2111 546 2149 super
572 2100 811 2137 Maeandrum
832 2108 902 2144 est,
924 2108 962 2137 et
982 2101 1028 2137 ab
1049 2101 1206 2152 Epheso

89 2158 205 2208 legati
224 2161 272 2197 ad
291 2161 478 2199 dedendas
504 2163 615 2200 urbes
644 2171 841 2202 venerunt.
898 2165 1123 2215 Reliquerat
1151 2166 1207 2202 E-

91 2224 251 2274 phesum
271 2226 539 2276 Polyxenidas,
562 2229 691 2265 audita
712 2243 854 2279 pugna,
876 2237 928 2274 et,
949 2230 1068 2266 classe
1089 2243 1207 2280 usque

91 2288 140 2324 ad
159 2288 298 2326 Patara
315 2290 443 2340 Lyciae
469 2300 682 2342 pervectuS,
707 2301 809 2331 metu
837 2296 1012 2332 stationis
1033 2294 1206 2331 Rhodia-

89 2364 175 2390 rum
197 2353 363 2399 navium,
380 2368 462 2406 quae
479 2356 523 2393 ad
539 2356 735 2405 Megisten
754 2366 847 2403 erat,
864 2360 904 2396 in
925 2367 1063 2396 terram
1080 2370 1205 2408 egres-

598 2420 678 2458 D3
