1546 2648
339 165 418 206 268
470 179 474 184 ·
780 177 827 207 T.
853 178 986 208 mvn

143 271 187 302 U.
200 271 323 308 0572.
337 273 425 304 ante
457 265 598 304 Gentio
627 265 706 315 regi
734 266 916 316 legatisve
951 266 1032 318 ejus
1071 281 1292 320 responsum
1323 271 1439 313 reddi.

142 313 234 346 A'C'
252 322 443 369 ¹⁸³⁰‘Inter
471 331 609 369 multos
642 331 750 375 alios,
771 345 865 381 quos
894 331 1113 382 pestilentia
1142 333 1223 384 ejus
1253 336 1343 371 anni
1372 335 1439 372 ab-

335 396 484 439 sumsit,
504 394 715 432 sacerdotes
736 408 885 444 quoque
913 395 1059 445 aliquot
1077 398 1215 433 mortui
1235 403 1335 434 sunt.
1391 397 1440 435 L.

336 458 508 496 Valerius
527 459 683 496 Flaccus
703 459 878 509 pontifex
901 465 1072 496 mortuus
1102 467 1159 497 est
1176 475 1184 497 z
1216 462 1254 497 in
1275 460 1355 511 ejus
1381 460 1440 498 lo-

333 535 420 569 cum
447 523 639 560 subfectus
669 529 727 559 est
754 523 802 562 Q.
822 522 962 560 Fabius
992 523 1136 561 Labeo.
1192 524 1235 561 P.
1254 525 1438 570 Manlius,

333 587 397 640 qui
431 599 550 637 nuper
579 600 623 623 ex
647 586 826 622 ulteriore
854 585 1043 636 Hispania
1071 587 1245 631 redierat,
1265 589 1439 626 triumvir

332 649 468 701 epulo:
501 649 553 686 Q.
572 649 725 686 Fulvius
757 648 814 685 M.
843 648 885 686 F.
914 650 953 685 in
984 650 1110 686 locum
1147 649 1227 699 ejus
1264 652 1438 690 triumvir

331 720 548 763 cooptatus,
571 718 650 748 tum
668 718 913 762 praetextatus
933 719 1024 748 erat.
1081 712 1142 748 De
1161 725 1249 762 rege
1267 715 1438 752 sacrifico

331 775 564 813 subficiendo
593 777 633 812 in
664 776 790 812 locum
817 776 887 812 Cu.
907 775 1076 812 Cornelii
1103 775 1315 813 Dolabellae
1344 791 1438 816 con-

330 840 453 876 tentio
482 841 581 877 inter
611 841 654 876 C.
675 839 873 876 Servilium
902 839 1120 890 pontificem
1141 841 1343 877 maximum
1363 842 1437 880 fuit

331 909 370 940 et
387 903 434 940 L.
451 903 670 941 Cornelium
694 902 935 940 Dolabellam
964 903 1200 939 duumvirum
1234 904 1405 942 navalem
1417 922 1429 951 i

330 979 456 1016 quem,
477 975 519 1004 ut
541 968 797 1017 inauguraret,
821 966 995 1016 pontifex
1023 967 1249 1015 magistratu
1268 980 1349 1004 sese
1367 969 1435 1006 ab-

331 1030 455 1067 dicare
476 1029 662 1081 jubebat:
694 1030 958 1079 recusantique
983 1030 1020 1066 id
1043 1030 1167 1067 facere
1185 1031 1235 1068 ob
1255 1044 1338 1069 eam
1356 1046 1436 1070 rem

329 1093 449 1130 multa
476 1093 673 1129 duumviro
702 1093 802 1128 dicta
827 1106 850 1129 a
867 1093 1047 1142 pontifice
1059 1109 1070 1139 3
1103 1093 1223 1142 deque
1242 1107 1299 1138 ea,
1320 1109 1435 1144 quum

329 1164 586 1207 provocasset,
617 1162 801 1192 certatum
831 1156 877 1192 ad
905 1156 1098 1206 populum.
1155 1157 1281 1196 Quum
1311 1158 1436 1209 plures

322 1221 407 1272 jam
424 1221 558 1266 tribus,
576 1223 678 1258 intro
696 1228 855 1265 vocatae,
876 1221 979 1258 dicto
1005 1233 1086 1258 esse
1106 1221 1320 1258 audientem
1338 1235 1435 1272 pon-

328 1285 420 1322 tifici
451 1286 702 1328 duumvirum,
725 1284 907 1335 juberent
921 1301 933 1331 3
965 1285 1197 1334 multamque
1225 1286 1384 1329 remitti,
1404 1286 1436 1323 si

328 1349 553 1398 magistratu
582 1361 621 1385 se
649 1348 859 1385 abdicasset
874 1364 885 1394 3
919 1348 1091 1384 ultimum
1117 1348 1163 1385 de
1192 1347 1303 1391 coelo,
1334 1349 1435 1398 quod

329 1405 486 1449 comitia
502 1412 686 1455 turbaret,
707 1412 931 1448 intervenit:
956 1411 1089 1460 religio
1108 1411 1195 1448 inde
1213 1411 1288 1447 fuit
1306 1412 1434 1462 ponti-

327 1475 460 1512 ficibus
494 1475 744 1524 inaugurandi
772 1474 996 1512 Dolabellae.
1053 1475 1097 1511 P.
1124 1464 1303 1510 Cloe'lium
1328 1475 1435 1512 Sicu-

325 1538 406 1576 lum
438 1540 726 1589 inaugurarunt,
765 1539 829 1588 qui
862 1539 1027 1575 secundo
1063 1537 1150 1574 loco
1186 1539 1433 1587 inauguratus

327 1610 420 1640 erat.
476 1603 596 1640 Exitu
625 1603 714 1639 anni
744 1609 781 1638 et
816 1602 860 1638 C.
882 1602 1059 1638 Servilius
1089 1602 1270 1638 Geminus
1305 1603 1435 1652 ponti-

323 1665 389 1703 fex
423 1667 609 1703 maximus
647 1666 834 1711 decessit3
875 1665 972 1701 idem
1009 1665 1196 1701 decemvir
1242 1677 1433 1702 sacrorum

324 1729 420 1766 fuit:
443 1730 617 1780 pontifex
636 1729 816 1766 inlocum
832 1728 912 1779 ejus
932 1742 954 1764 a
974 1728 1136 1777 collegio
1156 1735 1356 1778 cooptatus
1377 1735 1434 1765 est

324 1793 374 1833 Q.
394 1793 546 1830 Fulvius
565 1793 722 1831 Flaccus
741 1808 749 1830 z
775 1799 815 1830 at
833 1792 1004 1843 pontIfex
1025 1792 1210 1829 maximus
1237 1791 1295 1829 M.
1307 1792 1433 1829 AEmi-

323 1855 396 1892 lius
411 1855 593 1907 Lepidus,
614 1869 729 1906 quum
749 1855 858 1892 multi
877 1855 966 1891 clari
987 1855 1053 1890 viri
1075 1855 1280 1905 petissent:
1313 1862 1350 1891 et
1367 1855 1432 1891 de-

324 1921 465 1957 cemvir
493 1933 682 1958 sacrorum
713 1921 762 1960 Q.
781 1920 949 1956 Marcius
978 1919 1176 1969 Philippus
1206 1920 1244 1955 in
1265 1918 1432 1969 ejusdem

322 1983 453 2020 locum
481 1989 539 2020 est
565 1990 779 2034 cooptatus.
834 1983 887 2019 Et
907 1995 1026 2032 augur
1045 1982 1108 2032 Sp.
1125 1981 1342 2018 Postumius
1361 1981 1430 2018 Al-

322 2044 434 2084 binus
454 2047 613 2083 decessit
635 2063 642 2084 :
675 2047 859 2084 inlocum
887 2046 966 2097 ejus
994 2047 1035 2084 P.
1053 2047 1284 2096 Scipionem,
1313 2042 1432 2084 filium

323 2109 511 2153 Africani,
532 2122 690 2158 augures
711 2117 951 2161 cooptarunt.
981 2110 1162 2146 Cumanis
1180 2122 1225 2146 eo
1245 2122 1345 2146 anno
1365 2122 1432 2160 pe-

321 2172 488 2211 tentibus
508 2174 745 2224 permissum,
766 2180 808 2210 ut
833 2173 982 2225 publice
1010 2173 1150 2210 Latine
1169 2173 1426 2223 loquerentur,

320 2242 358 2272 et
377 2235 612 2286 praeconibus
631 2233 773 2273 Latine
791 2237 975 2274 vendendi
987 2236 1052 2288 jus
1073 2244 1183 2275 esset.

370 2300 523 2341 XLIII.
552 2301 700 2340 Pisanis
725 2315 859 2353 agrum
883 2301 1167 2355 pollicentibus,
1188 2314 1264 2352 quo
1281 2299 1422 2338 Latina
1476 2340 1486 2364 ¹.
