1546 2648
320 200 403 270 388
775 229 820 258 τ.
845 227 977 260 mvn

128 314 212 346 U.C.
230 322 302 348 εει.
321 327 458 352 summa
477 327 596 351 rerum
616 315 762 353 liberum
773 319 913 354 senatui
929 318 1115 366 permittat
1127 330 1191 355 rex
1203 320 1246 356 de
1261 331 1298 356 se
1315 320 1426 369 deque

125 360 167 390 Α·
182 358 220 390 C·
240 366 310 396 ¹⁷¹⁸
320 381 484 416 universa
497 380 711 416 Macedonia
724 383 904 418 statuendi
912 381 984 428 jus.
1041 382 1137 419 Haec
1151 396 1266 432 quum
1284 396 1423 420 renun-

318 444 483 480 ciassent
509 443 638 493 legati,
675 445 857 482 miraculo
894 446 1034 494 ignaris
1063 447 1177 483 moris
1214 448 1423 497 pertinacia
1477 436 1480 438 ¹

315 509 580 548 Romanorum
599 523 703 556 esse;
735 518 773 548 et
790 511 958 562 plerique
977 520 1116 556 vetare,
1137 513 1295 564 amplius
1314 525 1422 550 men-

315 575 461 612 tionem
490 576 593 626 pacis
624 575 770 612 facere:
804 576 903 612 ultro
932 589 1022 613 mox
1053 578 1291 626 quaesituros,
1320 577 1423 626 quod

316 638 487 676 oblatum
506 639 714 676 fastidiant.
765 639 922 675 Perseus
942 640 1040 676 hanc
1059 642 1178 690 ipsam
1193 641 1420 691 superbiam,

316 703 455 754 quippe
480 715 525 739 ex
545 703 680 739 fiducia
700 702 834 739 virium
849 697 958 746 ‘esse,
979 703 1134 740 timere:
1167 710 1218 747 et,
1239 716 1423 741 summam

313 766 484 814 pecuniae
501 778 658 814 augens,
679 766 710 801 si
729 766 852 815 pretio
877 778 1007 815 pacem
1031 779 1153 802 emere
1178 773 1322 817 posset,
1342 779 1421 804 uon

314 828 459 865 destitit
484 831 652 866 animum
678 829 842 866 consulis
872 837 1030 867 tentare.
1087 830 1292 880 Postquam
1326 830 1420 867 nihil

312 904 360 929 ex
379 905 438 936 eo,
460 894 561 942 quod
588 893 711 943 primo
732 893 991 942 responderat,
1018 893 1202 937 mutabat,
1223 894 1418 944 desperata

311 967 418 1004 paee,
439 956 485 992 ad
506 956 716 1006 Sycurium,
737 956 836 993 unde
860 956 1051 1006 profectus
1073 963 1166 1000 erat,
1186 954 1310 1000 rediit',
1326 956 1416 994 belli

311 1032 437 1057 casum
458 1021 504 1057 de
523 1022 673 1070 integro
692 1027 918 1058 tentaturus.

119 1090 222 1121 Graeci
239 1091 283 1121 sa·
361 1083 516 1121 LXIII.
545 1084 663 1121 Fama
681 1086 862 1134 equestris
883 1097 1032 1135 pugnae,
1053 1085 1204 1134 vulgata
1223 1097 1289 1135 per
1308 1085 1414 1121 Grae·

113 1139 191 1206 :gf
206 1134 276 1164 ¹³⁶¹*
309 1150 420 1192 ciam,
445 1150 601 1185 nudavit
625 1149 838 1185 voluntates
867 1150 1087 1185 hominum:
1121 1162 1198 1185 non
1227 1150 1327 1185 enim
1352 1161 1413 1185 so·

307 1213 399 1256 lum,
421 1214 482 1262 qui
504 1213 620 1263 partis
645 1212 903 1249 Macedonum
923 1219 1044 1255 erant,
1064 1213 1128 1248 sed
1154 1212 1335 1262 plerique,
1356 1213 1413 1248 in-

307 1276 484 1325 gentibus
497 1276 759 1313 Romanorum
777 1275 935 1325 obligati
948 1276 1154 1318 beneficiis,
1171 1276 1321 1325 quidam
1337 1276 1411 1312 vim

303 1340 592 1389 superbiamque
629 1340 789 1389 experti,
818 1339 894 1376 laeti
928 1353 1009 1377 eam
1039 1340 1178 1376 famam
1207 1352 1407 1389 accepere:

301 1415 380 1439 non
397 1403 446 1439 ob
462 1402 575 1439 aliam
587 1414 773 1445 caussam,
786 1415 897 1452 quam
918 1416 1034 1454 pravo
1047 1404 1187 1446 studio,
1205 1416 1280 1451 quo
1295 1403 1409 1439 etiam

300 1467 339 1504 in
360 1467 628 1504 certaminibus
647 1467 799 1503 ludicris
820 1468 950 1517 vulgus
973 1469 1089 1504 utitur
1105 1468 1280 1504 deteriori
1296 1473 1410 1517 atque

300 1530 498 1567 infirmiori
517 1530 692 1567 favendo.
737 1531 884 1568 Eodem
901 1538 1071 1582 tempore
1085 1532 1122 1567 in
1137 1531 1292 1568 Boeotia
1307 1543 1408 1567 sum-

109 1611 244 1643 Hafiaffi
300 1607 362 1632 ma
380 1595 415 1632 vi
435 1594 653 1633 Haliartum
673 1594 874 1631 Lucretius
901 1603 1043 1645 praetor.
1060 1595 1321 1645 obpugnarat:
1353 1600 1405 1636 et,

106 1654 273 1703 qbpugna·
300 1671 527 1708 quamquam
553 1671 622 1695 nec
651 1659 846 1696 habebant
882 1666 1038 1696 externa
1075 1659 1215 1695 auxilia
1247 1658 1405 1702 obsessi,

108 1704 163 1728 ‘¹⁰'
299 1729 435 1774 praeter
455 1724 728 1760 Coronaeorum
749 1722 937 1772 juniores,
967 1724 1030 1771 qui
1059 1723 1180 1773 prima
1209 1721 1406 1759 obsidione

298 1788 441 1824 moenia
456 1788 701 1831 intraverant,
722 1799 843 1836 neque
858 1787 1074 1836 sperabant,
1090 1793 1217 1823 tamen
1232 1787 1303 1835 ipsi
1322 1785 1404 1822 ani·

297 1851 367 1888 mis
389 1851 522 1899 magiS,
543 1863 654 1899 quam
675 1850 829 1893 viribus,
851 1850 1097 1887 resistebant:
1130 1862 1217 1886 nam
1236 1856 1273 1886 et
1293 1862 1403 1898 erup-

295 1915 421 1952 tiones
441 1915 480 1950 in
500 1926 614 1964 opera
637 1913 769 1950 crebro
789 1913 1002 1959 faciebant3
1035 1920 1072 1950 et
1092 1914 1245 1949 arietem
1272 1913 1402 1950 admo-

297 1985 393 2021 tum,
413 1977 640 2015 libramento
667 1975 810 2026 plumbi
830 1984 1040 2024 gravatum,
1061 1976 1107 2012 ad
1133 1983 1271 2012 terram
1292 1989 1402 2025 urge-

294 2041 412 2088 bant3
444 2048 495 2085 et,
528 2041 560 2076 si
589 2052 662 2090 qua
690 2039 934 2083 declinarent,
964 2040 1028 2089 qui
1057 2039 1234 2088 agebant,
1268 2040 1400 2083 ictum,

293 2119 363 2157 pro
382 2106 507 2142 diruto
536 2116 644 2141 muro
664 2116 803 2140 novum
830 2103 1077 2141 tumultuario
1102 2115 1231 2154 opere,
1260 2104 1399 2153 raptim

292 2182 339 2206 ex
368 2169 449 2220 ipsa
477 2169 595 2205 ruinae
625 2176 749 2218 strage
777 2171 966 2218 congestis
996 2171 1110 2213 saxis,
1141 2169 1397 2208 exstruebant.

291 2233 418 2274 Quum
438 2232 614 2282 operibus
635 2233 869 2283 obpugnatio
896 2233 1034 2270 lentior
1054 2241 1166 2278 esset,
1187 2233 1304 2270 scalas
1331 2246 1398 2284 per

290 2295 504 2346 manipulos
531 2295 645 2331 dividi
673 2303 812 2346 praetor
832 2295 963 2346 jussit,
995 2303 1036 2333 ut
1065 2309 1206 2334 corona
1233 2297 1396 2345 undique
1503 2286 1508 2364 ἰ’

287 2360 430 2399 moenia
465 2359 732 2410 adgressurum
764 2373 810 2398 eo
836 2361 957 2410 magis
989 2361 1244 2399 subfecturarn
1280 2360 1326 2398 ad
1356 2360 1392 2398 id
1502 2366 1505 2390 ¹

1497 2462 1502 2546 j

1493 2551 1499 2648 Ι(
1532 2582 1535 2587 .
