1546 2648
275 190 429 220 LIBER
454 190 681 220 xxxvln.
715 190 823 220 CAP.
844 189 974 220 XLII.
1114 187 1190 230 127

70 277 276 328 caedesque,
310 279 386 315 suis
423 280 526 329 ipsos
564 278 843 329 inpedientibus
874 278 1071 328 angustiiS,
1102 278 1377 315 fie1·iu.C.⁵⁶4.

70 348 197 392 coepta
222 348 289 379 est.
345 342 513 380 Romani
542 343 704 380 victores
733 343 780 380 ad
813 344 938 380 vicum
966 324 1287 379 Ma1·onita-A·C·
1305 328 1378 355 ιη’

69 417 150 441 rum
185 406 318 454 (Saren
357 406 565 457 adpellant)
602 413 810 456 posuerunt
847 413 995 443 castra:
1028 413 1182 455 postero

70 468 128 505 die
161 471 306 520 patenti
336 471 471 507 itinere
501 471 688 507 Priaticus
712 483 876 520 -campus
912 483 976 506 eos
1005 470 1180 519 excepit5

68 533 308 583 triduumque
337 534 404 577 ibi,
425 534 656 571 frumentum
682 535 926 585 accipientes,
947 540 1182 577 manserunt,

69 598 206 646 partim
235 611 281 634 ex
311 600 410 647 agris
439 599 735 643 Maronitarum,
764 598 1047 635 conferentibus
1077 597 1182 647 ipsis,

68 662 207 711 partim
237 675 282 699 ex
318 663 477 699 navibu‘s
512 664 602 708 suis,
634 677 716 713 quae
751 677 837 701 cum
874 663 996 700 omnis
1035 662 1182 711 generis

69 732 284 762 commeatu
313 726 579 775 sequebantur.
635 728 697 764 Ab
723 728 868 764 stativis
889 727 963 763 diei
982 726 1043 761 via
1061 724 1182 775 Apol-

68 788 211 825 loniam
238 789 337 826 fuit:
370 790 459 826 hinc
484 803 551 840 per
569 790 839 827 Abderitarum
868 803 1001 839 agrum
1024 789 1184 840 Neapo-

67 852 132 887 lim
162 859 383 902 perventum
414 860 482 889 est.
539 854 628 890 Hoc
656 867 768 890 omne
792 867 858 904 per
877 854 1098 889 Graecorum
1119 866 1184 889 co-

67 915 189 952 lonias
209 923 386 966 pacatum
406 917 477 953 iter
497 916 592 954 fuit:
624 918 811 967 reliquum
834 917 921 953 iude
947 930 1013 967 per
1038 917 1182 953 medios

65 980 248 1024 Thracas,
271 981 348 1018 dies
369 988 588 1032 noctesque,
610 983 681 1018 etsi
706 995 783 1018 non
814 982 1008 1025 infestum,
1030 993 1182 1032 suspec-

66 1051 149 1082 tum
186 1052 326 1090 tamen,
366 1048 486 1084 donec
522 1048 562 1083 in
604 1047 873 1084 Macedoniam
917 1053 1182 1097 pervenerunt,

66 1110 244 1147 Mitiores
263 1111 431 1148 Thracas
461 1112 560 1148 idem
584 1113 785 1156 exereitus,
808 1125 922 1162 quum
953 1125 974 1148 a
1004 1111 1183 1161 Scipione

54 1166 199 1211 'eadem
231 1175 292 1212 via
321 1175 532 1220 duceretur,
563 1176 763 1219 habuerat,
801 1175 945 1212 nullam
981 1175 1030 1211 ob
1068 1175 1183 1211 aliam

66 1251 252 1282 caussam,
274 1252 385 1288 quam
406 1240 507 1288 quod
532 1240 666 1291 praedae
687 1241 824 1283 minus,
846 1240 947 1289 quod
975 1245 1182 1289 peteretur,

67 1302 204 1340 fuerat.
261 1304 501 1353 Quamquam
540 1310 619 1340 tum
650 1317 800 1353 quoque
831 1304 1010 1340 Claudius
1048 1309 1183 1340 auctor

66 1375 137 1412 est,
169 1368 216 1405 ad
248 1369 463 1418 quindecim
494 1368 614 1405 millia
631 1358 847 1412 Thracum,
878 1369 1105 1419 praecedenti
1135 1367 1184 1405 ad

67 1432 298 1483 exploranda
318 1432 403 1469 loca
423 1446 559 1482 agmen
578 1433 723 1470 Mutini
743 1433 920 1470 Numidae
941 1432 1154 1469 obcurrisse
1171 1446 1179 1468 :

65 1496 362 1547 quadringentos
392 1498 535 1546 equites
565 1498 681 1534 fuisse
710 1497 910 1541 Numidas,
935 1510 1076 1547 paucos
1106 1496 1182 1533 ele-

63 1561 241 1611 phantOS.
297 1560 458 1596 Mutinis
497 1561 614 1598 filium
650 1575 717 1612 per
752 1562 895 1597 medios
932 1561 1061 1597 hostes
1094 1574 1181 1599 cum

66 1631 218 1660 centum
242 1625 515 1674 quinquaginta
546 1625 698 1661 delectis
726 1625 914 1674 equitibus
938 1626 1177 1675 perrupisse:

67 1687 240 1724 eumdem
272 1700 376 1731 mox,
411 1702 526 1738 quum
549 1688 632 1739 jam
665 1689 850 1731 Mutine-z,
885 1690 923 1725 in
954 1689 1078 1725 medio
1105 1689 1180 1726 ele-

66 1752 218 1801 phantis
249 1752 471 1796 conlocatis,
503 1754 542 1789 in
580 1766 722 1789 cornua
751 1753 940 1802 equitibus
971 1754 1179 1803 dispositis,

66 1828 220 1851 manum
243 1829 328 1852 cum
356 1817 467 1852 hoste
493 1818 758 1860 conseruisset,
780 1825 963 1853 terrorem
992 1817 1039 1853 ab
1069 1826 1179 1867 tergo

66 1880 296 1930 praebuisse:
330 1888 442 1930 atque
468 1881 555 1917 inde
580 1882 753 1918 turbatos
775 1883 938 1931 equestri
960 1881 1063 1918 velut
1091 1895 1179 1932 pro-

67 1943 161 1979 cella
180 1944 307 1980 hostes
328 1945 373 1980 ad
394 1945 561 1994 peditum
583 1958 717 1994 agmen
739 1959 816 1982 non
838 1946 1050 1982 accessisse.
1110 1946 1181 1984 Cn.

66 2006 236 2043 Manlius
264 2020 330 2057 per
351 2008 619 2045 Macedoniam
650 2011 689 2046 in
709 2010 944 2047 Thessaliam
973 2010 1181 2048 exercitum

67 2071 261 2107 traduxit:
293 2072 380 2108 inde
408 2085 475 2123 per
501 2074 659 2123 Epirum
679 2074 923 2125 Apolloniam
953 2090 1068 2126 quum
1096 2090 1182 2128 per-

66 2136 244 2178 venisset,
274 2136 442 2173 nondum
472 2138 567 2174 adeo
596 2139 756 2176 hiberno
785 2147 981 2177 contemto
1011 2143 1119 2186 mari,
1142 2148 1184 2179 ut

67 2198 243 2248 trajicere
263 2201 429 2245 auderet,
449 2203 666 2252 Apolloniae
686 2204 912 2243 hibernavit.

120 2263 252 2299 XLII.
283 2263 401 2301 Exitu
424 2279 541 2318 prope
571 2269 660 2304 anni
691 2269 748 2306 M.
769 2269 942 2307 Valerius
974 2270 1108 2308 consul
1137 2284 1182 2307 ex

69 2326 276 2376 Liguribus
306 2328 352 2364 ad
381 2331 624 2378 magistratus
649 2332 912 2382 subrogandos
936 2333 1102 2372 Romam
1121 2347 1183 2371 ve-

581 2394 659 2432 G4
