1546 2648
293 168 448 200 LIBER
472 164 705 196 xxxvlu.
738 165 845 193 CAP.
871 163 975 192 le.
1119 162 1193 205 149

86 263 218 312 Africa
244 267 330 300 esset
354 265 569 311 pugnatum.
625 258 869 294 Hannibalem
895 256 1058 292 eumdem
1078 253 1196 326 fuisse
1208 253 1392 332 {gisg-

86 329 180 364 inter
197 328 328 364 multos
356 327 447 363 alios
470 327 584 374 regios
608 324 726 366 duces,
755 324 817 371 qui
844 323 1040 370 imperator
1065 319 1199 355 Punici

85 391 167 428 belli
170 391 304 441 fuerit.
360 391 412 428 Et
429 391 559 427 bellum
584 389 727 437 quidem
753 388 804 423 ita
829 390 967 435 gestum
986 396 1068 427 esse,
1089 389 1129 420 ut
1154 397 1200 420 ne

71 455 269 504 fortunam
289 456 432 504 quidem
451 455 637 503 quisquam
659 452 843 489 criminari
863 451 990 499 possit.
1048 449 1091 484 In
1108 461 1199 497 pace

83 522 216 556 crimen
241 522 376 569 quoeri:
403 531 483 556 eam
509 519 581 555 dici
609 518 752 553 venisse.
809 515 884 552 Hic
915 515 1035 550 decem
1061 513 1198 561 legatos

79 585 188 621 simul
215 587 333 633 argui,
355 596 506 634 quorum
530 595 572 619 er
592 582 738 619 consilio
764 581 854 616 data
876 591 953 628 pax
970 583 1082 615 esset:
1111 579 1197 627 quin

81 650 253 690 exstitisse
277 662 319 686 ea:
343 651 462 686 decem
491 649 630 696 legatis,
660 647 721 696 qui
755 645 819 681 Cn.
840 644 1025 680 Manlium
1050 656 1196 680 accusa-

77 718 182 750 rent.-
212 719 331 750 tamen
358 726 430 750 non
457 713 563 749 modo
592 712 640 747 ad
668 710 828 746 criminis
842 709 970 758 fidem,
991 709 1052 744 sed
1074 720 1119 744 ne
1147 708 1196 744 ad

78 789 217 813 moram
236 779 379 826 quidem
399 777 574 825 triumphi
592 788 671 811 eam
690 775 952 811 accusationem
969 773 1132 810 valuisse.

130 840 244 879 LIX.
271 844 336 885 At,
357 843 529 883 Hercule,
551 842 587 876 in
606 840 774 888 Scipione
792 841 888 887 ipsas
906 839 998 885 leges
1019 840 1134 886 pacis,
1153 842 1195 874 ut

77 906 230 941 nimium
246 906 539 942 adcommodatas
562 903 754 946 Antiocho,
774 908 954 951 suspectas
978 914 1071 939 esse:
1101 905 1194 939 inte·

76 981 184 1017 grum
203 971 298 1006 enim
327 971 361 1006 ei
387 981 535 1017 regnum
564 968 755 1004 relictum:
783 969 903 1003 onmia
917 968 1098 1015 possidere
1114 979 1196 1004 eum

77 1035 226 1077 victum,
247 1047 325 1083 quae
350 1039 434 1070 ante
457 1034 588 1070 bellum
612 1031 685 1079 ejus
702 1031 872 1080 fuerint:
900 1033 983 1068 auri
1000 1036 1035 1067 et
1053 1034 1197 1080 argenti

77 1110 187 1146 quum
204 1101 277 1135 vim
294 1111 463 1148 magnam
488 1099 677 1140 habuisset,
703 1097 796 1133 nihil
823 1098 861 1133 in
885 1096 1068 1145 publicum
1095 1098 1192 1134 rela-

78 1167 169 1207 tum,
189 1175 290 1200 omne
317 1166 354 1200 in
378 1166 566 1212 privatum
584 1175 734 1199 versum.
791 1164 851 1199 An
868 1175 942 1199 non
964 1167 1098 1211 praeter
1115 1175 1193 1199 om-

76 1228 177 1265 nium
189 1228 308 1264 oculos
323 1232 466 1264 tantum
480 1229 563 1264 auri
577 1228 787 1275 argentique
801 1228 837 1262 in
854 1227 1036 1275 triumpho
1054 1227 1100 1264 L.
1113 1227 1193 1263 Sci-

70 1291 205 1339 pionis,
224 1296 399 1339 quantum
417 1304 488 1328 non
514 1293 634 1328 decem
655 1291 737 1327 aliis
764 1291 968 1339 triumphis,
988 1293 1020 1327 si
1037 1303 1138 1328 omne
1156 1293 1196 1330 in

74 1366 185 1391 unum
205 1355 426 1405 conferatur,
446 1358 494 1392 sit
513 1356 660 1392 latum?
678 1356 775 1391 Nam
791 1357 879 1404 quid
897 1357 941 1392 de
942 1356 1080 1405 finibus
1093 1357 1195 1404 regni

74 1419 227 1456 dicam?
256 1422 385 1457 Asiam
418 1433 556 1458 omnem
584 1425 620 1457 et
651 1422 820 1469 proxima
854 1422 1012 1469 Europae
1040 1423 1192 1458 tenuisse

73 1485 326 1522 Antiochum?
362 1487 422 1522 Ea
450 1492 586 1535 quanta
619 1488 720 1534 regio
749 1486 842 1522 orbis
871 1491 1051 1522 terrarum
1077 1488 1138 1530 sit,
1168 1499 1192 1523 a

79 1549 200 1585 Tauro
217 1555 335 1586 monte
352 1552 390 1587 in
409 1551 579 1599 AEgaeum
602 1564 712 1601 usque
733 1552 941 1599 prominens
968 1564 1080 1595 mare,
1107 1556 1193 1600 quot

73 1624 146 1648 non
169 1614 271 1650 urbes
295 1616 414 1658 modo,
439 1617 501 1651 sed
527 1622 647 1664 gentes
675 1617 931 1664 amplectatur,
952 1628 1070 1652 omnes
1089 1618 1192 1654 scire.

74 1677 185 1713 Hanc
203 1681 393 1726 regionem,
415 1681 554 1717 dierum
579 1683 662 1730 plus
688 1682 841 1729 triginta
860 1683 896 1717 in
917 1682 1189 1729 longitudinem,

74 1743 194 1779 decem
212 1746 306 1780 inter
325 1746 396 1782 duo
416 1749 534 1783 maria
552 1749 589 1784 in
609 1749 841 1784 latitudinem
860 1752 1060 1796 patentem,
1081 1759 1192 1797 usque

73 1807 123 1842 ad
147 1807 260 1843 Tauri
287 1810 418 1845 montis
436 1808 532 1859 juga
556 1812 734 1848 Antiocho
762 1813 957 1855 ademtam,
985 1813 1129 1861 expulso
1153 1813 1193 1850 in

74 1870 239 1907 ultimum
266 1874 442 1920 angulum
470 1875 564 1911 orbis
593 1880 784 1912 terrarum.
843 1876 954 1919 Quid,
974 1878 1006 1912 si
1026 1879 1193 1924 gratuita

71 1946 146 1982 pax
164 1940 263 1978 esset,
286 1937 371 1984 plus
389 1939 504 1974 adimi
527 1940 561 1974 ei
577 1941 737 1987 potuisse
749 1940 771 1975 ,9
799 1939 973 1988 Philippo
991 1941 1085 1976 victo
1103 1941 1191 1977 Ma-

74 1999 274 2043 cedoniam,
296 2002 434 2038 Nabidi
451 2003 743 2040 Lacedaemonem
761 2004 948 2039 relictam:
975 2016 1040 2040 nec
1057 2005 1190 2046 Quinc-

75 2063 127 2102 tio
145 2064 277 2100 crimen
296 2055 506 2113 quaesitum:
533 2079 605 2104 non
629 2069 724 2103 enim
751 2067 911 2103 habuisse
935 2080 1014 2104 eum
1040 2068 1190 2117 Africa·

74 2137 161 2161 num
169 2126 352 2174 fratrem,·
383 2129 483 2177 cujus
501 2143 609 2180 quum
634 2133 755 2180 gloria
776 2133 942 2180 prodesse
966 2132 1011 2169 L.
1027 2133 1191 2182 Scipioni

77 2189 262 2234 debuisset,
284 2193 455 2230 invidiam
474 2197 643 2233 nocuisse.
705 2197 861 2232 Tantum
880 2198 962 2232 auri
980 2199 1190 2246 argentique

67 2250 276 2299 judicatum
297 2268 366 2293 esse
390 2259 429 2294 in
455 2260 599 2296 domum
626 2259 672 2297 L.
689 2260 867 2310 Scipionis
884 2262 1052 2305 inlatum,
1073 2275 1188 2311 quan-

75 2320 169 2362 tum,
188 2319 339 2355 venditis
356 2321 513 2359 omnibus
532 2323 642 2366 bonis,
662 2326 779 2374 redigi
798 2337 866 2362 non
881 2330 1010 2375 posset.
1068 2326 1113 2362 Id
1130 2325 1188 2362 ubi

619 2387 660 2425 H
678 2389 702 2425 3
