1546 2648
270 139 424 169 LIBER
447 139 627 168 xxxlx.
660 139 766 167 CAP.
793 140 894 169 LVI.
1068 138 1147 182 217

44 228 211 265 Manlius
230 228 425 265 Acidinus.
481 227 627 263 Eodem
656 239 756 262 anno
785 226 939 264 Mutina
957 235 994 264 et
1014 228 1150 267 Parma
1165 235 1255 273 U,C.
1270 240 1341 268 569.

44 292 202 329 coloniae
239 291 504 328 Romanorum
539 290 676 325 civium
713 297 801 326 sunt
834 290 1027 327 deduetae:
1058 275 1345 330 binaA‘C·¹⁸³⁴

43 356 160 393 millia
195 357 393 393 hominum
428 356 466 391 in
504 367 610 404 agro,
641 355 705 403 qui
741 355 913 404 proxime
951 355 1149 402 Boiorum,

43 427 132 457 ante
150 421 362 457 Tuscorum
381 420 519 462 fuerat,
540 425 680 455 octona
691 417 830 469 jugera
854 419 1014 464 Parmae,
1036 414 1155 470 quina'

42 483 205 520 Mutinae
225 490 463 534 acceperunt.
518 482 770 518 Deduxerunt
788 483 973 519 triumviri
1001 484 1058 521 M.
1078 485 1152 522 AE-
1185 514 1192 520 .

43 548 166 584 milius
204 548 386 598 Lepidus,
423 547 470 584 Τ.
491 546 672 583 AEbutius
707 546 840 589 Carus,
871 547 918 583 L.
947 548 1150 587 Quinctius

44 612 253 662 Crispinus.
308 613 361 648 Et
391 611 569 648 Saturnia
601 609 753 646 colonia
785 610 921 647 civium
950 611 1149 649 Romano-

43 688 126 712 rum
145 677 184 712 iu
205 689 336 725 agrum
359 676 603 713 Caletranum
624 681 679 711 est
700 675 881 712 deducta:
915 676 1151 714 deduxerunt

45 740 227 776 triumviri
251 741 301 780 Q.
321 740 460 776 Fabius
480 739 626 781 Labeo,
650 739 692 775 C.
712 738 892 775 Afranius
923 739 1070 784 Stellio,
1090 741 1152 778 Ti.

45 804 288 853 Sempronius
320 804 513 840 Gracchus
533 817 540 837 :
565 802 705 853 jugera
732 803 772 838 in
791 804 960 853 singulos
981 805 1069 841 data
1088 805 1151 841 de-

43 879 137 903 cem.
1539 863 1542 878 ⁸

95 931 200 968 LVI.
229 932 375 968 Eodem
401 943 502 967 anno
528 931 573 966 A.
594 930 794 966 Terentius
821 932 1026 980 proconsul
1050 933 1151 969 haud
1165 939 1225 971 Res
1240 941 1273 971 in
1290 940 1364 971 His·
1539 881 1546 1027 l

43 995 174 1046 procul
202 995 355 1032 flumine
385 994 512 1037 Ibero,
543 995 582 1030 in
601 1007 694 1042 agro
722 995 935 1037 Ausetano,
957 1002 994 1030 et
1016 996 1152 1045 proelia
1164 985 1259 1057 {3¹³²
1271 993 1340 1023 ges-
1538 1023 1546 1052 .¹

44 1059 207 1096 secunda
241 1072 325 1096 cum
357 1058 556 1095 Celtiberis
586 1058 690 1101 fecit,
726 1066 764 1094 et
796 1060 950 1110 oppida,
985 1074 1067 1110 quae
1100 1061 1154 1098 ibi
1209 1048 1219 1057 ’
1539 1048 1546 1090 ¹2⁴

46 1124 360 1164 communierant,
392 1122 538 1171 aliquot
564 1123 807 1172 expugnavit.
864 1123 1035 1160 Ulterior
1061 1125 1155 1162 His-

45 1187 158 1236 pania
187 1198 232 1222 eo
262 1198 362 1222 auno
384 1187 422 1221 in
453 1198 545 1235 pace
573 1185 660 1228 fuit,
682 1186 770 1234 quia
789 1192 826 1221 et
845 1186 888 1222 P.
910 1187 1154 1238 Sempronius

45 1249 249 1300 proconsul
282 1249 428 1285 diutino
462 1248 597 1285 morbo
632 1256 689 1285 est
721 1249 926 1299 inplicitus,
961 1257 1012 1294 et,
1048 1251 1155 1289 nullo
1499 1255 1514 1268 '

45 1314 265 1356 lacessente,
287 1319 569 1363 peropportune
588 1313 811 1361 quieverunt
829 1312 1018 1350 Lusitani.
1071 1315 1155 1352 Nec

44 1378 82 1414 in
104 1377 306 1427 Liguribus
327 1376 573 1412 memorabile
592 1376 796 1425 quidquam
816 1390 838 1412 a
856 1377 904 1416 Q.
921 1377 1043 1414 Fabio
1063 1392 1155 1415 con-

45 1441 124 1477 sule
161 1447 321 1490 gestum.
378 1439 434 1476 M.
460 1438 681 1482 Marcellus,
716 1453 763 1476 ex
796 1439 910 1476 Isti-ia
942 1449 1154 1486 revocatus,

47 1507 213 1542 exercitu
243 1505 416 1546 dimisso,
439 1504 603 1540 Romam
632 1505 872 1540 comitiorum
906 1518 1038 1542 caussa
1071 1507 1155 1544 red—

44 1570 102 1605 iit.
161 1569 312 1605 Creavit
345 1568 518 1604 consules
552 1568 817 1605 C11.Baebium
845 1569 1089 1620 Tamphilum
1118 1579 1156 1608 et

49 1634 93 1670 L.
115 1633 314 1670 AEmilium
335 1630 506 1671 Paullum
526 1647 533 1668 ε
567 1646 652 1668 curn
670 1632 727 1669 M.
748 1634 906 1670 AEmilio
926 1634 1074 1685 Lepido
1093 1636 1155 1672 hic

50 1700 164 1739 aedilis
192 1701 330 1737 curulis
352 1701 501 1737 fuerat:
536 1712 556 1734 a
584 1711 659 1747 quo
680 1698 833 1734 consule
853 1699 1005 1747 quintus
1035 1712 1155 1735 annus

49 1770 142 1806 erat,
163 1777 277 1813 quum
298 1765 328 1800 is
359 1765 437 1814 ipse
465 1762 632 1812 Lepidus
662 1769 748 1811 post
767 1762 856 1798 duas
877 1761 1042 1812 repulsas
1063 1776 1155 1799 con-

47 1827 105 1863 sul
140 1828 261 1864 factus
295 1835 405 1864 esset.
464 1826 649 1862 Praetores
683 1825 770 1861 inde
805 1825 897 1861 facti
930 1826 979 1865 Q.
1001 1826 1154 1864 Fulvius

49 1891 218 1935 Flaccus,
237 1891 295 1928 M.
314 1891 487 1927 Valerius
520 1890 711 1932 Laevinus,
745 1890 789 1926 P.
808 1889 976 1926 Manlius
1003 1892 1155 1934 iterum,

51 1954 104 1992 M.
125 1954 312 2004 Ogulnius
333 1954 479 1997 Gallus,
499 1953 544 1990 L.
567 1953 739 1990 Caecilius
766 1953 926 1996 Denter,
949 1954 992 1990 C.
1011 1955 1154 1990 Teren-

51 2019 124 2054 tius
144 2019 254 2055 Istra.
312 2018 546 2068 Supplicatio
563 2024 732 2053 extremo
753 2030 852 2053 anno
871 2017 944 2053 fuit
959 2018 1154 2068 prodigio-

52 2095 134 2118 rum
162 2095 314 2128 caussa3
347 2082 446 2131 quod
477 2082 661 2130 sanguine
689 2094 756 2131 per
773 2081 929 2117 biduum
956 2080 1096 2132 pluisse
1114 2083 1154 2119 in

53 2158 138 2182 area
154 2146 375 2182 Coneordiae
392 2147 481 2182 satis
499 2145 701 2181 credebant
713 2162 723 2191 3
747 2146 1042 2195 nunciatumque
1058 2152 1152 2189 erat,

51 2209 152 2245 haud
177 2210 308 2259 procul
336 2211 465 2247 Sicilia
482 2211 657 2254 insulam,
685 2225 767 2260 quae
792 2225 870 2248 non
899 2219 987 2248 ante
1014 2212 1157 2270 fuerat,

27 2283 187 2308 anovam
208 2274 344 2312 editam
363 2288 384 2311 e
403 2277 496 2312 mari
524 2288 615 2313 esse.
673 2276 931 2314 Hannibalem
959 2278 1032 2314 hoc
1052 2289 1152 2315 auno

103 2336 201 2373 von.
223 2337 289 2373 Hs,
613 2340 646 2375 L
