1546 2648
327 185 414 227 440
783 193 828 222 τ.
852 195 988 224 mvn

146 273 237 304 ΠΟ·
255 281 328 307 583·
339 277 467 322 missa,
493 281 638 330 torquis
663 294 796 320 aureus
816 285 892 322 duo
923 287 1065 337 pondo,
1090 293 1128 324 et
1155 294 1294 338 paterae
1322 299 1444 325 aurea!

144 319 182 347 A.
201 317 238 347 ε’
256 323 502 390 ¹⁶⁹·quatuor
515 344 660 394 pondo,
676 358 792 396 equus
805 348 1035 399 phaleratus,
1052 363 1230 401 armaque
1244 353 1445 401 equestria.

339 405 554 444 Secundum
573 408 704 446 Gallos
724 410 925 463 Pamphyli
943 413 1058 463 legati
1075 427 1257 452 coronam
1277 427 1443 458 auream,

337 481 384 506 ex
403 470 537 520 viginti
557 473 722 511 millibus
741 475 1026 528 Philippeorum
1046 479 1201 523 factam,
1231 481 1270 516 in
1301 480 1464 533 curiam,

334 534 568 573 intulerunt:
600 538 892 590 petentibusque
917 542 976 586 iis,
996 549 1039 579 ut
1064 543 1102 580 id
1122 543 1263 580 donum
1291 543 1331 579 in
1351 542 1446 579 cella

336 598 443 636 Jovis
469 601 605 651 optimi
632 603 793 639 maximi·
813 616 968 654 ponere,
989 613 1027 643 et
1046 608 1254 645 sacrificare
1274 607 1313 644 in
1330 607 1445 658 Capi-

334 663 432 700 tolio
449 663 594 709 liceret,
613 667 860 716 permissum:
891 668 1130 720 benigneque
1155 670 1360 707 amicitiam
1385 682 1444 706 re-

335 740 476 765 novare
494 729 710 766 volentibus
729 730 864 780 legatis
885 744 1121 783 responsum,
1141 740 1180 770 et
1197 733 1332 771 binfim
1359 733 1444 770 mil-

139 785 306 860 Ξὲῑέἑῖθῑ
333 792 426 830 lium
456 794 539 830 aeris
571 795 729 843 singulis
757 796 910 833 missum
944 810 1092 836 munus.
1146 796 1247 834 Tum
1278 796 1326 835 ab
1355 809 1445 846 rege

137 848 283 903 mmle:
333 858 481 903 Prusia,
498 865 536 895 et
554 858 683 910 paullo
701 867 789 911 post
807 860 855 898 ab
874 860 1052 906 Rhodiis,
1066 857 1111 900 de
1125 861 1256 899 eadem
1270 874 1310 898 re
1329 860 1444 910 longe

137 914 213 954 8³⁸⁵·
333 922 443 960 aliter
460 923 684 960 disserentes
703 923 820 973 legati
839 925 956 962 auditi
973 933 1083 962 sunt:
1115 932 1274 975 utraque
1301 924 1443 973 legatio

333 988 379 1024 de
398 1001 491 1039 pace
509 988 789 1026 reconcilianda
804 1002 890 1026 cum
904 1003 994 1039 rege
1007 990 1147 1027 Perseo
1163 990 1252 1038 egit.
1299 988 1443 1025 Prusiae

330 1065 461 1103 preces
481 1054 616 1102 magis,
637 1066 749 1103 quam
775 1053 999 1104 postulatio,
1021 1054 1140 1097 fuere,
1159 1052 1388 1104 profitentis,
1408 1056 1444 1088 et

329 1118 380 1152 ad
397 1118 437 1153 id
455 1123 592 1166 tempus
611 1130 647 1154 se
675 1130 756 1155 cum
775 1119 955 1154 Romanis
975 1119 1122 1161 stetisse,
1148 1121 1197 1160 et,
1228 1117 1347 1165 quoad
1370 1116 1443 1152 bel·

332 1182 406 1218 lum
423 1181 543 1231 foret,
570 1187 762 1220 staturum.
820 1183 984 1220 Ceterum
1003 1195 1111 1232 quum
1135 1183 1184 1218 ad
1203 1193 1240 1218 se
1263 1193 1287 1217 a
1313 1181 1445 1217 Perseo

332 1247 444 1295 legati
473 1248 647 1284 venissent
678 1250 723 1284 de
737 1248 902 1297 finiendo
928 1259 1007 1284 cum
1025 1246 1199 1283 Romanis
1216 1246 1320 1288 bello,
1341 1250 1377 1281 et
1399 1247 1445 1281 iis

324 1312 528 1359 pollicitum
542 1314 804 1362 deprecatorem
817 1315 916 1363 apud
925 1318 1087 1351 senatum
1090 1313 1289 1362 ficturum,-
1305 1317 1442 1360 petere,

328 1378 359 1412 si
373 1383 516 1424 possent
535 1379 700 1416 inducere
721 1380 757 1415 in
775 1381 949 1423 animum,
968 1384 1010 1415 ut
1020 1379 1160 1428 finiant
1178 1374 1284 1420 iram,
1300 1388 1337 1413 se
1355 1388 1443 1424 quo-

329 1453 397 1488 que
415 1443 452 1477 in
468 1444 592 1490 gratia
616 1445 854 1481 reconciliata>
879 1445 980 1492 pacis
1001 1455 1104 1492 posse
1130 1444 1209 1479 uti:
1237 1441 1320 1477 haec
1347 1440 1443 1488 regii

328 1503 458 1553 legati.
514 1506 674 1552 Rhodii,
694 1508 855 1559 superbe
877 1506 1182 1545 commemoratis
1202 1517 1292 1554 erga
1319 1516 1442 1554 popu·

328 1567 405 1605 lum
424 1568 645 1608 Romanum
674 1572 883 1616 beneficiis,
913 1577 951 1608 et
974 1583 1071 1622 pene
1099 1570 1283 1611 victoriae,
1312 1568 1442 1617 utique

328 1633 373 1670 de
391 1634 587 1672 Antiocho
608 1649 711 1686 rege,
731 1636 877 1687 majore
896 1642 1003 1688 parte
1021 1636 1068 1672 ad
1094 1647 1134 1671 se
1151 1633 1356 1676 vindicata,
1376 1631 1442 1668 ad-

133 1697 274 1728 Rhodio·
322 1695 500 1747 jecerunt
515 1714 521 1734 ε
557 1701 677 1741 Quum
691 1714 768 1749 pax
783 1703 876 1738 inter
891 1701 1110 1738 Macedonas
1125 1697 1376 1745 Romanosque
1390 1707 1443 1732 es-

131 1750 391 1821 Lssssjss'm-set,
411 1763 477 1800 sibi
505 1766 704 1802 amicitiam
733 1779 813 1803 cum
842 1777 924 1813 rege
942 1766 1074 1802 Perseo
1102 1767 1276 1812 caeptam:
1304 1772 1383 1796 eam
1407 1771 1443 1796 se

131 1826 185 1856 tio.
327 1828 467 1870 invitos,
489 1830 589 1864 nullo
608 1828 681 1875 ejus
708 1831 745 1866 in
772 1842 809 1866 se
835 1832 976 1872 merito,
998 1829 1166 1877 quoniam
1195 1828 1248 1862 ita
1268 1824 1442 1860 Romanis

325 1891 438 1926 risum
466 1893 513 1926 sit
540 1893 577 1927 in
606 1894 810 1929 societatem
842 1904 878 1928 se
906 1892 988 1928 belli
1018 1891 1169 1932 trahere,
1201 1889 1441 1935 interrupisse.

330 1955 492 1991 Tertium
510 1968 546 1992 se
564 1969 695 1993 annum
716 1958 832 1993 multa
851 1955 925 2003 ejas
944 1956 1167 1992 incommoda
1185 1954 1267 1989 belli
1285 1953 1416 1988 sentire
1428 1967 1442 1988 .-

322 2021 417 2055 mari
436 2021 641 2064 intercluso,
665 2023 785 2070 inopia
811 2023 964 2058 insulam
987 2021 1115 2068 premi,
1137 2019 1273 2054 amissis
1297 2017 1441 2052 mariti-

320 2085 388 2118 mis
412 2086 642 2132 vectigalibus
670 2092 778 2135 atque
807 2086 1067 2123 commeatibus.
1127 2084 1246 2124 Quum
1275 2082 1314 2116 id
1341 2081 1442 2116 ultra

318 2147 398 2193 pati
412 2159 483 2182 non
499 2155 654 2196 possent,
673 2151 808 2197 legatos
820 2151 910 2186 alios
921 2150 968 2185 acl
984 2149 1115 2184 Persea
1135 2148 1170 2182 in
1187 2145 1441 2181 Macedoniam

316 2211 462 2253 misisse,
493 2214 554 2260 qui
583 2215 615 2249 ei
647 2215 913 2255 denunciarent,
948 2213 1098 2248 Rhodiis
1124 2211 1283 2259 placere,
1310 2219 1437 2256 pacem

316 2285 395 2310 eum.
416 2287 622 2324 componere
641 2291 720 2315 cum
743 2278 914 2314 Romanis
929 2294 940 2315 .·
967 2289 1003 2313 se
1023 2276 1178 2312 Romam
1197 2274 1322 2310 eadem
1340 2283 1432 2308 nun-
