1546 2648
286 162 371 223 38'2
463 165 467 171 “
738 171 786 204 τ.
813 175 943 205 mvn
1143 182 1163 201 ο

97 269 140 305 U.
155 271 191 305 C.
204 273 444 305 531.maturae
464 270 615 303 ce'ntum
634 263 714 300 fe'r'e
743 269 781 300 et
800 256 1078 314 quinquaginta
1094 264 1198 315 Mysi
1217 275 1283 304 aut
1301 269 1392 306 Cre-

95 319 138 348 A·
153 317 190 348 Ο·
206 322 425 370 ¹⁷¹·tenses.
481 329 667 367 Constitit
694 336 774 372 rex,
795 329 959 365 incertus
979 335 1162 379 quantum
1190 338 1288 368 esset
1304 333 1394 369 hos—

286 396 396 433 tium.
451 394 564 431 Duas·
576 392 664 429 inde
679 401 724 429 ex
744 392 895 441 agmine
913 398 1055 429 turmas
1073 393 1279 438 Thracum,
1299 395 1391 433 duas

285 459 554 501 Macedonum,
588 467 674 494 cum
701 456 801 493 binis
831 456 1069 494 Cretensium
1100 458 1321 495 cohortibus
1356 466 1395 496 et

96 517 248 567 Equestre
285 524 490 567 Thracum,
512 523 626 560 misit.
682 520 880 564 Proelium,
896 534 1012 570 quum
1029 533 1136 572 pares
1156 530 1314 559 numero
1333 535 1392 560 es-

95 561 258 601 proehum'
284 592 383 634 sent,
404 599 526 637 neque
545 586 593 623 ab
612 587 684 622 hac
699 590 766 621 aut
783 584 848 620 illa
866 590 973 634 parte
987 598 1087 622 nova
1101 587 1242 623 auxilia
1257 588 1393 624 subve-

283 654 423 696 nirent,
443 653 589 688 incerta
607 649 767 686 victoria
785 648 934 684 finitum
952 655 1022 685 est.
1077 649 1260 686 Eumenis
1275 651 1395 688 ferme

281 717 439 766 triginta
460 714 673 760 interfecti3
706 713 805 749 inter
823 723 918 762 quos
940 713 1186 762 Cassignatus
1206 714 1283 751 dux
1301 714 1395 751 Gal-

280 780 406 818 lorum
426 780 583 817 cecidit:
616 785 654 816 et
671 784 763 815 tunc
783 777 934 827 quidem
952 776 1110 813 Perseus
1131 777 1177 814 ad
1196 777 1394 827 Sycurium

281 845 410 897 copias
429 845 590 882 reduxit.
646 842 807 880 Postero
826 842 886 878 die
901 842 1000 878 circa
1017 842 1184 878 eamdem
1200 842 1334 879 horam
1352 844 1392 880 in

281 910 454 946 eumdem
479 910 604 946 locum
629 921 697 945 rex
725 908 853 958 copias
887 907 1066 950 admovit,
1097 905 1273 957 plaustris
1303 921 1389 945 cum

280 987 378 1023 aqua
406 973 673 1023 sequentibus:
705 984 794 1008 nam
814 971 1011 1007 duodecim
1034 970 1192 1007 millium
1211 984 1389 1022 passuum

277 1039 340 1074 via
358 1039 481 1074 omnis
511 1038 592 1074 sine
621 1049 732 1086 aqua,
753 1041 791 1072 et
819 1035 970 1086 plurimi
995 1035 1158 1085 pulveris
1187 1041 1290 1072 erat:
1322 1037 1388 1073 ad-

276 1103 475 1152 fectosque
500 1102 578 1144 siti,
611 1102 643 1137 si
675 1101 798 1151 primo
828 1101 867 1136 in
896 1106 1103 1150 conspectu
1131 1099 1387 1144 dimicassent,

276 1172 512 1219 pugnaturos
528 1165 644 1202 fuisse
659 1164 877 1215 adparebat.
934 1164 1062 1204 Quum
1081 1164 1247 1201 Romani
1263 1166 1389 1215 quies-

276 1236 374 1274 sent,
396 1228 625 1266 stationibus
656 1229 770 1264 etiam
801 1228 901 1264 intra
929 1227 1069 1265 vallum
1096 1228 1274 1272 reductis,
1294 1222 1388 1278 regii

277 1307 428 1344 quoque
448 1295 486 1330 in
507 1300 631 1331 castra
651 1293 822 1330 redeunt.
878 1292 966 1330 Hoc
986 1305 1053 1344 per
1070 1293 1215 1342 aliquot
1233 1293 1311 1329 dies
1330 1293 1387 1330 fe-

276 1363 423 1401 cerunt,
441 1362 633 1408 sperantes
652 1357 749 1399 fore,
764 1362 805 1393 ut
819 1356 986 1393 Romani
1002 1357 1144 1406 equites
1165 1357 1385 1394 abeuntium

273 1422 521 1458 novissimum
547 1426 683 1469 agmen
716 1421 1029 1469 adgrederentur:
1062 1421 1148 1458 inde
1180 1422 1386 1458 certamine

275 1489 376 1529 orto,
397 1498 511 1534 quum
530 1485 681 1534 longius
712 1498 734 1521 a
752 1486 882 1521 castris
904 1498 967 1521 eos
997 1486 1227 1529 elicuissent,
1256 1485 1382 1530 facile,

274 1548 407 1586 ubiubi
427 1555 566 1592 essent,
587 1561 640 1592 se,
662 1550 726 1598 qui
746 1550 916 1598 equitatu
936 1556 973 1585 et
998 1549 1070 1586 levi
1089 1556 1279 1587 armatura
1298 1550 1381 1600 plus

273 1618 448 1662 possent‚·
465 1623 711 1649 conversuros
732 1614 864 1650 aciem.

327 1676 476 1713 LVIII.
506 1677 715 1726 Postquam
734 1678 926 1727 inceptum
946 1677 1282 1722 non‘succedebat,
1299 1691 1383 1716 cas-

272 1749 331 1779 tra
350 1744 505 1794 propius
525 1744 676 1780 hostem
694 1745 814 1780 movit
832 1757 912 1787 rex,
934 1749 972 1779 et
991 1756 1010 1779 a
1031 1743 1196 1792 quinque
1214 1742 1379 1779 millibus

269 1819 449 1858 passuum
476 1809 724 1844 communiit:
756 1809 857 1851 inde,
891 1808 974 1844 luce
1008 1808 1129 1858 prima
1159 1807 1199 1842 in
1231 1807 1377 1850 eodem,

75 1879 205 1910 Perseus
271 1883 347 1920 quo
367 1871 528 1915 solebat,
549 1871 635 1908 loco
656 1872 825 1922 peditum
845 1872 925 1908 acie
944 1871 1142 1913 instructa,
1170 1871 1379 1919 equitatum

74 1929 259 1996 gffi'g‘effzuffi
270 1947 421 1971 omnem
441 1935 634 1985 levemque
661 1942 889 1972 armaturam
909 1935 954 1971 ad
974 1941 1097 1971 castra
1123 1934 1290 1971 hostium
1309 1935 1379 1971 du-

76 2010 258 2038 castrahos-
271 2000 334 2036 cit.
391 1999 503 2035 Visus
524 2005 562 2036 et
588 2000 752 2050 plurium
772 2007 809 2036 ct
835 2000 991 2050 propior
1019 1998 1133 2034 solito
1152 1998 1273 2048 pulvis
1302 2005 1377 2035 tre-

71 2051 158 2125 ‘ciissfn
173 2052 232 2082 ‘³¹¹'
271 2063 502 2115 pidationem
522 2065 561 2100 in
582 2065 712 2100 castris
737 2063 923 2101 Romanis
943 2063 1046 2101 fecit.
1102 2063 1154 2099 Et
1172 2064 1295 2114 primo
1315 2063 1378 2100 vix

268 2127 452 2164 creditum
470 2128 667 2164 nuncianti
687 2134 757 2171 est,
778 2129 866 2177 quia
884 2127 1072 2178 prioribus
1088 2126 1278 2163 coutinuis
1298 2127 1378 2163 die-

266 2191 335 2228 bus
355 2203 560 2239 numquam
585 2198 673 2228 ante
702 2193 834 2228 horam
863 2198 1036 2242 quartam
1064 2193 1184 2229 hostis
1214 2192 1376 2243 adparu-

266 2261 367 2291 erat:
399 2261 480 2291 tum
501 2255 590 2291 solis
610 2262 714 2292 ortus
735 2261 826 2294 erat.
882 2256 1030 2293 Deinde
1057 2262 1097 2292 ut
1116 2255 1280 2307 plurium
1299 2256 1376 2293 cla-

265 2331 370 2370 more
391 2324 429 2356 et
448 2332 559 2357 cursu
578 2333 599 2357 a
618 2321 737 2371 portis
758 2320 948 2358 dubitatio
974 2328 1124 2359 cxcmta
1143 2328 1214 2366 est,
1235 2319 1375 2359 tumul·-
