1546 2648
261 180 322 236 34
451 213 456 221 .
507 188 514 193 ·
706 193 756 225 τ.
777 194 911 227 mvn

59 279 108 332 of
117 282 158 316 C.
172 289 246 317 562.
266 293 315 318 ex
339 279 453 318 Italia
476 280 599 319 missae
622 285 806 320 onerariae
835 283 1049 334 dirigebant
1071 298 1234 323 cursum.
1291 286 1375 324 Cir-

62 326 243 362 'A‘C‘mo'
268 345 454 382 cumvecti
482 344 529 382 ab
561 345 652 383 urbe
681 347 728 383 ad
757 360 888 384 aversa
912 348 1044 386 insulae
1071 349 1240 400 (objecta
1269 352 1377 401 aqui-

264 406 347 446 loni
377 410 424 446 ad
457 409 596 446 Chium
629 416 667 446 et
697 411 882 461 Erythras
908 414 1014 461 sunt)
1049 427 1164 464 quum
1199 420 1378 465 pararent

260 473 451 525 trajicere,
488 474 606 511 literis
642 476 782 512 certior
817 476 860 513 fit
895 484 1048 527 praetor,
1085 478 1265 515 frumenti
1300 479 1377 515 vim

260 551 441 587 magnam
467 538 605 589 Chium
635 552 682 576 ex
713 538 828 577 Italia
851 542 997 578 venisse
1012 558 1023 588 5
1055 542 1184 578 vinum
1216 549 1373 592 portan-

259 609 319 639 tes
351 615 464 639 naves
494 603 782 652 tempestatibus
812 610 977 642 retentas
1011 619 1104 643 esse.
1160 607 1280 643 Simul
1309 607 1376 644 ad-

260 664 382 704 latum
411 673 481 711 est,
514 666 629 702 Teios
662 668 775 716 regiae
806 667 916 705 classi
947 669 1112 719 benigne
1141 676 1373 707 commeatus

259 731 490 783 praebuisse3
522 731 687 780 quinque
716 731 834 769 millia
851 745 1027 770 vasorum
1046 734 1121 770 vini
1151 747 1232 770 esse
1261 734 1374 785 polli-

43 801 201 836 AEmilius
262 796 371 833 citos.
427 796 550 832 Teum
569 808 616 832 ex
638 796 763 832 medio
784 809 895 834 cursu
915 797 1071 834 classem
1090 806 1244 849 repente
1267 812 1373 836 aver-

39 844 152 878 Teum
163 849 249 889 petit.
261 861 322 904 tit,
343 867 409 897 aut
427 859 641 897 volentibus
661 861 706 896 iis
728 874 861 898 usurus
883 869 1097 899 commeatu
1121 870 1255 914 parato
1280 864 1371 900 hos-

258 924 376 968 tibuS,
397 930 462 961 aut
482 924 583 974 ipsos
610 936 679 974 pro
698 925 873 961 hostibus
899 925 1109 962 habiturus.
1165 927 1294 966 Quum
1314 927 1372 963 di-

257 990 444 1026 rexissent
462 988 509 1025 ad
527 995 666 1025 terram
691 1002 837 1039 proras,
858 991 1071 1040 quindecim
1091 991 1209 1028 ferme
1228 992 1281 1028 eis
1301 1005 1370 1028 na-

255 1067 319 1090 ves
346 1055 446 1091 circa
473 1053 731 1102 Myonnesum
760 1054 1029 1105 adparuerunt‚
1053 1068 1144 1104 quas
1172 1056 1296 1106 primo
1325 1069 1374 1094 ex

255 1117 375 1154 classe
393 1117 498 1166 regia
520 1123 659 1167 praetor
679 1130 759 1154 esse
782 1125 900 1161 ratus,
922 1119 1062 1154 institit
1091 1119 1195 1168 sequi
1214 1135 1221 1156 :
1253 1119 1370 1170 adpa-

252 1183 330 1218 ruit
354 1181 455 1224 inde,
476 1181 653 1231 piraticas
684 1180 828 1217 celoces
859 1186 898 1217 et
925 1180 1070 1218 lembos
1101 1194 1193 1219 esse.
1250 1183 1369 1220 Chio-

254 1257 338 1281 rum
367 1245 595 1281 maritimam
629 1256 734 1280 oram
763 1243 998 1295 depopulati,
1030 1258 1115 1281 cum
1145 1241 1267 1282 omnis
1302 1259 1368 1296 ge—

253 1309 354 1346 neris
391 1309 518 1359 praeda
555 1315 798 1352 revertentes,
829 1317 1030 1359 postquam
1059 1310 1185 1346 videre
1214 1323 1260 1347 ex
1289 1311 1368 1348 alto

250 1374 426 1417 classem,
453 1374 491 1409 in
518 1373 647 1422 fugam
667 1379 890 1409 verterunt:
923 1380 961 1410 et
995 1373 1187 1411 celeritate
1212 1388 1366 1426 supera-

251 1438 360 1482 bant,
398 1436 603 1474 levioribus
638 1442 675 1472 et
712 1436 758 1472 ad
790 1436 829 1472 id
864 1436 1082 1474 fabrefactis
1119 1439 1295 1488 navigiis,
1329 1446 1368 1476 et

248 1503 450 1554 propiores
483 1508 592 1538 terrae
628 1507 748 1538 erant.
805 1501 953 1551 Itaque,
985 1503 1202 1553 priusquam
1230 1505 1367 1555 adpro-

252 1568 457 1618 pinquaret
492 1566 636 1609 classis,
673 1566 930 1616 Myonnesum
966 1567 1236 1617 pel-fugerunt:
1270 1570 1369 1606 unde

256 1644 296 1668 se
326 1644 348 1667 a
377 1637 488 1681 portu
518 1638 621 1667 ratus
653 1630 930 1668 abstracturum
956 1644 1083 1673 naves,
1110 1633 1262 1681 ignarus
1290 1632 1368 1670 loci

249 1695 483 1744 sequebatur
510 1701 662 1745 praetor.
717 1695 952 1745 Myonnesus
978 1697 1281 1745 promontorium
1308 1698 1367 1734 in-

247 1767 311 1796 ·ter
329 1759 450 1812 Teum
481 1760 708 1809 Samumque
728 1766 783 1796 est
802 1775 809 1796 :
842 1760 922 1810 ipse
942 1758 1047 1795 collis
1068 1766 1125 1795 est
1142 1760 1182 1796 in
1211 1761 1366 1799 modum

191 1843 201 1856 ι
252 1830 363 1861 metae
394 1823 433 1860 in
463 1831 614 1860 acutum
635 1835 816 1860 cacumen
836 1836 858 1859 a
881 1822 998 1859 fundo
1028 1824 1117 1859 satis
1147 1823 1226 1860 lato
1255 1825 1363 1862 fasti-

254 1899 391 1941 gatus:
425 1905 446 1928 a
476 1892 689 1928 continenti
718 1898 807 1928 artae
839 1892 982 1927 semitae
1008 1891 1150 1927 aditum
1172 1891 1311 1928 habet:
1344 1904 1367 1928 a.

249 1956 347 1993 mari
368 1968 487 1992 exesae
508 1955 684 1994 fluctibus
705 1968 814 2006 rupes
837 1955 1038 2000 clau‹luut;
1072 1956 1125 1990 ita
1145 1963 1185 1990 ut
1211 1955 1366 2003 quibus-

249 2021 338 2057 dam
363 2020 455 2056 locis
477 2020 794 2071 superpendentia
813 2033 904 2057 saxa
923 2020 1005 2071 plus
1026 2021 1063 2056 in
1085 2019 1216 2063 altum,
1237 2033 1364 2068 quam,

252 2097 335 2133 quae
357 2085 392 2119 in
421 2085 585 2121 statione
605 2091 707 2128 suut,
728 2097 856 2127 naves,
882 2085 1134 2134 promineant.
1191 2083 1302 2119 Circa
1321 2097 1366 2121 ea

253 2148 555 2198 adpropinquare
579 2161 654 2184 uon
683 2161 781 2184 ausae
806 2160 934 2191 naves,
955 2160 1002 2183 ne
1035 2147 1103 2183 sub
1131 2147 1206 2183 ictu
1234 2160 1365 2197 super-

255 2204 435 2248 stantium
467 2212 622 2262 rupibus
655 2213 861 2262 piratarum
894 2218 1033 2254 essent,
1067 2211 1165 2246 ‹lieui
1199 2212 1360 2248 trivere:

249 2272 420 2319 ¹tandem,
455 2277 522 2313 sub
557 2284 708 2313 noctem
738 2289 836 2313 vano
869 2278 1020 2327 incepto
1052 2289 1164 2325 quum
1195 2275 1362 2312 abstitis-

248 2346 353 2384 sent,
373 2339 495 2377 Teum
516 2348 671 2392 postero
691 2340 751 2377 die
769 2353 958 2378 accessere
972 2354 984 2377 ··.
1017 2346 1067 2384 εἰ,
1088 2341 1127 2376 iu
1155 2346 1282 2392 portu,
1302 2339 1365 2390 qui
