1546 2648
297 204 452 234 LIBER
475 200 705 232 xxxvln.
737 199 846 230 cAP.
869 200 1059 230 XLVIII.
1152 198 1230 246 135

104 292 213 343 fuit:
241 307 338 337 nam,
358 307 422 331 nec
437 295 632 342 gerendum
655 293 743 329 mihi
762 292 882 342 fuisse
895 292 1022 328 bellum
1045 306 1123 330 eum
1145 290 1292 363 (ΜΖ-ξ·
1307 288 1348 364 g·
1362 293 1441 368 158675

116 357 172 400 lis,
195 363 230 394 et
245 363 383 406 gestum
405 363 534 394 temere
552 362 658 406 atque
679 357 927 405 inprudenter,
949 357 1136 393 ditarunt.-
1165 370 1234 393 non

116 426 219 457 erant
243 422 341 458 Galli
366 423 492 465 hostes,
521 423 583 458 secl
610 426 649 457 tu
677 433 733 456 eos
759 425 908 468 pacatos
937 422 1114 468 imperata
1132 421 1237 469 faei-

117 490 212 522 entes
235 488 389 523 violasti.
447 487 532 522 Non
559 498 635 521 sum
663 486 911 533 postulaturus
937 498 958 520 a
976 485 1084 527 vobis,
1107 486 1238 522 Patres

117 552 319 598 conscripti,
351 555 403 593 ut,
435 562 512 597 quae
540 551 774 585 communiter
803 551 846 584 de
879 550 1090 584 inmanitate
1123 551 1238 596 gentis

123 614 326 657 Gallorum,
345 616 388 650 de
408 613 632 661 infestissimo
653 614 734 648 odio
752 614 787 649 in
807 620 932 648 nomen
951 612 1150 648 Romanum
1169 615 1237 649 sci-

119 679 178 720 tz's,
198 690 240 714 ea
266 679 310 714 de
335 679 408 714 illis
434 690 583 726 quoque,
605 679 665 726 qui
686 679 809 713 Asiam
834 678 1009 720 incolunt,
1033 679 1239 713 existimetis

124 743 251 779 Gallis.
310 743 464 779 Remota
491 744 660 778 universa?
689 744 804 790 gentis
832 741 989 790 infamia
1018 747 1125 789 atque
1148 743 1238 778 invi-

117 807 191 848 dia,
210 819 277 854 per
294 819 330 842 se
350 808 440 854 ipsos
459 808 641 842 (estimare.
706 807 851 842 Utinam
873 818 934 841 rea:
955 807 1143 848 Eumenes,
1164 807 1238 841 uti-

117 883 201 906 nam
223 872 317 907 Asiae
335 872 496 906 civitates
515 882 634 906 omnes
654 872 827 911 adessent,
850 876 884 905 et
910 871 991 905 illos
1013 872 1135 918 potius
1153 881 1238 917 que-

118 940 245 977 rentes,
267 947 375 983 quam
400 947 454 970 me
476 939 718 977 accusantem,
746 935 947 970 audiretis!
976 935 1129 976 Mittite,
1153 946 1238 981 age-

119 1000 217 1041 dum,
240 1001 376 1047 legatos
403 1001 498 1035 circa
521 1012 640 1035 omnes
660 1000 756 1034 Asise
783 999 893 1041 urbes,
915 1003 949 1034 et
972 1000 1132 1046 quaerite,
1154 1003 1240 1034 utra

114 1065 275 1112 graviori
302 1066 483 1107 servitute,
515 1064 694 1100 Antiocho
722 1065 820 1099 ultra
852 1064 964 1098 Tauri
983 1061 1078 1110 juga
1106 1067 1236 1105 emoto,

118 1141 166 1164 an
198 1129 314 1165 Gallis
341 1129 506 1171 subactis,
538 1129 678 1165 liberati
705 1131 776 1164 sint
793 1130 812 1164 P
841 1129 976 1176 quoties
1004 1129 1084 1175 agri
1116 1140 1238 1163 eorum

119 1194 252 1228 vastati
280 1195 364 1235 sint,
403 1194 540 1241 quoties
570 1195 702 1241 praedae
733 1193 880 1235 abacue,
913 1191 1100 1240 referant:
1130 1204 1239 1239 quum

117 1257 176 1292 vix
193 1257 391 1292 redimendi
419 1259 579 1304 captivos
601 1258 704 1304 copia
731 1261 831 1298 esset,
853 1261 887 1291 et
912 1260 1088 1291 mactatas
1112 1255 1238 1290 huma-

117 1332 181 1356 nas
200 1319 332 1356 hostias
349 1321 604 1368 inmolatosque
625 1321 749 1356 liberos
767 1332 847 1356 suos
866 1321 1045 1355 audirent.
1091 1320 1237 1368 Stipen-

118 1385 232 1426 dium,
251 1386 390 1427 scitote,
408 1386 616 1433 pependisse
634 1386 744 1421 socios
762 1389 894 1420 vestros
918 1385 1058 1420 Gallis:
1077 1389 1111 1420 et
1131 1397 1237 1428 nunc,

119 1448 287 1484 liberatos
302 1460 368 1496 per
386 1461 446 1484 vos
465 1450 562 1496 regio
583 1450 742 1497 imperio,
755 1447 874 1498 fuisse
892 1459 1074 1495 pensuros,
1094 1450 1123 1484 si
1142 1460 1165 1484 α
1184 1460 1240 1484 me

107 1512 215 1561 foret
234 1518 368 1549 cessutu
375 1526 419 1550 m.

171 1577 363 1614 XLVIII.
397 1579 475 1620 Quo
505 1579 644 1626 longius
664 1578 860 1614 Antiochus
888 1582 1022 1614 emotus
1051 1582 1152 1620 esset,
1174 1577 1239 1613 hoc

119 1642 337 1690 inpotentius
365 1644 403 1678 in
423 1643 509 1678 Asia
535 1629 634 1678 Galli
663 1644 960 1678 dominarentur:
989 1646 1036 1684 et,
1068 1642 1240 1689 quidquid

118 1710 171 1741 est
189 1710 368 1742 terrarum
388 1709 481 1743 citra
505 1707 619 1743 Tauri
638 1705 746 1754 juga,
773 1707 963 1742 Gallorum
987 1707 1149 1754 imperio,
1169 1718 1253 1743 non,

117 1774 245 1812 vestro,
272 1771 496 1815 adjecissetis.
554 1773 606 1808 At
633 1773 725 1807 enim.
749 1777 833 1807 sunt
861 1772 1002 1819 quidem
1033 1772 1101 1806 ista
1127 1782 1211 1806 vera
1227 1787 1239 1806 .-

118 1836 229 1870 etiarn
267 1835 447 1882 Delphos,
486 1837 665 1883 quondum
703 1847 886 1871 commune
921 1835 1067 1870 humani
1099 1836 1240 1881 generis

120 1898 320 1940 oraculum,
350 1899 558 1934 umbilicum
587 1899 678 1935 orbis
708 1904 897 1941 terrarum,
935 1898 1036 1933 Galli
1062 1899 1238 1945 spoliave-

119 1966 233 1997 runt:
262 1974 326 1997 nec
354 1963 433 1997 ideo
459 1964 613 2010 populus
640 1962 825 1998 Romanus
854 1961 907 1997 his
935 1962 1065 1997 bellum.
1093 1962 1238 2004 indixit,

120 2030 185 2061 aut
212 2027 347 2062 intulit.
406 2027 585 2073 Equidem
613 2028 752 2075 aliquid
775 2029 940 2062 interesse
963 2026 1067 2061 rebar
1089 2028 1181 2060 inim·
1200 2026 1239 2061 id

120 2095 270 2137 tempus,
291 2103 360 2138 quo
378 2093 537 2127 nondum
565 2093 601 2126 in
623 2090 709 2137 jure
734 2105 776 2127 ac
804 2093 936 2128 ditione
956 2095 1073 2126 vestra
1097 2090 1238 2126 Groecia

121 2158 230 2201 atque
259 2155 346 2190 Asia
375 2160 468 2197 erat,
499 2157 546 2191 ad
574 2158 774 2192 curandum
802 2157 1237 2203 animadvertendumque,

120 2219 210 2266 quid
242 2219 279 2254 in
310 2219 362 2255 his
392 2222 496 2256 terris
515 2221 625 2270 fleret
641 2239 652 2265 ‚·
681 2226 717 2257 et
749 2221 826 2263 hoc,
859 2233 926 2269 quo
951 2221 1067 2270 finem
1098 2221 1240 2268 imperii

122 2281 283 2318 Romani
307 2283 465 2320 Taurum
491 2289 643 2321 montem
665 2286 854 2328 statuistis,
875 2297 944 2333 quo
965 2285 1160 2320 libertatem
1182 2285 1239 2319 in-

116 2352 376 2412 'munitatemve
398 2353 599 2390 civitatibus
618 2355 727 2399 datis,
748 2366 817 2403 quo
845 2355 928 2391 aliis
942 2354 1040 2404 fines
1067 2350 1238 2399 adjicitis,
