1546 2648
324 168 409 209 412
774 173 820 202 '1'-
843 174 976 204 mvn

132 256 225 332 Αἴξ-ἓ
242 263 476 308 ⁵⁸3·cumque
501 260 657 297 delectus
679 263 762 306 erit,
783 276 886 311 quem
914 265 972 301 hic
998 277 1154 302 censores
1180 266 1430 313 magistratum

165 321 174 329 ”
216 321 224 331 ”
244 305 315 335 ¹⁶⁹·
326 322 514 366 habebunt,
533 326 564 360 si
587 326 688 361 miles
704 326 833 375 factus
855 340 925 364 non
944 329 1025 372 eris,
1046 330 1083 364 in
1103 329 1240 365 delecta
1261 330 1430 377 prodibis.

326 385 439 431 Item,
460 388 549 437 quia
565 388 668 426 fama
687 397 780 434 erat,
802 391 940 428 multos
961 405 1008 429 ex
1025 392 1285 429 Macedonicis
1308 391 1429 441 legio-

324 450 450 495 nibus,
467 452 623 490 incertis
638 455 910 492 commeatibus
926 469 993 506 per
1008 456 1253 493 ambitionem
1269 457 1431 506 impera-

325 520 452 552 torum
471 515 518 553 ab
539 518 707 554 exercitu
726 518 871 562 abesse,
892 519 1090 556 edixerunt
1109 520 1154 556 de
1173 519 1371 562 militibus,
1386 518 1432 555 P.

324 577 446 622 AElio,
468 580 512 617 C.
528 581 694 632 Popillio
714 582 946 626 consulibus,
963 590 1097 633 postve
1115 597 1180 620 eos
1200 582 1373 620 consules
1392 583 1433 618 in

323 641 593 680 Macedoniam
612 644 775 695 scriptis,
803 646 865 688 Ut,
887 648 947 694 qui
965 659 1085 682 eorum
1104 649 1142 683 in
1168 647 1281 683 Italia
1307 651 1431 689 essent,

324 707 424 741 intra
443 708 516 743 dies
536 708 699 755 triginta,
717 709 809 744 censi
821 710 924 756 prius
942 695 1042 758 opud
1058 721 1142 751 sese,
1158 711 1195 745 z'n
1210 711 1436 758 provinciam

325 770 509 806 redirent:
538 772 599 819 quz'
617 773 653 807 in
674 773 792 820 patris
811 778 876 809 aut
893 775 952 809 αυὶ
975 778 1152 821 potestate
1170 777 1294 815 essent,
1315 784 1437 809 eorum

326 835 474 869 nomina
505 835 554 870 ad
579 847 616 870 se
646 836 841 873 ederentur.
899 837 1092 873 Missorum
1129 849 1265 885 quoque
1299 847 1440 873 caussas

325 909 398 933 sese
415 899 617 946 cognituros
635 911 730 936 esse:
757 905 804 942 et,
825 912 976 948 quorum
993 905 1078 936 ante
1092 902 1241 936 emerita
1258 900 1437 948 stipendia

323 963 488 1009 gratiosa
507 964 622 999 missio
639 964 703 999 sibi
720 965 794 999 visa
813 969 913 1006 esset,
933 977 990 1000 eos
1014 966 1145 1001 milites
1157 965 1246 1014 fieri
1261 963 1436 1010 jussuros.

327 1023 417 1060 Hoc
437 1025 560 1062 edicto
580 1025 772 1075 literisque
792 1039 989 1063 censorum
1011 1040 1076 1077 per
1094 1027 1179 1064 fora
1198 1033 1236 1063 et
1255 1026 1435 1063 concilia·

326 1086 419 1123 bula
454 1089 631 1131 dimissis,
665 1096 774 1125 tanta
804 1089 1008 1126 multitudo
1038 1089 1235 1139 juniorum
1270 1088 1436 1125 Romam

329 1153 522 1194 convenit,
545 1157 586 1188 ut
604 1153 727 1201 gravis
748 1153 833 1189 urbi
851 1154 962 1190 turba
982 1154 1138 1190 insolita
1157 1159 1267 1190 esset.

276 1209 284 1212 ’
381 1215 472 1253 XV.
491 1216 635 1252 Praeter
653 1216 839 1253 delectum
860 1231 1004 1261 eorum,
1025 1231 1119 1267 quos
1140 1219 1178 1254 in
1199 1216 1437 1268 supplemen-

329 1286 412 1316 tum
430 1280 531 1316 mitti
551 1281 950 1331 oportebat,'quatuor
978 1295 1000 1318 a
1029 1283 1073 1319 C.
1091 1281 1257 1332 Sulpicio
1276 1286 1439 1331 praetore

331 1344 670 1395 scriptae-legiones
691 1352 792 1389 sunt,
813 1347 986 1395 intraque
1014 1346 1186 1382 undecim
1211 1345 1289 1388 dies
1315 1343 1438 1380 delec-

332 1414 393 1446 tus
413 1416 470 1446 est
488 1410 689 1460 perfectus.
727 1411 911 1447 Consules
932 1411 1064 1447 deinde
1083 1410 1208 1446 sortiti
1227 1409 1439 1460 provincias

334 1480 423 1510 sunt
437 1489 445 1510 z
468 1487 556 1511 nam
572 1481 752 1525 praetores
768 1482 923 1525 propter
935 1475 1242 1524 jurisdictionem
1258 1473 1440 1510 maturius

334 1539 460 1575 sortiti
479 1546 598 1577 erant.
646 1539 805 1576 Urbana
824 1540 868 1576 C.
883 1539 1066 1588 Sulpicio,
1086 1538 1285 1589 peregrina
1304 1537 1348 1573 C.
1360 1536 1441 1573 De-

336 1602 449 1639 cimio
468 1602 672 1651 obtigerat,
695 1603 922 1652 Hispaniam
940 1601 998 1639 M.
1019 1601 1199 1638 Claudius
1220 1598 1442 1642 Bhreellus,

337 1666 506 1703 Siciliam
525 1667 604 1704 Ser.
620 1667 818 1704 Cornelius
836 1666 1038 1710 Lentulus,
1057 1665 1268 1702 Sardiniam
1282 1664 1325 1701 P.
1338 1663 1442 1700 Fon-

337 1731 433 1767 teius
454 1731 609 1781 Capito,
629 1731 787 1768 classem
807 1731 850 1769 C.
866 1730 1034 1767 Marcius
1054 1728 1210 1778 Figulus
1231 1733 1312 1764 erat
1330 1726 1443 1763 sorti·

337 1802 411 1833 tus.
467 1795 677 1832 Consulum
703 1795 774 1832 Cn.
796 1794 955 1831 Servilio
974 1793 1100 1836 ltalia,
1121 1793 1170 1831 Q.
1189 1791 1339 1828 Marcio
1357 1789 1444 1827 Ma·

339 1858 499 1895 cedonia
516 1858 685 1896 obvenit.
734 1859 959 1907 Latinisque
978 1857 1086 1899 actis,
1106 1855 1274 1892 Marcius
1301 1861 1445 1891 extem-

340 1922 406 1974 plo
424 1929 482 1960 est
500 1923 705 1975 profectus.
763 1923 944 1973 Caepione
962 1921 1096 1959 deinde
1115 1920 1300 1957 referente
1320 1919 1367 1955 ad
1389 1930 1448 1954 se-

344 1994 491 2031 natum,
514 2000 606 2037 quas
632 2001 680 2025 ex
704 1988 813 2024 novis
838 1986 1052 2036 legionibus
1078 1985 1168 2021 duas
1194 1983 1364 2032 legiones
1391 1994 1450 2018 se-

346 2064 431 2088 cum
460 2052 499 2088 in
532 2050 696 2088 Galliam
729 2051 896 2094 duceret,
927 2050 1124 2086 decrevere
1155 2046 1301 2090 Patres,
1333 2052 1374 2082 ut
1407 2045 1452 2083 C.

345 2115 548 2166 Sulpicius,
567 2115 624 2153 M.
645 2115 824 2152 Claudius
850 2121 1031 2166 praetores
1056 2125 1103 2149 ex
1127 2111 1200 2154 his,
1222 2123 1314 2160 quas
1334 2110 1452 2160 scrip-

346 2179 496 2222 sissent,
522 2178 752 2228 legionibus,
779 2191 871 2228 quas
898 2177 1100 2219 videretur,
1131 2174 1278 2211 consuli
1306 2174 1451 2211 darent.

347 2241 508 2291 Indigne
532 2243 701 2292 patiente
727 2249 932 2293 praetorum
957 2240 1115 2277 arbitrio
1142 2237 1336 2276 consulem
1362 2236 1451 2272 sub-

341 2304 504 2357 jectum,
524 2305 678 2343 dimisso
698 2312 846 2351 senatu,
866 2305 912 2343 ad
936 2303 1104 2343 tribunal
1127 2309 1332 2354 praetorum
1350 2308 1453 2337 stans
