1546 2648
303 143 382 199 138
743 153 790 184 τ.
811 154 944 184 mvn

110 249 153 280 U.
166 249 204 280 C.
219 253 292 281 5⁶5.
299 244 484 292 gloriandi
503 243 545 279 de
562 254 630 286 me,
645 243 708 279 sed
725 244 920 279 necessaria
935 243 1121 279 criminum
1136 240 1292 291 defensio
1300 240 1408 290 fecit.

110 292 202 324 A'C·
220 297 363 343 187”Ατι
392 308 499 343 etiam
527 318 592 355 per
617 306 809 342 Thraciam
835 307 948 342 saltus
974 311 1150 354 patentes,
1180 307 1241 354 qui
1270 306 1413 353 angusti

305 376 422 413 erant,
443 375 478 407 et
492 372 608 419 plana
623 383 665 406 ex
681 371 818 412 arduis,
836 375 870 406 et
890 371 986 406 culta
1006 382 1048 406 ex
1063 371 1276 407 silvestribus
1284 369 1412 418 fucere

299 435 420 483 potui,
440 438 475 470 et
497 438 683 482 proestare,
717 434 840 470 necubi
867 435 960 469 notis
977 434 1042 470 sibi
1072 434 1215 470 latebris
1233 434 1412 469 delitesce-

303 503 385 535 rent
413 500 567 534 latrones
591 498 755 540 Thraces,
787 509 829 533 ne
850 499 936 545 quid
962 500 1183 534 sarcinarum
1211 501 1411 545 raperetur,

306 575 350 600 ne
377 564 470 612 quod
487 561 690 608 jumentum
708 574 750 597 ex
778 567 880 597 tanto
908 564 1048 609 agmine
1075 562 1352 604 abstraheretur,
1371 572 1416 596 ne

307 629 384 676 quis
401 628 662 668 vulneraretur,
683 638 725 661 ne
748 637 790 661 ex
814 626 957 661 vulnere
985 628 1039 661 vir
1053 625 1168 674 fortis
1196 639 1238 661 ac
1255 631 1418 661 strenuus

309 692 352 733 Q.
366 691 549 728 Minucius
576 691 808 726 moreretur?
835 689 880 725 In
912 689 976 725 hoc
1004 701 1101 733 casu,
1132 701 1200 738 quo
1228 689 1420 737 infeliciter

308 756 445 797 incidit,
473 760 514 790 ut
550 755 658 790 talem
686 754 796 789 civem
826 754 1080 795 amitteremus,
1113 753 1255 788 haerent.
1314 752 1419 793 Quod

305 819 403 855 saltu
422 820 558 867 iniquo,
579 820 654 855 loco
673 819 802 860 alieno,
823 831 929 866 quum
951 820 1099 854 adortus
1113 819 1221 855 hostis
1237 831 1299 854 uos
1317 822 1416 860 esset,

307 885 387 920 duae
396 884 504 920 simul
517 885 609 920 acies
623 885 734 932 primi
749 888 783 919 et
801 885 978 919 novissimi
997 885 1148 931 agminis
1164 884 1349 920 merentem
1370 883 1420 918 acl

310 949 552 995 inpedimenta
571 953 691 984 nostra
716 950 906 984 exercitum
927 948 1154 984 barbarorum
1182 950 1419 984 circumvene-

309 1016 420 1057 runt,·
449 1013 545 1060 quod
571 1013 687 1048 multa
714 1013 833 1048 millia
859 1013 934 1059 ipso
963 1013 1032 1054 die,
1058 1012 1169 1059 plura
1200 1012 1315 1048 multo
1338 1015 1421 1060 post

310 1077 384 1112 dies
398 1089 533 1124 paucos
557 1079 758 1113 ceciderunt
782 1082 817 1113 et
839 1082 1029 1125 ceperunt;
1060 1077 1137 1120 hoe,
1156 1079 1187 1113 si
1213 1079 1279 1125 ipsi
1301 1082 1421 1113 tacue-

310 1141 399 1183 rint,
419 1153 479 1177 vos
496 1143 656 1184 scituros,
678 1154 785 1189 quum
805 1144 901 1178 testis
919 1143 1090 1177 orationis
1109 1154 1192 1178 meae
1211 1147 1306 1178 totus
1323 1153 1422 1178 escer-

312 1206 403 1240 citus
419 1206 478 1246 sit,
498 1216 567 1240 non
587 1206 736 1241 credunt
749 1207 769 1241 ,9
798 1206 840 1241 Si
855 1206 1017 1253 gladium
1040 1208 1074 1241 in
1095 1207 1183 1242 Asia
1202 1218 1272 1242 non
1289 1207 1422 1242 strinx-

314 1270 427 1311 issem,
446 1270 476 1304 si
495 1269 627 1305 hostem
645 1282 712 1306 non
732 1272 916 1314 vidissem,·
947 1276 1065 1307 tumen
1089 1271 1278 1318 proconsul
1297 1272 1424 1307 trium-

311 1333 425 1381 phum
443 1335 480 1369 in
506 1334 658 1370 Thracia
678 1336 812 1371 duobus
833 1336 970 1383 proeliis
993 1347 1203 1371 merueram.
1260 1336 1334 1371 Sed
1342 1335 1425 1382 jam

314 1398 450 1433 dictum
465 1399 552 1433 satis
570 1403 646 1434 est:
674 1401 758 1446 quin
776 1411 844 1447 pro
863 1411 916 1441 eo,
939 1400 1032 1447 quod
1047 1398 1209 1447 pluribus
1227 1399 1338 1434 verbis
1351 1411 1425 1442 vos,

315 1473 423 1509 quam
443 1462 551 1504 volui,
562 1461 741 1510 fatigavi,
768 1464 908 1498 veniam
927 1475 950 1498 a
968 1462 1062 1498 vobis
1083 1464 1237 1511 petitam
1261 1464 1424 1510 inpetra-

318 1529 460 1572 tamque
477 1526 596 1568 velim,
620 1527 749 1562 Patres
769 1527 970 1573 conscripti.

368 1588 416 1625 L.
455 1588 544 1625 Plus
559 1590 717 1626 crimina
730 1603 774 1626 eo
791 1590 864 1632 die,
879 1602 990 1638 quam
1005 1589 1188 1632 defensio,
1204 1588 1424 1633 valuissent,

316 1652 356 1688 ni
376 1651 659 1688 altercationem
688 1653 727 1688 in
756 1665 879 1688 serum
908 1653 1190 1702 perduxissent:
1225 1652 1426 1688 dimittitur

319 1722 470 1752 senatus
491 1717 527 1752 in
550 1729 594 1752 ea
613 1717 809 1767 opinione,
832 1724 872 1753 ut
892 1724 1095 1765 negaturus
1115 1716 1347 1766 triumphum
1366 1716 1427 1753 fu-

125 1783 256 1814 Trium·
319 1780 392 1816 isse
410 1780 611 1818 videretur.
668 1781 828 1817 Postero
849 1782 908 1818 die
926 1788 963 1817 et
979 1782 1131 1830 cognati
1153 1781 1337 1829 amicique
1358 1780 1429 1817 Cn.

126 1828 252 1900 Κὲἒῐῗὶίο
320 1844 456 1880 Manlii
484 1846 640 1881 summis
660 1844 794 1895 opibus
816 1846 937 1881 adnisi
957 1853 1059 1887 sunt,
1082 1851 1119 1880 et
1145 1845 1350 1881 auctoritas
1371 1856 1429 1880 se-

126 1913 283 1943 decretus.
321 1909 471 1944 niornni
492 1908 622 1951 valuit,
644 1910 879 1957 negantium,
901 1908 1113 1958 exemplum
1141 1908 1330 1957 proditum
1352 1920 1431 1944 me·

321 1972 451 2008 moriae
471 1984 565 2014 esse,
588 1978 628 2007 ut
647 1973 865 2022 imperator,
887 1973 966 2021 qui,
988 1971 1239 2021 perduellibus
1260 1971 1430 2014 devictis,

322 2035 497 2072 confecta
512 2036 719 2086 provincia,
734 2037 938 2072 exercitum
960 2042 1202 2085 reportasset,
1220 2035 1300 2070 sine
1321 2047 1433 2070 curru

322 2106 361 2137 et
388 2099 529 2143 laurea,
560 2101 726 2150 privatus
757 2101 1096 2148 inhonoratusque,
1135 2099 1264 2134 urbem
1295 2099 1428 2134 iniret:

320 2163 384 2200 hic
396 2163 516 2214 pudor
529 2164 801 2213 malignitatem
816 2165 919 2206 vicit,
933 2164 1240 2214 triumphumque
1255 2163 1431 2212 frequen-

321 2233 378 2264 tes
398 2228 654 2265 decreverunt.
711 2229 912 2279 Obpressit
932 2229 1065 2264 deinde
1095 2229 1327 2263 mentionem
1353 2239 1432 2262 me-

322 2291 555 2342 moriamque.
575 2305 725 2329 omnem
744 2292 1000 2330 contentionis
1017 2290 1128 2342 hujus
1151 2290 1271 2342 majus
1290 2296 1326 2327 ct
1346 2302 1431 2328 cum
