1546 2648
287 132 373 181 594
715 136 966 167 turona:
1033 150 1037 155 -
1065 151 1072 158 ·

746 262 940 300 CXXIX.

288 336 595 392 ADVERSUS
621 353 703 391 Sex,
724 354 936 403 Pompeium
961 356 1062 391 vario
1079 361 1204 394 eventu
1223 359 1406 401 navalibus,

285 418 423 468 proeliis
448 422 650 465 pugnatum
674 423 750 454 est:
778 420 831 454 ita
858 423 900 454 ut
926 431 968 454 ex
996 419 1132 456 duabus
1149 421 1299 458 Caesaris
1316 409 1401 459 clas·

289 482 383 518 sibus
414 483 544 524 altera,
577 484 634 518 cui
666 483 835 530 Agrippa
859 488 1030 532 praeerat,
1065 487 1245 530 vincera,-
1273 488 1400 530 altera:

289 559 399 595 quam
420 546 538 582 Caesur
557 548 721 589 (luxerat,
742 534 873 589 deleta,
894 550 1044 594 expositi
1063 550 1100 584 in
1121 554 1254 586 terram
1275 552 1403 587 milites

290 612 329 648 in
346 622 477 658 magno
502 611 664 658 periculo
687 614 812 645 essent.
873 610 996 646 Victus
1013 612 1140 648 deinde
1159 614 1353 661 Pompeius
1372 616 1408 650 in

291 674 455 711 Siciliam
480 674 658 723 profugit.
715 674 771 710 M.
797 674 970 722 Lepidus,
992 677 1054 722 qui
1083 688 1124 711 ex
1151 677 1289 725 Africa·
1312 679 1409 715 velut

292 738 341 774 ad
363 739 567 773 societatem
599 738 695 780 belli,
727 742 852 773 contra
882 737 963 774 Sese.
988 738 1203 787 Pompeium
1227 753 1250 776 α
1272 740 1407 777 Coesare

288 806 449 853 gerendi,
484 803 687 850 trajecerat,
717 817 826 852 quum
855 805 986 840 bellum
1021 803 1154 840 Caesari
1187 816 1325 853 quoque
1350 806 1405 841 in-

282 867 418 918 ferret,
439 869 584 904 relictus
604 868 648 904 ab
672 869 842 910 exercitu,
873 867 1045 915 abrogato
1074 869 1322 904 triumviratus
1346 868 1414 904 ko«.

292 944 391 974 nore,
421 933 533 968 vitam
561 933 768 979 inpetravit.
825 931 880 968 M.
901 932 1069 978 Agrippa
1086 932 1208 967 navali
1231 944 1363 968 corona
1387 945 1410 969 α

294 995 435 1032 Caesare
453 997 606 1032 donatus
624 1000 699 1032 est.-
727 997 789 1044 qui
813 995 924 1032 honos
947 996 1041 1033 nulli
1068 1000 1152 1032 ante
1169 1008 1250 1033 eum
1269 997 1414 1035 halitus:

294 1064 385 1097 erat.

779 1155 949 1192 CXXX.

294 1223 377 1288 M.
399 1241 687 1284 ANTONIUS,
731 1242 816 1277 dum
850 1253 929 1277 cum
965 1240 1160 1288 Cleopatra
1191 1240 1412 1284 luxuriatur,

296 1308 400 1345 tarde
419 1305 581 1341 Mediam
609 1306 798 1353 ingressus,
826 1305 958 1340 bellum
989 1315 1068 1339 cum
1097 1303 1293 1351 legionibus
1317 1308 1414 1339 octo-

296 1371 411 1408 decim
430 1374 465 1406 et
482 1370 653 1405 sexdecim
682 1369 838 1405 millibus
856 1370 1015 1417 equitum
1035 1368 1185 1404 Parthis
1203 1368 1351 1404 intulit:
1378 1371 1421 1404 et.

297 1445 420 1482 quum,
440 1434 576 1470 duabus
595 1433 789 1481 legionibus
809 1435 960 1474 amissis,
980 1433 1083 1467 nulla
1108 1444 1146 1466 re
1170 1443 1339 1480 prospere
1358 1443 1415 1468 ce-

300 1499 419 1541 dente,
437 1502 534 1532 retro
551 1498 697 1538 rediret,
712 1498 876 1532 insecutis
892 1496 1038 1532 subinde
1052 1495 1214 1537 Parthis,
1229 1500 1262 1531 et
1274 1496 1419 1542 ingenti

301 1562 550 1609 trepidatione,
571 1566 606 1596 et
626 1573 753 1608 magno
773 1563 881 1596 totius
899 1561 1072 1596 exercitus
1086 1560 1261 1608 periculo,
1289 1561 1326 1596 in
1341 1560 1415 1595 Ar·

299 1627 456 1661 menium
487 1637 644 1661 reversus
675 1630 738 1667 est,
768 1625 899 1672 viginti
929 1629 964 1660 et
996 1636 1066 1660 uno
1103 1623 1224 1660 diebus
1260 1628 1418 1659 trecenta

299 1690 418 1725 millia
436 1688 538 1738 fuga
557 1701 738 1725 emensus:
767 1691 861 1725 circa
881 1693 961 1724 octo
980 1689 1095 1724 millia
1121 1688 1304 1723 hominum
1331 1692 1419 1724 tem-

296 1754 494 1803 pestatibus
519 1755 668 1789 amisit:
699 1758 922 1801 tempestates
950 1764 1087 1801 quoque
1115 1751 1274 1800 infestas,
1313 1763 1421 1799 super

304 1822 377 1854 tam
399 1817 591 1866 infeliciter
614 1823 814 1864 susceptum
833 1817 1044 1853 Parthicum
1067 1817 1210 1858 bellum,
1232 1816 1338 1863 culpa
1356 1825 1422 1851 sua

300 1893 427 1930 passus
444 1886 495 1920 est
510 1898 521 1924 ;
551 1883 636 1929 quia
652 1881 822 1922 ,hiemare
841 1882 876 1916 in
896 1882 1068 1916 Armenia
1092 1880 1247 1923 nolebat,
1268 1881 1354 1916 dum
1373 1879 1425 1915 ad

305 1945 536 1993 Cleopatram
553 1944 723 1994 festinat.

771 2039 964 2078 CXXXI.

306 2112 434 2166 SEX.
457 2127 661 2173 Pompeius,
689 2140 796 2176 quum
827 2129 863 2163 in
879 2128 996 2176 fidem
1019 2125 1074 2161 M.
1094 2124 1245 2160 Antonii
1274 2123 1423 2165 veniret,

302 2192 434 2231 bellum
460 2192 626 2228 adversus
654 2203 732 2227 eum
760 2193 796 2228 in
815 2193 903 2229 Asia
928 2191 1091 2231 mosten-⁹,
1120 2189 1300 2236 obpressus
1324 2199 1347 2222 a
1373 2187 1423 2222 leq

302 2257 399 2304 gatis
417 2254 504 2303 ejus,
526 2257 657 2293 occisus
676 2261 738 2294 est.
805 2256 922 2293 Caesar
939 2256 1145 2293 seditionem
1163 2256 1425 2302 veteranorum,
