1546 2648
264 173 421 202 LIBER
445 169 627 200 XXXIX.
659 168 768 196 CAP.
790 167 977 196 XXXIV·
1097 168 1174 210 191

62 277 194 303 eorum
222 264 507 311 civitatiumque
535 261 682 311 legatos
704 263 742 298 in
762 270 935 298 senatum
955 263 1176 300 introduxe-
1190 268 1231 299 U.
1245 268 1282 299 C.
1299 275 1374 300 ⁵08.

64 335 165 366 runt.
220 328 364 365 Eadem
395 328 585 376 utrimque
612 328 762 369 iterata,
783 340 866 375 quae
885 327 986 363 dicta
1005 329 1105 378 apud
1124 313 1229 365 le-A‘
1247 312 1283 342 C·
1299 319 1374 344 ¹⁸⁴⁶

64 399 173 442 gatos
203 393 243 430 in
273 393 422 429 Graecia
450 398 571 428 erant.
627 391 756 428 Aliam
783 391 918 427 deinde
947 390 1180 440 legationem

63 469 201 494 novam
222 458 368 501 Patres,
400 455 506 507 cujus
535 457 710 507 princeps
737 457 811 506 Ap.
833 455 1012 492 Claudius
1032 457 1118 500 fuit,
1139 458 1180 494 in

61 521 332 559 Macedoniam
361 527 399 558 et
427 521 467 557 iu
497 521 686 558 Graeciam
715 521 961 557 decreverunt
991 521 1037 557 ad
1057 522 1180 558 visen-

63 586 167 631 dum,
188 587 392 623 redditaene
412 586 583 622 civitates
612 585 805 622 Thessalis
825 593 863 621 et
887 585 1099 622 Perrhaebis
1120 599 1178 622 es-

63 657 160 688 sent.
218 650 359 687 Iisdem
387 650 624 693 mandatum,
656 657 697 686 ut
726 649 773 686 ab
803 649 909 685 AEno
930 656 967 685 et
991 649 1179 687 Maronea
1191 659 1297 701 Legati
1318 662 1398 694 mis.

63 714 238 765 praesidia
266 715 554 756 deducerentur,
575 714 839 762 maritimaque
859 714 981 750 omnis
1005 713 1178 752 Thraciae
1191 705 1371 778 {iggona-

64 791 132 814 ora
151 792 174 815 a
191 779 371 829 Philippo
401 786 439 814 et
463 777 742 814 Macedonibus
773 777 1009 815 liberaretur.
1064 778 1179 816 Pelo·
1280 770 1289 780 ⁰

63 854 275 893 ponnesum
309 856 461 892 quoque
495 843 598 879 adire
624 842 739 892 jussi,
770 843 869 878 unde
905 843 1009 892 prior
1037 842 1179 893 legatio

61 907 286 943 discesserat
304 907 508 943 incertiore
533 912 636 942 statu
654 918 793 950 rerum,
814 919 927 955 quam
947 907 978 942 si
1006 920 1086 944 non
1113 920 1178 945 ve-

45 971 235 1008 inissent:
268 984 358 1007 nam
386 983 499 1022 super
527 976 655 1006 cetera
682 970 796 1005 etiam
817 969 898 1005 sine
917 982 1101 1020 responso
1120 971 1179 1008 di·

62 1036 180 1080 missi,
201 1049 271 1072 nec
300 1036 431 1072 datum
459 1035 678 1086 petentibus
699 1041 779 1071 erat
798 1035 1027 1071 Achaeorum
1048 1036 1178 1073 conci-

61 1099 167 1138 lium.
222 1100 283 1137 De
312 1113 386 1149 qua
414 1113 454 1136 re
483 1106 662 1150 querente
682 1100 847 1149 graviter
865 1100 914 1139 Q.
935 1099 1106 1144 Caecilio,
1127 1101 1178 1137 si-

64 1163 143 1200 mul
179 1164 479 1200 Lacedaemoniis
517 1163 819 1214 deplorantibus,
857 1164 1000 1200 moenia
1037 1164 1176 1210 diruta,

62 1227 265 1268 abductam
306 1227 457 1277 plebem
495 1228 536 1264 in
581 1228 769 1264 Achaiam
811 1234 850 1263 et
890 1228 1176 1274 venumdatam‚

61 1291 242 1336 ademtas,
264 1292 400 1341 quibus
430 1292 476 1329 ad
506 1305 590 1328 eam
615 1293 715 1328 diem
735 1292 866 1328 civitas
887 1293 1068 1336 stetisset,
1096 1292 1176 1343 Ly-

62 1356 169 1405 curgi
198 1355 315 1405 leges,
338 1356 472 1393 Achaei
500 1357 666 1393 maxime
693 1355 846 1393 concilii
876 1356 1005 1405 negati
1034 1357 1177 1394 crimen

62 1420 309 1464 excusabant,
331 1421 528 1458 recitando
547 1420 684 1471 legem,
706 1434 804 1470 quae,
823 1421 898 1456 nisi
916 1420 1008 1456 belli
1027 1422 1179 1470 pacisve

61 1497 209 1529 caussa,
239 1493 278 1522 et
306 1498 421 1535 quum
450 1485 570 1535 legati
598 1485 646 1522 ab
681 1492 815 1522 senatu
849 1498 934 1522 cum
962 1485 1081 1522 literis
1111 1492 1178 1523 aut

61 1550 211 1600 scriptis
241 1549 429 1585 mandatis
448 1550 635 1593 venirent,
655 1555 801 1586 vetaret
827 1549 941 1586 indici
961 1549 1179 1588 concilium.

62 1613 122 1650 Ea
139 1626 188 1650 ne
206 1620 341 1664 postea
359 1612 555 1650 excusatio
571 1620 683 1657 esset,
701 1614 871 1650 ostendit
890 1620 1058 1657 senatus,
1080 1627 1179 1651 curae

61 1678 107 1713 iis
134 1690 215 1714 esse
235 1677 386 1722 debere,
407 1684 450 1715 ut
468 1678 655 1715 Romanis
676 1678 811 1728 legatis
841 1691 988 1729 semper
1017 1678 1180 1715 adeundi

61 1741 266 1778 concilium
294 1743 418 1791 gentis
448 1749 618 1793 potestas
639 1743 772 1789 fieret3
805 1743 1122 1792 quemadmodum
1142 1751 1179 1780 et

57 1805 147 1850 illis,
168 1807 316 1856 quoties
337 1806 494 1851 vellent,
514 1813 668 1844 senatus
689 1808 854 1844 daretur.

111 1869 308 1907 XXXIV.
337 1870 515 1907 Dimissis
545 1871 590 1907 iis
620 1870 892 1920 legationibus,
918 1871 1133 1922 Philippus,
1155 1883 1358 1916 aMaronitae
1374 1894 1394 1918 a

60 1935 135 1971 suis
155 1937 294 1973 certior
322 1936 460 1980 factus,
488 1936 697 1973 cedendum
723 1937 956 1981 civitatibus,
987 1937 1175 1973 deducen-
1187 1927 1336 2002 Ξὴὶἒῆἕῗ)

59 2000 179 2048 daque
197 2001 372 2050 praesidia
391 2013 486 2044 esse,
503 2001 672 2037 infensus
693 2001 884 2044 omnibus,
901 2003 939 2038 in
959 2001 1174 2038 Maronitas
1186 1981 1357 2046 tfffcffisstssf
1378 2016 1379 2019 ¹

58 2063 154 2100 iram
187 2065 358 2102 effundit.
416 2065 648 2109 Onomasto,
683 2067 748 2115 qui
784 2072 945 2116 praeerat
975 2067 1175 2104 maritimae

59 2139 150 2170 orae,
183 2130 352 2174 mandat,
388 2137 430 2166 ut
461 2131 579 2180 partis
610 2131 775 2167 adversae
809 2131 998 2182 principes
1031 2131 1176 2169 interfi-

59 2198 175 2229 ceret.
230 2193 302 2229 Ille
329 2208 396 2245 per
419 2195 656 2232 Casandrum
676 2196 891 2245 quemdam,
913 2208 1031 2232 unum
1050 2208 1097 2232 ex
1115 2208 1176 2233 re·-

33 2304 36 2305 ⁷
59 2256 131 2304 giis
145 2255 229 2306 jam
249 2258 311 2293 diu
329 2259 567 2296 habitantem
594 2259 808 2304 BIaroneae,
829 2267 943 2297 nocte
961 2260 1175 2298 Thracibus

58 2321 302 2366 intromissis,
323 2323 427 2360 velut
454 2325 494 2361 in
521 2324 624 2362 bello
651 2331 763 2376 capta
783 2325 889 2370 urbe,
911 2325 1050 2363 caedem
1070 2325 1174 2363 fecit.
