1546 2648
141 293 231 323 U.C.
251 297 323 324 562.

138 337 181 366 A.
195 336 232 367 C.
252 343 323 370 190.

334 194 391 240 50
487 221 492 228 ,
793 196 837 224 Τ.
863 196 996 226 mvn

338 285 483 335 gladios
504 290 569 321 aut
587 283 664 335 pila
682 284 900 323 hebetabat.
944 286 1074 336 Regii,
1095 293 1172 325 tam
1191 288 1269 326 lata
1288 290 1382 333 acie,
1398 303 1447 327 ne

337 367 384 391 ex
399 353 521 390 medio
540 352 688 400 quidem
709 365 853 388 cornua
870 366 936 389 sua
953 355 1238 407 circumspicere
1254 363 1446 407 poterant,

335 418 472 455 nedum
506 417 661 452 extremi
691 417 788 452 inter
817 430 855 453 se
888 420 1215 469 conspicerentur:
1248 428 1285 457 et
1308 422 1446 458 humor

336 494 443 519 arcus
475 480 685 529 fundasque
719 486 756 515 et
785 480 1002 530 jaculorum
1035 493 1187 522 amenta
1220 485 1442 522 emollierat.

335 546 498 584 Falcatae
518 557 668 593 quoque
688 545 893 594 quadrigae,
915 548 1051 596 quibus
1072 562 1111 585 se
1136 550 1444 599 perturbaturum

333 611 502 647 hostium
522 609 639 644 aciem
659 609 872 646 Antiochus
900 613 1122 656 crediderat,
1140 615 1177 650 in
1205 627 1291 650 suos
1321 620 1444 650 terro-

332 686 413 711 rem
433 677 643 709 verterunt:
676 679 829 709 armatae
852 681 979 710 autem
999 676 1036 711 in
1058 677 1158 712 hunc
1179 679 1341 714 maxime
1361 691 1443 714 mo-

333 738 422 774 dum
443 742 571 773 erant:
604 737 775 787 cuspides
796 738 894 774 circa
914 745 1105 776 temonem
1126 741 1172 776 ab
1194 741 1293 790 jugo
1314 742 1443 779 decem

332 802 461 839 cubita
490 807 696 843 exstantes,
726 801 829 838 velut
858 816 1014 847 cornua,
1045 804 1257 850 habebant3
1291 806 1442 870 (wihus,

332 866 512 917 quidquid
532 865 684 902 obvium
705 866 869 911 daretur,
890 869 1172 917 transfigerent:
1203 877 1240 906 et
1258 871 1297 906 in
1318 878 1442 907 extre-

331 931 516 981 misjugis
531 931 631 967 binae
647 931 745 967 circa
762 933 980 969 eminebant
1000 933 1135 980 falce83
1159 934 1277 970 altera
1295 941 1443 984 aequata

324 996 438 1049 jug0,
459 996 577 1033 altera
591 995 748 1032 inferior
764 997 800 1033 in
822 1003 960 1034 terram
980 999 1140 1036 devexa:
1164 998 1240 1042 illa,
1260 1006 1313 1041 ut,
1332 999 1441 1048 quid-

332 1061 421 1112 quid
455 1061 502 1097 ab
535 1060 651 1097 latere
686 1060 928 1110 objiceretur,
961 1062 1222 1110 abscinderet5
1270 1064 1365 1106 haee,
1400 1069 1442 1100 ut

331 1126 526 1177 prolapsos
557 1126 835 1175 subeuntesque
864 1127 1126 1175 contingeret:
1160 1128 1249 1163 item
1280 1127 1327 1163 ab
1358 1128 1440 1163 axi·

331 1190 400 1226 bus
435 1196 601 1226 rotarum
636 1192 824 1240 utrimque
852 1190 952 1226 binae
986 1191 1118 1227 eodem
1151 1191 1265 1227 modo
1286 1191 1441 1228 diversae

332 1254 594 1303 deligabantur
621 1254 749 1291 falces.
795 1255 868 1290 Sic
899 1261 1061 1291 armatas
1091 1255 1306 1304 quadrigas,
1337 1256 1440 1304 quia,

332 1319 362 1354 si
384 1320 421 1355 in
442 1325 625 1361 extremo,
647 1325 712 1354 aut
738 1320 775 1354 iu
797 1318 920 1354 medio
941 1318 1076 1354 locatae
1101 1319 1244 1361 forent,
1265 1331 1332 1369 per
1352 1331 1439 1356 suos

331 1383 485 1432 agendae
507 1389 627 1425 erant,
649 1383 685 1418 in
707 1383 827 1432 prima
847 1384 940 1425 acie,
962 1389 1003 1418 ut
1023 1391 1110 1419 ante
1130 1383 1271 1419 dictum
1292 1392 1362 1425 est,
1383 1383 1440 1420 lo-

330 1453 480 1484 caverat
499 1459 577 1482 rex.
634 1446 746 1485 Quod
767 1445 828 1482 ubi
858 1445 1047 1482 Eumenes
1078 1447 1181 1489 vidit,
1201 1437 1302 1483 haud
1332 1447 1440 1495 igna-

330 1523 392 1547 rus
422 1523 573 1560 pugnae,
594 1516 632 1545 et
660 1523 772 1558 quam
802 1522 937 1559 anceps
969 1516 1067 1547 esset
1095 1498 1388 1559 auxilii'genuffi
1409 1511 1441 1547 si

331 1575 414 1624 quis
434 1585 609 1623 pavorem
631 1574 749 1621 magis
771 1574 874 1621 equis
893 1573 1078 1622 injiceret,
1101 1587 1210 1623 quam
1225 1572 1333 1622 justa
1347 1573 1439 1610 ado-

331 1639 468 1675 riretur
490 1649 630 1686 pugna,
652 1636 850 1672 Cretenses
879 1637 1110 1684 sagittarios,
1137 1637 1437 1687 funditoresque,

332 1709 371 1739 et
399 1701 628 1752 jaculatores
660 1701 841 1750 equitum,
873 1714 949 1737 non
979 1700 1186 1744 consertos,
1218 1701 1296 1744 sed,
1327 1713 1438 1752 quam

332 1767 496 1803 maxime
525 1772 692 1815 possent,
715 1765 914 1815 disper-505,
944 1777 1140 1803 excurrere
1161 1764 1297 1814 jubet3
1331 1765 1442 1802 simul

333 1830 508 1867 omnibus
525 1828 693 1880 partibus
714 1829 788 1864 tela
807 1829 989 1877 ingerere.
1028 1828 1123 1867 Haec
1140 1828 1241 1865 velut
1261 1828 1439 1880 procella,

331 1896 470 1947 partim
496 1894 711 1931 vulneribus
743 1893 940 1930 missilium
967 1894 1131 1942 undique
1165 1893 1440 1943 conjectorum,

332 1960 471 2012 partim
491 1957 717 1997 clamoribus
738 1957 913 2000 dissonis,
945 1958 998 1993 ita
1024 1959 1281 1995 consternavit
1309 1970 1440 2008 equos,

334 2032 377 2063 ut
402 2032 569 2075 repente,
588 2024 689 2062 velut
708 2023 892 2067 effrenati,
913 2024 1052 2074 passim
1073 2024 1218 2059 incerto
1238 2035 1347 2060 cursu
1366 2023 1442 2061 fer·

333 2096 482 2128 rentur:
515 2102 674 2138 quor-um
698 2090 846 2138 inpetus
867 2095 904 2127 et
929 2089 1018 2124 levis
1045 2095 1248 2130 armatura,
1271 2094 1308 2123 et
1328 2099 1441 2139 expe-

334 2153 403 2190 diti
421 2152 644 2195 funditores,
667 2159 704 2187 et
724 2152 834 2190 velox
854 2152 1044 2188 Cretensis
1066 2157 1260 2188 momento
1276 2150 1443 2188 declina-

332 2217 449 2255 bant:
483 2224 521 2252 ct
552 2229 664 2265 eques
696 2217 927 2265 insequendo
954 2216 1157 2253 tumultum
1191 2227 1234 2251 ac
1265 2227 1442 2264 pavorem

334 2281 438 2329 equis
459 2280 698 2330 camelisque,
720 2286 756 2315 et
785 2280 872 2331 ipsis
900 2279 1008 2317 simul
1037 2278 1303 2320 consternatis,
1325 2290 1440 2326 auge-

332 2344 414 2388 bat,
435 2343 598 2381 clamore
614 2351 651 2379 et
671 2343 717 2379 ab
739 2343 811 2379 alia
835 2344 1158 2380 circumstantium
1183 2341 1292 2378 turba
1312 2340 1441 2379 multi·

308 2420 311 2421 ⁷
333 2407 422 2460 plici
438 2407 599 2460 adjecto,
645 2407 706 2446 Ita
724 2407 848 2445 medio
864 2408 961 2445 inter
982 2406 1072 2445 duas
1091 2407 1189 2445 acies
1210 2417 1344 2457 campo
1364 2406 1442 2444 cxi-
