1480 2604
70 237 113 267 U.
124 237 161 269 C.
179 243 250 270 ⁵52.

69 281 109 312 A.
123 281 159 312 C.
179 289 248 315 190.

45 759 214 790 Africanus

45 802 130 831 fratri
149 802 194 833 le·

42 851 144 883 gatus.

262 148 291 189 4
404 177 409 183 ,
719 151 764 179 Τ.
790 151 921 180 ῐ,ινιι

264 237 362 274 inter
381 249 420 274 se
438 237 650 288 provincias
671 238 843 276 consules
856 238 1047 290 jussisset,
1065 239 1368 291 elegantius-fac-

262 308 367 338 turos
397 302 506 345 dixit,
527 302 556 338 si
579 301 728 352 judicio
756 303 928 347 Patrum,
954 317 1066 354 quam
1095 306 1126 341 si
1156 307 1263 350 sorti,
1283 319 1367 343 eam

260 378 339 402 rem
371 366 641 416 permisissent.
698 366 840 417 Scipio,
870 380 1053 418 responso
1082 370 1127 406 ad
1156 370 1231 406 hoc
1260 369 1365 412 dato,

259 431 515 477 cogitaturum,
536 430 623 478 quid
639 430 706 466 sibi
712 430 928 479 faciendum
943 436 1042 475 esset,
1060 445 1143 468 cum
1159 433 1276 469 fratre
1291 445 1368 468 uno

257 492 422 536 locutus,
432 491 636 542 jussusque
652 493 699 529 ab
715 506 760 530 eo
776 495 993 544 permittere
1008 497 1186 532 audacter
1204 496 1367 539 senatui,

257 557 458 593 renunciat
494 552 665 606 collegae,
692 557 889 607 facturum
923 572 972 602 se,
1009 561 1104 609 quod
1138 563 1168 597 is
1204 564 1369 597 censeret.

259 622 386 661 Quum
406 633 479 665 res,
501 628 566 658 aut
585 634 697 665 nova,
718 628 784 658 aut
803 628 991 659 vetustate
1010 624 1268 674 exemplorum
1288 636 1368 660 me-

259 686 389 722 moriae
409 684 491 736 jam
518 684 691 729 exoletae,
711 685 831 722 relata
850 688 1134 736 exspectatione
1153 688 1368 723 certaminis

259 756 433 786 senatum
461 750 658 795 erexisset,
679 749 722 787 P.
744 750 872 801 Scipio
901 750 1102 788 Africanus
1129 751 1238 794 dixit,
1259 752 1303 787 Si
1323 751 1369 789 L.

259 815 420 863 Scipioni
434 814 556 864 fratri
581 827 644 851 suo
671 817 895 864 provinciam
928 816 1102 852 Graeciam
1128 817 1370 858 decrevissent,

257 891 293 915 se
313 880 470 926 legatum
490 880 638 915 iturum.
675 878 771 915 Haec
787 892 876 922 vox,
893 891 1033 928 magno
1050 879 1209 915 adsensu
1225 879 1368 921 audita,

259 941 413 978 sustulit
431 947 633 978 certamen.
669 942 845 992 Experiri
865 941 1022 985 libebat,
1044 948 1168 978 utrum
1184 941 1267 992 plus
1287 941 1369 991 regi

257 1005 453 1042 Antiocho
473 1005 511 1041 in
532 1004 751 1041 Hannibale
769 1006 885 1048 victo,
903 1018 950 1041 an
971 1006 1008 1041 in
1025 1005 1169 1042 victore
1183 1004 1368 1042 Africano

258 1068 405 1105 consuli
438 1067 729 1117 legionibusque
758 1067 960 1111 Romanis,
995 1068 1122 1104 auxilii
1157 1068 1279 1106 foret:
1325 1081 1368 1105 ac

257 1145 376 1183 prope
413 1144 543 1169 omnes
591 1132 762 1183 Scipioni
809 1132 1011 1176 Graeciam‚
1046 1131 1169 1169 Laelio
1214 1131 1368 1169 Italiam

260 1196 519 1232 decreverunt.

311 1258 366 1295 ΙΙ.
396 1259 581 1295 Praetores
602 1258 688 1294 inde
707 1257 918 1308 provincias
939 1258 1079 1302 sortiti,
1098 1257 1144 1296 L.
1165 1259 1367 1296 Auruncu·

257 1322 351 1360 leius
371 1322 569 1365 urbanam,
591 1322 661 1358 Cn.
682 1321 835 1357 Fulvius
855 1323 1106 1371 peregrinam,
1124 1321 1168 1359 L.
1187 1322 1366 1360 AEmilius

257 1386 431 1437 Regillus
452 1385 622 1437 classem,
639 1385 681 1422 P.
697 1385 834 1421 Junius
854 1385 994 1422 Brutus
1015 1386 1176 1430 Tuscos,
1193 1386 1249 1424 M.
1265 1387 1368 1425 Tuc-

259 1450 338 1485 cius
358 1448 535 1498 Apuliam
556 1456 594 1484 et
613 1448 800 1491 Bruttios,
819 1447 863 1485 C.
879 1448 1031 1484 Atinius
1053 1448 1232 1486 Siciliam.
1263 1449 1366 1486 Con-

259 1513 331 1549 suli
359 1513 507 1555 deinde,
538 1513 598 1548 cui
628 1511 776 1549 Graecia
804 1512 998 1562 provincia
1027 1512 1178 1549 decreta
1206 1520 1300 1557 erat,
1322 1513 1368 1551 ad

259 1592 346 1616 eum
364 1579 583 1621 exercitum,
605 1591 715 1627 quem
735 1591 757 1614 a
774 1577 844 1615 Μ’.
861 1577 987 1613 Acilio
1010 1577 1110 1625 (duae
1126 1583 1252 1613 autem
1271 1577 1366 1626 legi·

261 1655 352 1679 ones
379 1642 503 1689 erant)
525 1649 746 1692 accepturus
773 1649 885 1685 esset,
906 1642 943 1677 in
972 1640 1275 1690 supplementum
1304 1642 1368 1678 ad-

261 1707 339 1742 dita
359 1706 527 1756 peditum
548 1706 684 1740 civium
704 1704 968 1740 Romanorum
986 1704 1057 1740 tria
1074 1703 1204 1747 millia,
1222 1705 1366 1753 equites

261 1777 429 1812 centum,
451 1776 488 1805 et
516 1768 661 1804 socium
690 1767 819 1804 Latini
850 1767 1012 1804 nominis
1042 1767 1207 1816 quinque
1236 1766 1368 1810 milliar,

263 1835 408 1884 equites
438 1833 610 1870 ducenti:
645 1838 682 1869 et
707 1831 908 1881 adjectum,
930 1838 983 1874 ut,
1005 1844 1120 1880 quum
1148 1831 1186 1867 in
1216 1831 1370 1881 provin-

263 1900 360 1936 ciam
380 1899 556 1940 venisset,
578 1898 608 1932 si
635 1910 654 1933 e
679 1895 872 1946 republica
895 1896 1083 1932 videretur
1113 1907 1206 1938 esse,
1228 1895 1371 1933 exerci-

262 1971 342 2000 tum
363 1964 400 1999 in
420 1963 551 1999 Asiam
571 1960 773 2011 trajiceret.
819 1960 941 1996 Alteri
962 1959 1105 1996 consuli
1126 1966 1230 1996 totus
1251 1972 1369 1996 novus

261 2027 446 2064 exercitus
467 2026 662 2070 decretus;
695 2024 776 2061 duae
796 2023 964 2072 legiones
995 2023 1191 2066 Romanae,
1212 2031 1250 2060 et
1272 2023 1371 2060 soci-

259 2091 325 2127 fim
345 2090 475 2127 Latini
504 2089 667 2126 nominis
689 2088 901 2136 quindecim
922 2087 1039 2124 millia
1058 2087 1240 2139 peditum,
1262 2087 1367 2136 equi-

258 2162 316 2192 tes
337 2155 516 2191 sexcenti.
574 2153 793 2190 Exercitum
814 2167 860 2189 cx
880 2153 1084 2202 Liguribus
1105 2154 1153 2192 Q.
1174 2153 1366 2189 Minucius

263 2219 364 2269 (jam
384 2218 483 2255 euim
504 2216 716 2253 confectam
742 2218 973 2266 provinciam
1002 2219 1216 2267 scripserat,
1238 2225 1275 2254 et
1298 2216 1367 2254 Li-

261 2295 397 2334 gurum
425 2295 537 2319 omne
566 2294 705 2319 nomen
735 2282 774 2319 in
803 2281 1032 2319 deditionem
1054 2282 1215 2330 venisse)
1241 2281 1369 2318 tradu-
