1546 2648
354 156 435 197 144
496 185 500 192 ,
803 158 849 186 τ.
873 157 1006 187 mvn

156 251 249 283 U.C.
267 254 340 282 565.
350 244 399 282 ab
418 245 501 282 aliis
520 245 671 295 regibus
687 245 950 296 gentibusque,
968 247 1038 283 Cn.
1053 245 1243 283 Manlium
1262 246 1456 284 inimicum

156 296 197 326 Α·
211 295 248 326 C·
267 300 550 347 ¹⁸⁷·incessens.
607 310 659 347 Et
677 310 722 347 L.
737 311 879 360 Scipio,
898 323 1008 360 quem
1031 311 1150 359 magis
1176 323 1246 360 pro
1265 322 1319 354 se,
1341 323 1454 359 quam
1527 328 1542 343 ο

349 374 524 412 adversus
542 374 679 423 legem,
699 375 886 411 dicturum
911 375 1130 424 adparebat,
1151 374 1341 410 dissuasor
1366 387 1454 425 pro-

349 438 485 474 cessit:
517 438 548 473 is
576 445 662 488 post
688 444 850 474 mortem
870 438 913 474 P.
926 438 1098 474 Africani
1117 438 1257 480 fratris,
1279 438 1348 474 viri
1373 450 1455 474 om-

347 501 454 538 nium
471 501 665 538 fortissimi
684 501 968 551 clarissimique,
989 514 1072 538 eam
1099 508 1270 538 exortam
1286 502 1454 550 rogatio-

347 578 435 602 nem
455 572 511 602 est
531 572 771 615 conquestus.
819 567 958 602 Parum
970 568 1062 602 enim
1070 564 1202 614 fuisse,
1221 578 1291 602 non
1311 567 1457 602 laudari

342 643 413 679 pro
428 630 569 666 Rostris
585 631 627 666 P.
641 629 855 678 Africanum
869 635 949 677 post
964 635 1125 672 mortem,
1141 631 1210 665 nisi
1227 631 1338 665 etiam
1353 642 1458 666 accu-

346 700 499 731 saretur.
556 695 608 730 Et
633 694 949 741 Karthaginienses
977 695 1097 729 exsilio
1128 692 1344 728 Hannibalis
1375 705 1457 729 con-

349 764 463 794 tentos
488 771 583 794 esse:
609 759 783 806 populum
812 757 1017 793 Romanum
1045 769 1089 793 ne
1116 761 1230 792 morte
1252 758 1392 805 quidem
1412 758 1458 794 P.

347 822 527 870 Scipionis
544 823 728 864 exsatiari,
745 823 812 857 nisi
830 826 864 857 et
881 822 989 869 ipsius
995 820 1107 869 fama
1121 820 1254 868 sepulti
1269 821 1455 864 laceretur,

345 891 381 922 et
387 886 516 935 frater
536 888 690 934 insuper,
707 887 855 921 accessio
870 886 1024 927 invidiae,
1042 889 1228 921 mactetur.
1284 883 1341 920 M.
1358 884 1456 921 Cato

346 950 465 985 suasit
483 949 736 997 rogationem,
757 954 897 995 (exstat
917 949 1040 984 oratio
1057 946 1137 997 ejus
1154 947 1198 983 de
1218 948 1377 997 pecunia
1396 961 1455 984 re-

346 1013 403 1063 gis
422 1013 623 1059 Antiochi)
646 1019 684 1049 et
708 1012 915 1048 Mummios
943 1012 1115 1048 tribunos
1145 1013 1371 1048 auctoritate
1390 1013 1454 1049 de-

344 1078 493 1120 terruit,
514 1090 561 1113 ne
581 1077 867 1113 adversarentur
892 1076 1097 1124 rogationi.
1153 1074 1453 1113 Remittcntibus

346 1154 438 1189 ergo
454 1141 511 1176 his
525 1140 848 1183 intercessionem,
867 1152 996 1175 omnes
1013 1138 1149 1183 tribus,
1168 1140 1223 1176 uti
1242 1148 1455 1189 rogassent,

341 1204 550 1254 jusserunt.
591 1197 596 1199 α

398 1268 482 1306 LV.
513 1269 591 1306 Ser.
622 1269 790 1319 Sulpicio
817 1270 951 1306 deinde
979 1270 1179 1314 referente,
1207 1284 1317 1320 quem
1343 1283 1455 1320 roga·

345 1334 451 1369 tione
470 1333 620 1370 Petillia
635 1346 800 1383 quaerere
822 1333 973 1377 vellent,
994 1335 1042 1374 Q.
1058 1335 1278 1371 Terentium
1300 1335 1452 1372 Culleo-

345 1410 431 1433 nem
444 1397 575 1433 Patres
589 1395 796 1446 jusserunt.
831 1398 889 1434 Ad
905 1398 1006 1434 hunc
1021 1405 1235 1448 praetorem,
1250 1398 1343 1435 adeo
1359 1400 1453 1436 ami·

345 1474 431 1496 cum
457 1460 644 1496 Corneliae
664 1460 831 1501 familiae,
850 1467 904 1503 ut,
925 1461 990 1510 qui
1008 1460 1143 1498 Romae
1163 1468 1355 1499 mortuum
1377 1463 1453 1500 ela-

344 1531 501 1574 tumque
516 1524 558 1560 P.
573 1524 786 1573 Scipionem
806 1525 880 1571 (est
896 1525 994 1560 enim
1013 1538 1057 1561 ea
1071 1537 1220 1574 quoque
1239 1525 1357 1572 fama)
1376 1535 1452 1564 tra-

344 1590 453 1632 dunt,
483 1588 678 1638 pileatum,
705 1588 805 1624 sicut
831 1589 868 1624 iu
898 1589 1091 1639 triumpho
1119 1590 1228 1632 ierat,
1258 1590 1297 1626 in
1321 1590 1451 1628 funere

344 1666 494 1703 quoque
515 1662 602 1689 ante
614 1651 752 1688 lectum
769 1653 855 1694 isse,
876 1654 1065 1690 memoriae
1081 1654 1329 1703 prodiderint,
1350 1662 1388 1691 et
1407 1656 1452 1692 ad

343 1724 492 1768 portam
514 1716 708 1766 Capenam
735 1715 895 1752 mulsum
926 1718 1134 1766 prosecutis
1154 1716 1266 1753 funus
1289 1718 1448 1761 dedisse,

346 1781 447 1830 quod
467 1780 514 1817 ab
535 1793 580 1817 eo
597 1780 695 1816 inter
711 1779 804 1816 alios
824 1781 993 1830 captivos
1014 1782 1053 1816 in
1066 1781 1195 1817 Africa
1214 1793 1258 1817 ex
1277 1782 1450 1820 hostibus

345 1851 517 1895 receptus
530 1850 629 1880 esset
643 1858 650 1879 ι
671 1849 739 1879 aut
755 1843 849 1881 adeo
869 1844 1064 1881 inimicum
1079 1844 1265 1889 eumdem,
1282 1852 1323 1882 ut
1334 1859 1449 1897 prop-

345 1916 403 1944 ter
420 1908 606 1956 insignem
625 1905 852 1942 simultatem
873 1907 920 1943 ab
936 1919 980 1944 ea
995 1907 1176 1951 factione,
1194 1921 1276 1957 quae
1296 1909 1450 1947 adversa

346 1971 586 2022 Scipionibus
604 1977 697 2014 erat,
712 1970 876 2007 delectus
894 1972 941 2007 sit
956 1972 1193 2022 potissimum
1211 1972 1258 2008 ad
1273 1975 1450 2022 quaestio-

343 2049 428 2072 nem
460 2035 730 2080 exercendam;
764 2041 929 2072 ceterum
955 2035 1002 2072 ad
1030 2036 1130 2071 hunc
1156 2036 1266 2071 nimis
1301 2050 1449 2086 aequum

343 2106 410 2136 aut
428 2100 598 2148 iniquum
617 2105 816 2149 praetorem
837 2111 920 2136 reus
949 2099 1138 2150 extemplo
1158 2099 1279 2136 factus
1299 2101 1346 2137 L.
1367 2102 1449 2139 Sci-

340 2164 430 2214 pio;
462 2163 574 2200 simul
603 2170 640 2200 et
659 2163 782 2200 delata
802 2170 839 2200 et
868 2170 1019 2213 recepta
1051 2164 1206 2200 nomina
1234 2164 1447 2214 legatorum

340 2226 436 2277 ejus,
451 2227 497 2263 A.
510 2233 548 2263 et
561 2225 607 2263 L.
623 2226 877 2263 Hostiliorum
894 2227 1098 2269 Catonum,
1115 2236 1152 2264 et
1169 2227 1212 2264 C.
1225 2227 1329 2265 Furii
1343 2230 1446 2267 Acu-

340 2290 460 2328 leonis
490 2291 685 2341 quaestoris
702 2306 710 2327 :
743 2298 794 2335 et,
829 2298 871 2326 ut
899 2292 1027 2328 omnia
1060 2298 1237 2329 contacta
1264 2294 1445 2332 societate
