1546 2648
450 139 786 173 rnAoMss‘er‘.
1083 132 1170 190 ⁶09

55 231 245 268 memoriae
264 231 511 283 prodiderunt
526 249 537 279 5
560 238 598 270 et
615 233 654 269 in
670 233 729 269 his
746 231 898 277 Strabo,
916 238 953 270 et
967 232 1168 280 Nicolaus,

54 306 98 330 ac
117 301 298 344 praeterea
328 296 375 334 T.
398 296 542 341 Livius,
574 297 743 334 historiae
773 297 959 335 Romanae
993 299 1169 349 scriptor.

53 358 197 407 Joseplz.
218 361 278 398 lib.
293 361 368 398 xiv.
397 364 510 411 antiq.
529 362 621 398 Jud.
640 375 718 410 cap.
738 363 785 399 iv.
805 367 887 399 sect.
904 363 956 399 iii.
976 375 1061 412 pag.
1079 363 1170 401 689.

106 421 317 460 Britanniae
337 425 425 461 licet
443 425 743 472 magnitudinem
764 426 856 463 olim
881 438 994 463 nemo
1023 429 1083 475 (ut
1110 438 1170 464 re·

51 483 125 521 fert
143 485 294 533 Livius)
312 487 583 523 circumvectus
603 495 674 531 est,
691 488 819 524 multis
848 496 978 526 tamen
1006 489 1094 526 data
1114 494 1172 526 est

23 562 35 567 v·
52 547 156 584 varia
185 549 317 599 opinio
347 550 393 587 de
423 564 467 587 ea
498 551 691 600 loquendi.
765 553 972 591 Jornandes
1003 556 1048 590 de
1071 554 1174 591 rebus

57 611 170 648 Getic.
200 625 279 661 cap.
293 614 335 651 ii.

108 674 455 725 Septingentesimo
483 678 715 715 conditionis
744 691 820 715 suae
846 693 962 725 anno,
989 686 1172 729 quatuor·

53 736 174 775 decim
193 739 296 777 vicos
328 740 408 791 ejus
431 742 591 791 [Romae]
613 743 801 780 incertum
820 744 919 779 unde
939 753 1174 792 consurgens

51 801 204 840 flamma
221 807 430 843 consumsit
448 821 456 843 z
487 819 558 844 nec
588 820 768 857 unquam,
790 815 832 844 ut
851 808 905 844 ait
924 807 1072 851 Livius,
1095 819 1175 844 ma·

46 865 136 916 jore
155 868 331 906 incendio
346 877 494 907 vastata
513 877 569 908 est
584 887 593 916 3
617 872 712 909 adeo
728 878 770 909 ut
788 879 876 922 post
892 872 1037 922 aliquot
1052 884 1174 909 annos

55 932 184 968 caesar
201 932 397 981 Augustus
419 935 466 970 ad
492 936 773 983 reparationem
802 948 948 980 eorum,
979 948 1062 986 quae
1082 941 1174 974 tunc

54 1001 189 1032 exusta
207 1002 329 1039 erant,
347 1008 526 1044 magnam
546 998 623 1034 vim
649 1001 820 1047 pecuniae
854 1013 900 1038 ex
923 1001 1057 1037 aerario
1076 999 1175 1052 pub·

53 1058 129 1096 lico
148 1057 306 1106 largitus
326 1059 388 1095 sit.
445 1059 591 1095 Orosius
610 1060 669 1096 lib.
688 1060 752 1096 vii.
782 1072 862 1108 cap.
877 1060 916 1096 ii.

124 1122 265 1165 Caesar,
295 1121 499 1159 Rubicone
535 1122 691 1159 flumine
726 1128 976 1167 transmeato,
1010 1135 1102 1161 mox
1133 1129 1177 1162 ut

54 1187 271 1225 Ariminum
289 1187 407 1230 venit,
428 1186 595 1236 quinque
621 1187 813 1230 cohortes,
834 1200 926 1236 quas
954 1193 1048 1224 tunc
1075 1187 1175 1225 solas

56 1250 236 1294 habebat,
256 1264 343 1288 cum
361 1251 498 1300 quibus
521 1252 582 1299 (ut
599 1251 654 1287 ait
671 1250 822 1298 Livius)
840 1251 971 1288 orbem
990 1257 1177 1289 terrarum

58 1316 211 1352 adortus
232 1322 304 1359 est,
325 1315 416 1365 quid
433 1315 538 1353 facto
559 1327 654 1367 opus
675 1322 787 1360 esset,
807 1315 973 1354 edocuit.
1033 1317 1180 1353 Orosius

57 1380 115 1416 lib.
135 1381 184 1416 vi.
213 1393 292 1428 cap.
311 1392 373 1417 xv,

110 1442 260 1479 Primus
278 1444 428 1480 hostem
447 1443 635 1494 percussit
652 1455 774 1495 nuper
790 1443 871 1494 pilo
887 1449 1041 1494 sumpto
1054 1443 1178 1494 primo

59 1507 103 1543 C.
134 1507 345 1549 Crastinus,
402 1507 618 1544 Scholiastes
647 1512 747 1545 vetus
775 1507 917 1545 Lucani
948 1509 998 1544 ad
1030 1508 1090 1545 lib.
1117 1507 1182 1545 vii,

56 1573 149 1612 471.

112 1636 262 1673 Patavii
293 1636 337 1674 C.
357 1635 572 1680 Cornelius,
604 1636 794 1686 auguralis
825 1636 994 1673 scientiae
1022 1636 1181 1687 peritus,

0 1723 1 1731 κ
58 1699 161 1737 Livii
197 1700 371 1737 historici
401 1701 492 1737 civis
526 1707 564 1736 et
598 1699 810 1744 familiaris,
849 1699 918 1737 sub
951 1699 1051 1736 idem
1080 1699 1182 1736 forte

57 1771 206 1813 tempus
240 1776 394 1814 operam
428 1763 543 1800 dabat
572 1763 755 1814 auspicio.
811 1762 890 1799 Hic
921 1763 1085 1813 primum
1120 1763 1182 1809 (ut

60 1828 191 1865 Livius
212 1834 346 1864 auctor
365 1829 438 1875 est)
457 1834 606 1877 tempus
622 1826 747 1877 proelii
766 1827 962 1874 cognovit,
983 1824 1181 1875 praesenti·

61 1891 206 1940 busque
225 1893 306 1940 geri
325 1893 379 1928 ait
397 1904 498 1928 nunc
527 1904 620 1935 rem,
651 1896 689 1926 et
720 1889 897 1939 proelium
931 1888 1043 1923 duces
1076 1899 1182 1924 com-

60 1955 223 1992 mittere.
272 1955 327 1991 Ut
347 1956 482 1991 iterum
503 1966 588 1991 aves
604 1954 784 2004 inspexit,
804 1952 1040 2002 advertitque
1056 1951 1180 1999 signa,

59 2018 247 2056 fanaticus
281 2019 415 2063 exiliit,
453 2018 634 2061 damam,
667 2017 799 2054 Vincis
832 2017 971 2053 Caesar.
1036 2014 1179 2052 Obstu-

64 2084 303 2135 pescentibus
323 2084 411 2128 illis,
439 2085 503 2134 qui
523 2084 693 2126 aderant,
714 2083 882 2119 detracta
903 2080 1018 2130 capiti
1038 2090 1181 2114 corona

58 2146 216 2197 juravit,
238 2160 315 2183 non
333 2149 436 2197 prius
457 2160 497 2184 se
515 2148 767 2197 repositurum
789 2157 885 2186 eam,
901 2155 1014 2193 quam
1034 2142 1106 2178 arti
1121 2153 1179 2176 res

65 2218 163 2246 esset
183 2209 423 2260 adstipulata.
479 2211 568 2248 Hoc
588 2211 720 2248 Livius
746 2222 876 2248 verum
901 2219 982 2246 esse
1006 2205 1182 2244 affirmat·

62 2276 164 2314 Plut.
182 2278 222 2314 in
238 2278 316 2313 vita
335 2276 463 2315 Caesar.
489 2289 578 2326 pag.
597 2275 688 2316 730.
