1546 2648
367 175 522 207 EIBER
547 176 756 206 xxxvu.
789 175 898 205 CAP.
922 176 1048 206 VIII.
1211 176 1260 204 11

144 269 292 306 cionem
313 268 464 312 demsit,
486 281 627 305 novare
644 280 729 304 eum
750 267 952 317 quidquam
973 266 1080 304 velle.
1109 264 1162 302 Et
1181 272 1261 302 tum

140 334 290 383 quidem
311 334 471 369 comiter
491 339 667 383 acceptus
689 333 827 382 hospes
847 347 854 368 :
887 339 1042 382 postero
1073 331 1131 367 die
1158 343 1262 367 com-

139 404 285 435 meatus
307 399 489 434 exercitui
510 403 663 448 paratos
679 396 860 446 benigne,
881 402 1018 447 pontes
1040 396 1078 431 in
1094 395 1261 432 flumini-

140 461 211 499 bus
231 462 368 506 factos,
390 462 483 506 vias,
505 462 568 499 ubi
590 461 772 498 transitus
796 461 962 498 difficiles
993 466 1114 504 erant,
1135 460 1261 497 muni-

139 532 197 562 tas
214 526 320 563 vidit.
377 525 474 562 Haec
493 525 660 562 referens
680 526 826 569 eadem,
847 538 922 575 qua
940 525 1050 568 ierat,
1067 524 1261 561 celeritate

140 589 371 627 ThaumaciS
387 589 559 626 obcurrit
577 590 738 626 consuli.
768 589 862 626 Inde
879 590 1039 626 certiore
1059 595 1097 625 et
1114 587 1261 639 majore

139 668 206 705 spe
225 655 333 692 laetus
354 656 540 692 exercitus
561 654 607 691 ad
627 660 839 705 praeparata
868 654 998 690 omnia
1015 653 1056 689 in
1074 651 1260 690 Macedo-

139 720 243 756 niam
262 720 447 770 pervenit.
483 718 691 754 Venientes
713 719 818 767 regio
838 718 1021 770 adparatu
1041 723 1079 754 et
1097 718 1259 767 accepit,

140 789 179 818 et
198 789 420 833 prosecutus
441 789 499 819 est
519 795 599 820 rex.
653 782 782 819 Multa
800 782 839 818 in
860 794 906 818 eo
926 787 963 818 et
983 781 1203 824 dexteritas,
1222 787 1261 818 et

138 840 354 884 humanitas
375 848 468 890 visa,
485 860 569 896 quae
584 846 903 883 commendabilia
921 846 1022 896 apud
1032 846 1258 883 Africanum

137 917 272 957 erant5
303 912 425 948 virum
452 911 550 948 sicut
579 912 626 948 ad
650 917 776 948 cetera
795 912 1000 960 egregium,
1024 911 1078 947 ita
1097 924 1119 947 a
1138 911 1259 947 comi-2

137 979 231 1017 tate,
248 988 330 1024 quae
351 976 432 1012 sine
452 975 602 1012 luxuria
622 981 734 1019 esset,
754 987 833 1011 non
854 987 1039 1011 aversum.
1068 974 1164 1011 Inde
1178 987 1258 1011 non

137 1051 204 1089 per
223 1039 493 1076 Macedoniam
511 1039 642 1083 modo,
664 1039 729 1076 sed
748 1039 863 1075 etiam
885 1038 1104 1081 Thraciam,
1124 1051 1257 1089 prose·

136 1108 274 1151 quente
294 1110 332 1139 et
350 1110 587 1154 praeparante
604 1104 734 1140 omnia
748 1103 944 1154 Philippo,
961 1103 1007 1139 ad
1024 1102 1257 1154 Hellespon-

136 1173 217 1203 tum
238 1174 459 1216 perventum
476 1174 545 1205 est.

1275 265 1317 295 U.
1332 263 1368 295 C.
1386 269 1460 296 5⁶2.

1275 309 1314 341 A.
1334 308 1370 339 C.
1386 315 1461 341 190.

189 1231 302 1269 VIII.
331 1233 546 1269 Antiochus
573 1239 660 1284 post
679 1233 852 1270 navalem
872 1234 919 1271 ad
940 1234 1129 1284 Corycum
1158 1247 1254 1284 pug-
1268 1233 1414 1265 Classem

137 1309 239 1339 nam,
261 1310 376 1346 quum
397 1303 518 1334 totam
538 1297 702 1334 hiemem
722 1298 880 1335 liberam
900 1299 939 1335 in
955 1299 1157 1349 adparatus
1178 1306 1253 1335 ter-

133 1366 270 1397 restres
290 1362 578 1411 maritimosque
596 1361 807 1406 habuisset,
829 1362 940 1399 classi
960 1364 1124 1399 maxime
1143 1376 1253 1413 repa-

133 1425 273 1469 randae,
291 1438 338 1462 ne
358 1431 440 1462 tota
453 1426 566 1462 maris
583 1428 823 1476 possessione
844 1427 1061 1477 pelleretur,
1083 1428 1251 1465 intentus

131 1489 267 1527 fuerat.
325 1489 595 1533 Subcurrebat,
615 1496 823 1539 superatwn
842 1504 891 1534 se,
913 1505 1021 1540 quum
1050 1494 1170 1529 classis
1189 1493 1253 1529 ab⁵²

121 1553 256 1603 fuisset
276 1555 498 1591 Rhoclz'orwn
515 1571 527 1591 .·
558 1556 652 1603 quod
668 1558 698 1591 si
717 1568 759 1592 ea
779 1568 916 1604 quoque
940 1557 1021 1603 (nec
1049 1560 1254 1593 commissu-

131 1632 188 1656 ros
207 1620 379 1663 Rhodios,
400 1625 441 1656 ut
469 1621 596 1656 iterum
622 1622 865 1667 morarentur)
892 1624 1079 1657 certamini
1100 1624 1251 1666 adesset,

131 1697 261 1732 magno
279 1685 343 1721 sibi
361 1686 505 1721 navium
525 1698 671 1722 numero
691 1684 886 1735 emissore,
901 1692 942 1722 ut
956 1687 1087 1722 viribus
1099 1692 1134 1723 et
1147 1700 1251 1736 mag-

130 1750 292 1785 nitudine
310 1750 456 1785 classem
476 1749 628 1786 hostium
648 1755 815 1798 (equaret.
873 1750 1008 1799 Itaque
1031 1758 1069 1786 et
1097 1742 1250 1788 Hanni'e

129 1813 254 1849 baIem
275 1814 312 1849 in
336 1813 482 1863 Syriam
502 1814 656 1850 miserat
687 1814 734 1850 ad
759 1814 985 1851 Phoenicum
1007 1816 1249 1852 arcessendas

130 1889 259 1920 naveS,
286 1883 323 1913 et
358 1877 647 1927 Polyxenidam,
675 1891 750 1927 quo
781 1879 904 1915 minus
934 1892 1113 1929 prospere
1142 1887 1250 1928 gesta

130 1955 188 1979 res
219 1951 312 1985 erat,
335 1955 380 1979 eo
410 1943 550 1979 enisius
581 1950 618 1979 et
648 1956 724 1987 eas,
753 1957 834 1993 quae
867 1951 989 1986 erant,
1015 1944 1181 1987 reficere,
1213 1952 1252 1982 et

131 2007 222 2044 alias
242 2020 374 2058 parare
394 2020 507 2044 naves
529 2006 658 2058 jussit.
716 2007 803 2059 Ipse
824 2010 863 2044 in
884 2008 1051 2058 Phrygia
1071 2008 1251 2046 hiberna-

129 2072 197 2114 vit,
219 2072 383 2122 undique
403 2073 545 2109 auxilia
573 2085 765 2108 arcessens
786 2089 792 2109 :
827 2073 942 2109 etiam
968 2074 1004 2109 in
1037 2072 1249 2123 Gallograe-

131 2135 228 2171 ciam
259 2137 424 2174 miserat.
482 2136 749 2174 Bellicosiores
785 2150 829 2173 ea
862 2145 1089 2188 tempestate
1124 2146 1246 2183 erant,

132 2201 298 2238 Gallicos
323 2203 458 2247 adhuc,
480 2204 649 2240 nondum
680 2204 832 2241 exoleta
864 2205 980 2255 stirpe
1010 2204 1149 2251 gentis,
1170 2216 1249 2241 ser:-

130 2274 262 2303 vantes
289 2268 447 2306 animos.
504 2268 646 2305 Filium
678 2269 877 2306 Seleucum
907 2269 946 2304 in
975 2266 1130 2305 AEolide
1161 2267 1249 2305 relis-

130 2337 265 2383 querat
279 2343 363 2368 cum
380 2332 546 2371 exercitu
561 2332 608 2370 ad
621 2334 828 2372 maritimas
846 2331 1095 2371 continendas
1111 2331 1220 2369 urbes
1237 2346 1245 2370 ι

602 2396 680 2435 Be

1267 1285 1389 1318 reparat

1267 1322 1460 1352 Antiochus,
