<?xml version="1.0" encoding="UTF-8"?>
<!DOCTYPE html PUBLIC "-//W3C//DTD XHTML 1.0 Transitional//EN"
    "http://www.w3.org/TR/xhtml1/DTD/xhtml1-transitional.dtd">
<html xmlns="http://www.w3.org/1999/xhtml" xml:lang="en" lang="en">
 <head>
  <title>
</title>
<meta http-equiv="Content-Type" content="text/html;charset=utf-8" />
  <meta name='ocr-system' content='tesseract 3.04.00' />
  <meta name='ocr-capabilities' content='ocr_page ocr_carea ocr_par ocr_line ocrx_word'/>
</head>
<body>
  <div class='ocr_page' id='page_1' title='image "./historiarumquaes04livyuoft/historiarumquaes04livyuoft_0035.png"; bbox 0 0 1546 2648; ppageno 0'>
   <div class='ocr_carea' id='block_1_1' title="bbox 337 186 1215 233">
    <p class='ocr_par' dir='ltr' id='par_1_1' title="bbox 337 186 1215 233">
     <span class='ocr_line' id='line_1_1' title="bbox 337 186 1215 233; baseline -0.006 -14"><span class='ocrx_word' id='word_1_1' title='bbox 337 190 490 219; x_wconf 75' lang='lat' dir='ltr'><strong>LIBER</strong></span> <span class='ocrx_word' id='word_1_2' title='bbox 517 188 722 217; x_wconf 82' lang='lat' dir='ltr'><strong>XXXVII·</strong></span> <span class='ocrx_word' id='word_1_3' title='bbox 756 186 863 216; x_wconf 77' lang='lat' dir='ltr'>CAP.</span> <span class='ocrx_word' id='word_1_4' title='bbox 887 187 971 216; x_wconf 81' lang='lat' dir='ltr'><strong>XX.</strong></span> <span class='ocrx_word' id='word_1_5' title='bbox 1163 186 1215 233; x_wconf 69' lang='lat'><strong>25</strong></span> 
     </span>
    </p>
   </div>
   <div class='ocr_carea' id='block_1_2' title="bbox 73 277 1434 2330">
    <p class='ocr_par' dir='ltr' id='par_1_2' title="bbox 98 277 1434 459">
     <span class='ocr_line' id='line_1_2' title="bbox 100 277 1434 330; baseline -0.001 -13"><span class='ocrx_word' id='word_1_6' title='bbox 100 281 212 329; x_wconf 80' lang='lat' dir='ltr'><strong>agriS‚</strong></span> <span class='ocrx_word' id='word_1_7' title='bbox 233 279 366 317; x_wconf 80' lang='lat' dir='ltr'><strong>relicto</strong></span> <span class='ocrx_word' id='word_1_8' title='bbox 386 279 439 316; x_wconf 91' lang='lat' dir='ltr'><strong>ibi</strong></span> <span class='ocrx_word' id='word_1_9' title='bbox 460 278 618 315; x_wconf 87' lang='lat' dir='ltr'>Seleuco</span> <span class='ocrx_word' id='word_1_10' title='bbox 638 277 730 322; x_wconf 85' lang='lat' dir='ltr'><strong>filio,</strong></span> <span class='ocrx_word' id='word_1_11' title='bbox 750 277 1042 326; x_wconf 82' lang='lat' dir='ltr'><strong>Adramytteum</strong></span> <span class='ocrx_word' id='word_1_12' title='bbox 1063 277 1215 314; x_wconf 85' lang='lat' dir='ltr'><strong>hostili-</strong></span> <span class='ocrx_word' id='word_1_13' title='bbox 1229 290 1271 320; x_wconf 78' lang='grc' dir='ltr'><strong>υ,</strong></span> <span class='ocrx_word' id='word_1_14' title='bbox 1284 289 1320 320; x_wconf 82' lang='lat' dir='ltr'><strong>c,</strong></span> <span class='ocrx_word' id='word_1_15' title='bbox 1336 288 1434 330; x_wconf 43' lang='lat'><strong>5525</strong></span> 
     </span>
     <span class='ocr_line' id='line_1_3' title="bbox 101 334 1408 394; baseline -0.001 -14"><span class='ocrx_word' id='word_1_16' title='bbox 101 350 159 380; x_wconf 84' lang='lat' dir='ltr'><strong>ter</strong></span> <span class='ocrx_word' id='word_1_17' title='bbox 177 345 312 382; x_wconf 84' lang='lat' dir='ltr'><strong>itinere</strong></span> <span class='ocrx_word' id='word_1_18' title='bbox 334 345 452 388; x_wconf 88' lang='lat' dir='ltr'><strong>facto,</strong></span> <span class='ocrx_word' id='word_1_19' title='bbox 477 344 574 394; x_wconf 85' lang='lat' dir='ltr'><strong>petit</strong></span> <span class='ocrx_word' id='word_1_20' title='bbox 598 356 731 392; x_wconf 79' lang='lat' dir='ltr'><strong>agrum</strong></span> <span class='ocrx_word' id='word_1_21' title='bbox 758 341 996 392; x_wconf 86' lang='lat' dir='ltr'><strong>opulentum,</strong></span> <span class='ocrx_word' id='word_1_22' title='bbox 1018 354 1128 391; x_wconf 88' lang='lat' dir='ltr'><strong>quem</strong></span> <span class='ocrx_word' id='word_1_23' title='bbox 1149 356 1215 379; x_wconf 84' lang='lat' dir='ltr'><strong>vo·</strong></span> <span class='ocrx_word' id='word_1_24' title='bbox 1228 334 1318 364; x_wconf 79' lang='lat' dir='ltr'><strong>A·C·</strong></span> <span class='ocrx_word' id='word_1_25' title='bbox 1336 338 1408 367; x_wconf 76' lang='lat'>¹9⁰·</span> 
     </span>
     <span class='ocr_line' id='line_1_4' title="bbox 98 407 1211 459; baseline 0 -14"><span class='ocrx_word' id='word_1_26' title='bbox 98 416 187 447; x_wconf 89' lang='lat' dir='ltr'><strong>cant</strong></span> <span class='ocrx_word' id='word_1_27' title='bbox 201 410 351 447; x_wconf 83' lang='lat' dir='ltr'><strong>Thebes</strong></span> <span class='ocrx_word' id='word_1_28' title='bbox 373 422 562 459; x_wconf 84' lang='lat' dir='ltr'><strong>campum,</strong></span> <span class='ocrx_word' id='word_1_29' title='bbox 579 409 746 445; x_wconf 78' lang='lat' dir='ltr'>carmine</span> <span class='ocrx_word' id='word_1_30' title='bbox 762 407 924 444; x_wconf 79' lang='lat' dir='ltr'>Homeri</span> <span class='ocrx_word' id='word_1_31' title='bbox 943 407 1189 444; x_wconf 85' lang='lat' dir='ltr'><strong>nobilitatum</strong></span> <span class='ocrx_word' id='word_1_32' title='bbox 1203 423 1211 445; x_wconf 76' lang='grc' dir='ltr'>ε</span> 
     </span>
    </p>

    <p class='ocr_par' dir='ltr' id='par_1_3' title="bbox 95 471 1216 523">
     <span class='ocr_line' id='line_1_5' title="bbox 95 471 1216 523; baseline -0.001 -13"><span class='ocrx_word' id='word_1_33' title='bbox 95 487 218 523; x_wconf 88' lang='lat' dir='ltr'><strong>neque</strong></span> <span class='ocrx_word' id='word_1_34' title='bbox 238 475 313 512; x_wconf 89' lang='lat' dir='ltr'><strong>alio</strong></span> <span class='ocrx_word' id='word_1_35' title='bbox 332 475 408 512; x_wconf 91' lang='lat' dir='ltr'><strong>ullo</strong></span> <span class='ocrx_word' id='word_1_36' title='bbox 424 474 512 511; x_wconf 89' lang='lat' dir='ltr'><strong>loco</strong></span> <span class='ocrx_word' id='word_1_37' title='bbox 527 475 630 510; x_wconf 84' lang='lat' dir='ltr'><strong>Asiae</strong></span> <span class='ocrx_word' id='word_1_38' title='bbox 651 471 774 523; x_wconf 86' lang='lat' dir='ltr'><strong>major</strong></span> <span class='ocrx_word' id='word_1_39' title='bbox 793 472 906 521; x_wconf 87' lang='lat' dir='ltr'><strong>regiis</strong></span> <span class='ocrx_word' id='word_1_40' title='bbox 927 471 1111 508; x_wconf 86' lang='lat' dir='ltr'><strong>militibus</strong></span> <span class='ocrx_word' id='word_1_41' title='bbox 1129 486 1216 523; x_wconf 88' lang='lat' dir='ltr'><strong>par-</strong></span> 
     </span>
    </p>

    <p class='ocr_par' dir='ltr' id='par_1_4' title="bbox 95 536 1215 589">
     <span class='ocr_line' id='line_1_6' title="bbox 95 536 1215 589; baseline -0.001 -15"><span class='ocrx_word' id='word_1_42' title='bbox 95 544 135 575; x_wconf 86' lang='lat' dir='ltr'><strong>ta</strong></span> <span class='ocrx_word' id='word_1_43' title='bbox 156 544 213 575; x_wconf 86' lang='lat' dir='ltr'><strong>est</strong></span> <span class='ocrx_word' id='word_1_44' title='bbox 232 539 370 589; x_wconf 82' lang='lat' dir='ltr'><strong>praeda.</strong></span> <span class='ocrx_word' id='word_1_45' title='bbox 422 538 567 574; x_wconf 81' lang='lat' dir='ltr'><strong>Eodem</strong></span> <span class='ocrx_word' id='word_1_46' title='bbox 589 537 897 586; x_wconf 79' lang='lat' dir='ltr'>Adramytteum,</span> <span class='ocrx_word' id='word_1_47' title='bbox 918 541 960 571; x_wconf 92' lang='lat' dir='ltr'><strong>ut</strong></span> <span class='ocrx_word' id='word_1_48' title='bbox 980 536 1063 572; x_wconf 90' lang='lat' dir='ltr'><strong>urbi</strong></span> <span class='ocrx_word' id='word_1_49' title='bbox 1085 538 1215 586; x_wconf 81' lang='lat' dir='ltr'><strong>praesi-</strong></span> 
     </span>
    </p>

    <p class='ocr_par' dir='ltr' id='par_1_5' title="bbox 93 600 1212 647">
     <span class='ocr_line' id='line_1_7' title="bbox 93 600 1212 647; baseline 0 -9"><span class='ocrx_word' id='word_1_50' title='bbox 93 602 157 639; x_wconf 89' lang='lat' dir='ltr'><strong>dio</strong></span> <span class='ocrx_word' id='word_1_51' title='bbox 191 610 330 647; x_wconf 87' lang='lat' dir='ltr'><strong>essent,</strong></span> <span class='ocrx_word' id='word_1_52' title='bbox 366 603 526 640; x_wconf 86' lang='lat' dir='ltr'><strong>navibus</strong></span> <span class='ocrx_word' id='word_1_53' title='bbox 561 601 818 644; x_wconf 85' lang='lat' dir='ltr'><strong>circumvecti,</strong></span> <span class='ocrx_word' id='word_1_54' title='bbox 849 600 1030 637; x_wconf 85' lang='lat' dir='ltr'><strong>AEmilius</strong></span> <span class='ocrx_word' id='word_1_55' title='bbox 1064 607 1102 636; x_wconf 90' lang='lat' dir='ltr'><strong>et</strong></span> <span class='ocrx_word' id='word_1_56' title='bbox 1132 601 1212 638; x_wconf 87' lang='lat' dir='ltr'><strong>Eu-</strong></span> 
     </span>
    </p>

    <p class='ocr_par' dir='ltr' id='par_1_6' title="bbox 93 674 440 705">
     <span class='ocr_line' id='line_1_8' title="bbox 93 674 440 705; baseline 0.003 -2"><span class='ocrx_word' id='word_1_57' title='bbox 93 679 221 704; x_wconf 83' lang='lat' dir='ltr'>menes</span> <span class='ocrx_word' id='word_1_58' title='bbox 242 674 440 705; x_wconf 86' lang='lat' dir='ltr'><strong>venerunt.</strong></span> 
     </span>
    </p>

    <p class='ocr_par' dir='ltr' id='par_1_7' title="bbox 73 729 1420 2330">
     <span class='ocr_line' id='line_1_9' title="bbox 147 729 1335 775; baseline 0 -7"><span class='ocrx_word' id='word_1_59' title='bbox 147 732 242 772; x_wconf 90' lang='lat' dir='ltr'><strong>XX.</strong></span> <span class='ocrx_word' id='word_1_60' title='bbox 272 733 346 769; x_wconf 84' lang='lat' dir='ltr'><strong>Per</strong></span> <span class='ocrx_word' id='word_1_61' title='bbox 377 732 529 769; x_wconf 90' lang='lat' dir='ltr'><strong>eosdem</strong></span> <span class='ocrx_word' id='word_1_62' title='bbox 562 731 662 768; x_wconf 86' lang='lat' dir='ltr'><strong>forte</strong></span> <span class='ocrx_word' id='word_1_63' title='bbox 692 730 770 767; x_wconf 91' lang='lat' dir='ltr'><strong>dies</strong></span> <span class='ocrx_word' id='word_1_64' title='bbox 805 729 950 767; x_wconf 86' lang='lat' dir='ltr'><strong>Elaeam</strong></span> <span class='ocrx_word' id='word_1_65' title='bbox 985 743 1031 767; x_wconf 87' lang='lat' dir='ltr'><strong>ex</strong></span> <span class='ocrx_word' id='word_1_66' title='bbox 1064 731 1212 768; x_wconf 85' lang='lat' dir='ltr'><strong>Achaia</strong></span> <span class='ocrx_word' id='word_1_67' title='bbox 1226 744 1335 775; x_wconf 82' lang='lat' dir='ltr'><strong>Achaei</strong></span> 
     </span>
     <span class='ocr_line' id='line_1_10' title="bbox 93 788 1420 862; baseline 0.002 -30"><span class='ocrx_word' id='word_1_68' title='bbox 93 796 196 833; x_wconf 89' lang='lat' dir='ltr'><strong>mille</strong></span> <span class='ocrx_word' id='word_1_69' title='bbox 222 798 366 846; x_wconf 84' lang='lat' dir='ltr'><strong>pedites</strong></span> <span class='ocrx_word' id='word_1_70' title='bbox 389 810 474 833; x_wconf 89' lang='lat' dir='ltr'><strong>cum</strong></span> <span class='ocrx_word' id='word_1_71' title='bbox 495 803 649 832; x_wconf 86' lang='lat' dir='ltr'><strong>centum</strong></span> <span class='ocrx_word' id='word_1_72' title='bbox 677 795 882 844; x_wconf 88' lang='lat' dir='ltr'><strong>equitibus,</strong></span> <span class='ocrx_word' id='word_1_73' title='bbox 903 795 1109 846; x_wconf 83' lang='lat' dir='ltr'><strong>Diophane</strong></span> <span class='ocrx_word' id='word_1_74' title='bbox 1129 809 1210 833; x_wconf 88' lang='lat' dir='ltr'><strong>om·</strong></span> <span class='ocrx_word' id='word_1_75' title='bbox 1225 788 1420 862; x_wconf 45' lang='lat' dir='ltr'><strong>ffiffiffisus?</strong></span> 
     </span>
     <span class='ocr_line' id='line_1_11' title="bbox 92 852 1409 912; baseline 0.002 -17"><span class='ocrx_word' id='word_1_76' title='bbox 92 859 203 910; x_wconf 86' lang='lat' dir='ltr'><strong>nibus</strong></span> <span class='ocrx_word' id='word_1_77' title='bbox 223 861 281 896; x_wconf 90' lang='lat' dir='ltr'><strong>his</strong></span> <span class='ocrx_word' id='word_1_78' title='bbox 300 862 420 912; x_wconf 89' lang='lat' dir='ltr'><strong>copiis</strong></span> <span class='ocrx_word' id='word_1_79' title='bbox 441 861 663 911; x_wconf 81' lang='lat' dir='ltr'><strong>praeposito,</strong></span> <span class='ocrx_word' id='word_1_80' title='bbox 686 865 945 896; x_wconf 85' lang='lat' dir='ltr'><strong>accesserunt:</strong></span> <span class='ocrx_word' id='word_1_81' title='bbox 969 873 1063 909; x_wconf 90' lang='lat' dir='ltr'><strong>quos</strong></span> <span class='ocrx_word' id='word_1_82' title='bbox 1083 873 1210 910; x_wconf 85' lang='lat' dir='ltr'><strong>egres·</strong></span> <span class='ocrx_word' id='word_1_83' title='bbox 1401 852 1409 861; x_wconf 60' lang='lat'>⁸</span> 
     </span>
     <span class='ocr_line' id='line_1_12' title="bbox 90 922 1209 962; baseline 0.003 -3"><span class='ocrx_word' id='word_1_84' title='bbox 90 935 152 959; x_wconf 87' lang='lat' dir='ltr'><strong>sos</strong></span> <span class='ocrx_word' id='word_1_85' title='bbox 189 925 350 960; x_wconf 86' lang='lat' dir='ltr'><strong>navibus</strong></span> <span class='ocrx_word' id='word_1_86' title='bbox 390 924 543 961; x_wconf 84' lang='lat' dir='ltr'><strong>obviam</strong></span> <span class='ocrx_word' id='word_1_87' title='bbox 580 924 686 959; x_wconf 89' lang='lat' dir='ltr'><strong>missi</strong></span> <span class='ocrx_word' id='word_1_88' title='bbox 718 923 766 959; x_wconf 91' lang='lat' dir='ltr'><strong>ab</strong></span> <span class='ocrx_word' id='word_1_89' title='bbox 799 922 935 960; x_wconf 84' lang='lat' dir='ltr'><strong>Attalo</strong></span> <span class='ocrx_word' id='word_1_90' title='bbox 970 930 1084 960; x_wconf 85' lang='lat' dir='ltr'><strong>nocte</strong></span> <span class='ocrx_word' id='word_1_91' title='bbox 1116 925 1209 962; x_wconf 87' lang='lat' dir='ltr'><strong>Per-</strong></span> 
     </span>
     <span class='ocr_line' id='line_1_13' title="bbox 88 989 1209 1039; baseline 0.002 -15"><span class='ocrx_word' id='word_1_92' title='bbox 88 999 240 1036; x_wconf 88' lang='lat' dir='ltr'><strong>gamum</strong></span> <span class='ocrx_word' id='word_1_93' title='bbox 261 989 510 1026; x_wconf 86' lang='lat' dir='ltr'><strong>deduxerunt.</strong></span> <span class='ocrx_word' id='word_1_94' title='bbox 567 989 749 1025; x_wconf 82' lang='lat' dir='ltr'><strong>Veterani</strong></span> <span class='ocrx_word' id='word_1_95' title='bbox 771 1000 905 1024; x_wconf 86' lang='lat' dir='ltr'><strong>omnes</strong></span> <span class='ocrx_word' id='word_1_96' title='bbox 926 994 963 1024; x_wconf 92' lang='lat' dir='ltr'><strong>et</strong></span> <span class='ocrx_word' id='word_1_97' title='bbox 983 989 1094 1039; x_wconf 84' lang='lat' dir='ltr'><strong>periti</strong></span> <span class='ocrx_word' id='word_1_98' title='bbox 1118 990 1209 1027; x_wconf 92' lang='lat' dir='ltr'><strong>belli</strong></span> 
     </span>
     <span class='ocr_line' id='line_1_14' title="bbox 87 1050 1208 1104; baseline 0.002 -16"><span class='ocrx_word' id='word_1_99' title='bbox 87 1050 210 1096; x_wconf 84' lang='lat' dir='ltr'><strong>erant,</strong></span> <span class='ocrx_word' id='word_1_100' title='bbox 231 1060 270 1090; x_wconf 91' lang='lat' dir='ltr'><strong>et</strong></span> <span class='ocrx_word' id='word_1_101' title='bbox 290 1055 369 1104; x_wconf 87' lang='lat' dir='ltr'><strong>ipse</strong></span> <span class='ocrx_word' id='word_1_102' title='bbox 389 1054 465 1090; x_wconf 82' lang='lat' dir='ltr'><strong>dux</strong></span> <span class='ocrx_word' id='word_1_103' title='bbox 484 1053 800 1103; x_wconf 82' lang='lat' dir='ltr'><strong>PbilopoemeniS,</strong></span> <span class='ocrx_word' id='word_1_104' title='bbox 822 1054 959 1089; x_wconf 82' lang='lat' dir='ltr'><strong>summi</strong></span> <span class='ocrx_word' id='word_1_105' title='bbox 982 1063 1061 1089; x_wconf 88' lang='lat' dir='ltr'><strong>tum</strong></span> <span class='ocrx_word' id='word_1_106' title='bbox 1083 1056 1208 1090; x_wconf 90' lang='lat' dir='ltr'><strong>omni-</strong></span> 
     </span>
     <span class='ocr_line' id='line_1_15' title="bbox 87 1117 1208 1168; baseline 0.004 -17"><span class='ocrx_word' id='word_1_107' title='bbox 87 1128 151 1151; x_wconf 89' lang='lat' dir='ltr'><strong>um</strong></span> <span class='ocrx_word' id='word_1_108' title='bbox 171 1117 392 1154; x_wconf 83' lang='lat' dir='ltr'><strong>Graecorurn</strong></span> <span class='ocrx_word' id='word_1_109' title='bbox 418 1118 674 1168; x_wconf 79' lang='lat' dir='ltr'><strong>imperatoris,</strong></span> <span class='ocrx_word' id='word_1_110' title='bbox 696 1117 926 1167; x_wconf 86' lang='lat' dir='ltr'><strong>discipulus:</strong></span> <span class='ocrx_word' id='word_1_111' title='bbox 960 1118 1025 1167; x_wconf 91' lang='lat' dir='ltr'><strong>qui</strong></span> <span class='ocrx_word' id='word_1_112' title='bbox 1050 1118 1208 1155; x_wconf 86' lang='lat' dir='ltr'><strong>biduum</strong></span> 
     </span>
     <span class='ocr_line' id='line_1_16' title="bbox 87 1181 1208 1232; baseline 0.004 -16"><span class='ocrx_word' id='word_1_113' title='bbox 87 1181 199 1217; x_wconf 87' lang='lat' dir='ltr'><strong>simul</strong></span> <span class='ocrx_word' id='word_1_114' title='bbox 227 1183 273 1219; x_wconf 90' lang='lat' dir='ltr'><strong>ad</strong></span> <span class='ocrx_word' id='word_1_115' title='bbox 299 1184 465 1232; x_wconf 87' lang='lat' dir='ltr'><strong>quietem</strong></span> <span class='ocrx_word' id='word_1_116' title='bbox 491 1183 688 1219; x_wconf 84' lang='lat' dir='ltr'><strong>hominum</strong></span> <span class='ocrx_word' id='word_1_117' title='bbox 719 1195 992 1231; x_wconf 85' lang='lat' dir='ltr'><strong>equorumque,</strong></span> <span class='ocrx_word' id='word_1_118' title='bbox 1015 1189 1052 1219; x_wconf 88' lang='lat' dir='ltr'><strong>et</strong></span> <span class='ocrx_word' id='word_1_119' title='bbox 1078 1184 1125 1219; x_wconf 91' lang='lat' dir='ltr'><strong>ad</strong></span> <span class='ocrx_word' id='word_1_120' title='bbox 1153 1185 1208 1220; x_wconf 90' lang='lat' dir='ltr'><strong>vi-</strong></span> 
     </span>
     <span class='ocr_line' id='line_1_17' title="bbox 86 1245 1208 1298; baseline 0.004 -17"><span class='ocrx_word' id='word_1_121' title='bbox 86 1247 219 1282; x_wconf 87' lang='lat' dir='ltr'><strong>sendas</strong></span> <span class='ocrx_word' id='word_1_122' title='bbox 236 1247 405 1284; x_wconf 82' lang='lat' dir='ltr'><strong>hostium</strong></span> <span class='ocrx_word' id='word_1_123' title='bbox 423 1249 621 1290; x_wconf 83' lang='lat' dir='ltr'><strong>stationes,</strong></span> <span class='ocrx_word' id='word_1_124' title='bbox 633 1245 769 1296; x_wconf 82' lang='lat' dir='ltr'><strong>quibus</strong></span> <span class='ocrx_word' id='word_1_125' title='bbox 786 1246 880 1283; x_wconf 90' lang='lat' dir='ltr'><strong>locis</strong></span> <span class='ocrx_word' id='word_1_126' title='bbox 894 1248 1208 1298; x_wconf 83' lang='lat' dir='ltr'><strong>temporibusque</strong></span> 
     </span>
     <span class='ocr_line' id='line_1_18' title="bbox 85 1310 1206 1362; baseline 0.003 -16"><span class='ocrx_word' id='word_1_127' title='bbox 85 1310 309 1348; x_wconf 82' lang='lat' dir='ltr'><strong>accederent</strong></span> <span class='ocrx_word' id='word_1_128' title='bbox 333 1313 620 1362; x_wconf 85' lang='lat' dir='ltr'><strong>reciperentque</strong></span> <span class='ocrx_word' id='word_1_129' title='bbox 646 1323 741 1354; x_wconf 87' lang='lat' dir='ltr'><strong>sese,</strong></span> <span class='ocrx_word' id='word_1_130' title='bbox 769 1318 997 1348; x_wconf 80' lang='lat' dir='ltr'><strong>sumserunt.</strong></span> <span class='ocrx_word' id='word_1_131' title='bbox 1053 1313 1115 1349; x_wconf 89' lang='lat' dir='ltr'><strong>Ad</strong></span> <span class='ocrx_word' id='word_1_132' title='bbox 1146 1327 1206 1349; x_wconf 87' lang='lat' dir='ltr'><strong>ra-</strong></span> 
     </span>
     <span class='ocr_line' id='line_1_19' title="bbox 84 1374 1203 1425; baseline 0.004 -15"><span class='ocrx_word' id='word_1_133' title='bbox 84 1374 184 1411; x_wconf 86' lang='lat' dir='ltr'><strong>dices</strong></span> <span class='ocrx_word' id='word_1_134' title='bbox 205 1375 283 1412; x_wconf 88' lang='lat' dir='ltr'><strong>fere</strong></span> <span class='ocrx_word' id='word_1_135' title='bbox 304 1377 426 1420; x_wconf 86' lang='lat' dir='ltr'><strong>collis,</strong></span> <span class='ocrx_word' id='word_1_136' title='bbox 447 1377 485 1412; x_wconf 89' lang='lat' dir='ltr'><strong>in</strong></span> <span class='ocrx_word' id='word_1_137' title='bbox 507 1388 582 1425; x_wconf 90' lang='lat' dir='ltr'><strong>quo</strong></span> <span class='ocrx_word' id='word_1_138' title='bbox 603 1376 728 1425; x_wconf 80' lang='lat' dir='ltr'><strong>posita</strong></span> <span class='ocrx_word' id='word_1_139' title='bbox 749 1381 806 1411; x_wconf 85' lang='lat' dir='ltr'><strong>est</strong></span> <span class='ocrx_word' id='word_1_140' title='bbox 827 1376 929 1418; x_wconf 83' lang='lat' dir='ltr'><strong>urbs,</strong></span> <span class='ocrx_word' id='word_1_141' title='bbox 951 1377 1046 1425; x_wconf 85' lang='lat' dir='ltr'><strong>regii</strong></span> <span class='ocrx_word' id='word_1_142' title='bbox 1073 1390 1203 1414; x_wconf 84' lang='lat' dir='ltr'><strong>succe-</strong></span> 
     </span>
     <span class='ocr_line' id='line_1_20' title="bbox 82 1439 1202 1489; baseline 0.004 -14"><span class='ocrx_word' id='word_1_143' title='bbox 82 1439 245 1476; x_wconf 84' lang='lat' dir='ltr'><strong>debant:</strong></span> <span class='ocrx_word' id='word_1_144' title='bbox 278 1441 332 1477; x_wconf 87' lang='lat' dir='ltr'><strong>ita</strong></span> <span class='ocrx_word' id='word_1_145' title='bbox 351 1441 470 1477; x_wconf 86' lang='lat' dir='ltr'><strong>libera</strong></span> <span class='ocrx_word' id='word_1_146' title='bbox 491 1440 537 1476; x_wconf 90' lang='lat' dir='ltr'><strong>ab</strong></span> <span class='ocrx_word' id='word_1_147' title='bbox 558 1447 668 1488; x_wconf 86' lang='lat' dir='ltr'><strong>tergo</strong></span> <span class='ocrx_word' id='word_1_148' title='bbox 689 1439 887 1489; x_wconf 86' lang='lat' dir='ltr'><strong>populatio</strong></span> <span class='ocrx_word' id='word_1_149' title='bbox 911 1447 1005 1484; x_wconf 84' lang='lat' dir='ltr'><strong>erat,</strong></span> <span class='ocrx_word' id='word_1_150' title='bbox 1027 1441 1132 1477; x_wconf 90' lang='lat' dir='ltr'><strong>nullo</strong></span> <span class='ocrx_word' id='word_1_151' title='bbox 1154 1442 1202 1479; x_wconf 87' lang='lat' dir='ltr'><strong>ab</strong></span> 
     </span>
     <span class='ocr_line' id='line_1_21' title="bbox 82 1503 1199 1555; baseline 0.003 -16"><span class='ocrx_word' id='word_1_152' title='bbox 82 1503 187 1547; x_wconf 90' lang='lat' dir='ltr'><strong>urbe,</strong></span> <span class='ocrx_word' id='word_1_153' title='bbox 210 1517 256 1541; x_wconf 89' lang='lat' dir='ltr'><strong>ne</strong></span> <span class='ocrx_word' id='word_1_154' title='bbox 276 1505 315 1541; x_wconf 92' lang='lat' dir='ltr'><strong>in</strong></span> <span class='ocrx_word' id='word_1_155' title='bbox 336 1506 519 1541; x_wconf 90' lang='lat' dir='ltr'><strong>stationes</strong></span> <span class='ocrx_word' id='word_1_156' title='bbox 540 1504 690 1554; x_wconf 86' lang='lat' dir='ltr'><strong>quidem</strong></span> <span class='ocrx_word' id='word_1_157' title='bbox 713 1505 776 1553; x_wconf 89' lang='lat' dir='ltr'><strong>qui</strong></span> <span class='ocrx_word' id='word_1_158' title='bbox 797 1504 928 1554; x_wconf 89' lang='lat' dir='ltr'><strong>procul</strong></span> <span class='ocrx_word' id='word_1_159' title='bbox 947 1504 1199 1555; x_wconf 80' lang='lat' dir='ltr'><strong>jacularetur,</strong></span> 
     </span>
     <span class='ocr_line' id='line_1_22' title="bbox 80 1569 1199 1618; baseline 0.004 -15"><span class='ocrx_word' id='word_1_160' title='bbox 80 1575 316 1606; x_wconf 84' lang='lat' dir='ltr'><strong>excurrente.</strong></span> <span class='ocrx_word' id='word_1_161' title='bbox 354 1569 563 1618; x_wconf 83' lang='lat' dir='ltr'><strong>Postquam</strong></span> <span class='ocrx_word' id='word_1_162' title='bbox 583 1569 701 1605; x_wconf 85' lang='lat' dir='ltr'><strong>semel</strong></span> <span class='ocrx_word' id='word_1_163' title='bbox 720 1569 905 1618; x_wconf 86' lang='lat' dir='ltr'><strong>compulsi</strong></span> <span class='ocrx_word' id='word_1_164' title='bbox 928 1576 1030 1606; x_wconf 85' lang='lat' dir='ltr'><strong>metu</strong></span> <span class='ocrx_word' id='word_1_165' title='bbox 1048 1583 1087 1606; x_wconf 92' lang='lat' dir='ltr'><strong>se</strong></span> <span class='ocrx_word' id='word_1_166' title='bbox 1105 1584 1199 1607; x_wconf 68' lang='lat' dir='ltr'><strong>nme-</strong></span> 
     </span>
     <span class='ocr_line' id='line_1_23' title="bbox 78 1632 1199 1684; baseline 0.004 -17"><span class='ocrx_word' id='word_1_167' title='bbox 78 1632 190 1668; x_wconf 77' lang='lat' dir='ltr'><strong>nibus</strong></span> <span class='ocrx_word' id='word_1_168' title='bbox 218 1633 470 1677; x_wconf 85' lang='lat' dir='ltr'><strong>incluserunt,</strong></span> <span class='ocrx_word' id='word_1_169' title='bbox 493 1640 709 1670; x_wconf 85' lang='lat' dir='ltr'><strong>contemtus</strong></span> <span class='ocrx_word' id='word_1_170' title='bbox 731 1646 876 1676; x_wconf 80' lang='lat' dir='ltr'><strong>eorum,</strong></span> <span class='ocrx_word' id='word_1_171' title='bbox 899 1640 936 1669; x_wconf 91' lang='lat' dir='ltr'><strong>et</strong></span> <span class='ocrx_word' id='word_1_172' title='bbox 964 1635 1050 1670; x_wconf 88' lang='lat' dir='ltr'><strong>inde</strong></span> <span class='ocrx_word' id='word_1_173' title='bbox 1078 1636 1199 1684; x_wconf 76' lang='lat' dir='ltr'><strong>negli-</strong></span> 
     </span>
     <span class='ocr_line' id='line_1_24' title="bbox 81 1698 1243 1747; baseline 0.005 -16"><span class='ocrx_word' id='word_1_174' title='bbox 81 1698 223 1744; x_wconf 80' lang='lat' dir='ltr'><strong>gentia,</strong></span> <span class='ocrx_word' id='word_1_175' title='bbox 245 1698 345 1747; x_wconf 87' lang='lat' dir='ltr'><strong>apud</strong></span> <span class='ocrx_word' id='word_1_176' title='bbox 372 1699 497 1747; x_wconf 82' lang='lat' dir='ltr'><strong>regios</strong></span> <span class='ocrx_word' id='word_1_177' title='bbox 526 1699 670 1743; x_wconf 80' lang='lat' dir='ltr'><strong>oritur3</strong></span> <span class='ocrx_word' id='word_1_178' title='bbox 703 1711 781 1735; x_wconf 86' lang='lat' dir='ltr'><strong>non</strong></span> <span class='ocrx_word' id='word_1_179' title='bbox 806 1704 960 1741; x_wconf 85' lang='lat' dir='ltr'><strong>stratos,</strong></span> <span class='ocrx_word' id='word_1_180' title='bbox 982 1712 1060 1735; x_wconf 86' lang='lat' dir='ltr'><strong>non</strong></span> <span class='ocrx_word' id='word_1_181' title='bbox 1081 1700 1198 1737; x_wconf 84' lang='lat' dir='ltr'><strong>infre·</strong></span> <span class='ocrx_word' id='word_1_182' title='bbox 1237 1740 1243 1745; x_wconf 34' lang='lat' dir='ltr'><strong><em>s</em></strong></span> 
     </span>
     <span class='ocr_line' id='line_1_25' title="bbox 77 1762 1197 1813; baseline 0.005 -17"><span class='ocrx_word' id='word_1_183' title='bbox 77 1766 189 1797; x_wconf 81' lang='lat' dir='ltr'><strong>natos</strong></span> <span class='ocrx_word' id='word_1_184' title='bbox 210 1774 347 1811; x_wconf 84' lang='lat' dir='ltr'><strong>magna</strong></span> <span class='ocrx_word' id='word_1_185' title='bbox 373 1775 459 1812; x_wconf 87' lang='lat' dir='ltr'><strong>pars</strong></span> <span class='ocrx_word' id='word_1_186' title='bbox 487 1762 681 1798; x_wconf 80' lang='lat' dir='ltr'><strong>habebant</strong></span> <span class='ocrx_word' id='word_1_187' title='bbox 701 1775 817 1811; x_wconf 85' lang='lat' dir='ltr'><strong>equos</strong></span> <span class='ocrx_word' id='word_1_188' title='bbox 835 1778 842 1799; x_wconf 71' lang='grc' dir='ltr'><em>τ</em></span> <span class='ocrx_word' id='word_1_189' title='bbox 875 1764 1005 1813; x_wconf 86' lang='lat' dir='ltr'><strong>paucis</strong></span> <span class='ocrx_word' id='word_1_190' title='bbox 1026 1764 1071 1800; x_wconf 84' lang='lat' dir='ltr'><strong>ad</strong></span> <span class='ocrx_word' id='word_1_191' title='bbox 1093 1778 1197 1802; x_wconf 82' lang='lat' dir='ltr'><strong>arma</strong></span> 
     </span>
     <span class='ocr_line' id='line_1_26' title="bbox 78 1826 1195 1878; baseline 0.005 -18"><span class='ocrx_word' id='word_1_192' title='bbox 78 1832 115 1860; x_wconf 81' lang='lat' dir='ltr'><strong>et</strong></span> <span class='ocrx_word' id='word_1_193' title='bbox 141 1826 291 1862; x_wconf 85' lang='lat' dir='ltr'><strong>ordines</strong></span> <span class='ocrx_word' id='word_1_194' title='bbox 318 1827 474 1870; x_wconf 79' lang='lat' dir='ltr'><strong>relictis,</strong></span> <span class='ocrx_word' id='word_1_195' title='bbox 496 1827 628 1877; x_wconf 81' lang='lat' dir='ltr'><strong>dilapsi</strong></span> <span class='ocrx_word' id='word_1_196' title='bbox 655 1828 771 1863; x_wconf 86' lang='lat' dir='ltr'><strong>ceteri</strong></span> <span class='ocrx_word' id='word_1_197' title='bbox 798 1835 1014 1878; x_wconf 86' lang='lat' dir='ltr'><strong>sparserant</strong></span> <span class='ocrx_word' id='word_1_198' title='bbox 1041 1842 1079 1866; x_wconf 85' lang='lat' dir='ltr'><strong>se</strong></span> <span class='ocrx_word' id='word_1_199' title='bbox 1110 1838 1195 1866; x_wconf 83' lang='lat' dir='ltr'><strong>toto</strong></span> 
     </span>
     <span class='ocr_line' id='line_1_27' title="bbox 76 1892 1195 1946; baseline 0.005 -20"><span class='ocrx_word' id='word_1_200' title='bbox 76 1892 214 1941; x_wconf 84' lang='lat' dir='ltr'><strong>passim</strong></span> <span class='ocrx_word' id='word_1_201' title='bbox 236 1906 385 1943; x_wconf 77' lang='lat' dir='ltr'><strong>campo,</strong></span> <span class='ocrx_word' id='word_1_202' title='bbox 406 1906 492 1943; x_wconf 84' lang='lat' dir='ltr'><strong>pars</strong></span> <span class='ocrx_word' id='word_1_203' title='bbox 514 1895 552 1929; x_wconf 88' lang='lat' dir='ltr'><strong>in</strong></span> <span class='ocrx_word' id='word_1_204' title='bbox 573 1893 772 1944; x_wconf 82' lang='lat' dir='ltr'><strong>juvenales</strong></span> <span class='ocrx_word' id='word_1_205' title='bbox 794 1894 897 1930; x_wconf 76' lang='lat' dir='ltr'><strong>lusus</strong></span> <span class='ocrx_word' id='word_1_206' title='bbox 924 1895 1195 1946; x_wconf 77' lang='lat' dir='ltr'><strong>lasciviamque</strong></span> 
     </span>
     <span class='ocr_line' id='line_1_28' title="bbox 75 1956 1193 2008; baseline 0.005 -18"><span class='ocrx_word' id='word_1_207' title='bbox 75 1956 186 1998; x_wconf 84' lang='lat' dir='ltr'><strong>versi,</strong></span> <span class='ocrx_word' id='word_1_208' title='bbox 225 1969 310 2005; x_wconf 88' lang='lat' dir='ltr'><strong>pars</strong></span> <span class='ocrx_word' id='word_1_209' title='bbox 349 1964 544 1993; x_wconf 84' lang='lat' dir='ltr'><strong>vescentes</strong></span> <span class='ocrx_word' id='word_1_210' title='bbox 583 1958 652 1994; x_wconf 86' lang='lat' dir='ltr'><strong>sub</strong></span> <span class='ocrx_word' id='word_1_211' title='bbox 688 1958 835 2001; x_wconf 83' lang='lat' dir='ltr'><strong>umbra,</strong></span> <span class='ocrx_word' id='word_1_212' title='bbox 870 1959 1021 2008; x_wconf 86' lang='lat' dir='ltr'><strong>quidam</strong></span> <span class='ocrx_word' id='word_1_213' title='bbox 1057 1973 1193 1997; x_wconf 87' lang='lat' dir='ltr'><strong>somno</strong></span> 
     </span>
     <span class='ocr_line' id='line_1_29' title="bbox 75 2020 1192 2074; baseline 0.005 -19"><span class='ocrx_word' id='word_1_214' title='bbox 75 2020 188 2055; x_wconf 84' lang='lat' dir='ltr'><strong>etiam</strong></span> <span class='ocrx_word' id='word_1_215' title='bbox 206 2022 326 2058; x_wconf 83' lang='lat' dir='ltr'><strong>strati.</strong></span> <span class='ocrx_word' id='word_1_216' title='bbox 367 2021 462 2058; x_wconf 85' lang='lat' dir='ltr'><strong>Haec</strong></span> <span class='ocrx_word' id='word_1_217' title='bbox 480 2022 706 2072; x_wconf 83' lang='lat' dir='ltr'><strong>Diophanes</strong></span> <span class='ocrx_word' id='word_1_218' title='bbox 727 2035 774 2059; x_wconf 83' lang='lat' dir='ltr'><strong>ex</strong></span> <span class='ocrx_word' id='word_1_219' title='bbox 793 2023 870 2059; x_wconf 84' lang='lat' dir='ltr'><strong>alta</strong></span> <span class='ocrx_word' id='word_1_220' title='bbox 891 2024 982 2060; x_wconf 87' lang='lat' dir='ltr'><strong>urbe</strong></span> <span class='ocrx_word' id='word_1_221' title='bbox 1004 2025 1192 2074; x_wconf 84' lang='lat' dir='ltr'><strong>Pergamo</strong></span> 
     </span>
     <span class='ocr_line' id='line_1_30' title="bbox 75 2084 1191 2139; baseline 0.006 -21"><span class='ocrx_word' id='word_1_222' title='bbox 75 2084 371 2134; x_wconf 80' lang='lat' dir='ltr'><strong>contemplatus,</strong></span> <span class='ocrx_word' id='word_1_223' title='bbox 394 2098 496 2121; x_wconf 86' lang='lat' dir='ltr'><strong>arma</strong></span> <span class='ocrx_word' id='word_1_224' title='bbox 518 2099 605 2121; x_wconf 88' lang='lat' dir='ltr'><strong>suos</strong></span> <span class='ocrx_word' id='word_1_225' title='bbox 628 2099 775 2136; x_wconf 78' lang='lat' dir='ltr'><strong>capere,</strong></span> <span class='ocrx_word' id='word_1_226' title='bbox 798 2094 834 2122; x_wconf 85' lang='lat' dir='ltr'><strong>et</strong></span> <span class='ocrx_word' id='word_1_227' title='bbox 854 2088 901 2123; x_wconf 86' lang='lat' dir='ltr'><strong>ad</strong></span> <span class='ocrx_word' id='word_1_228' title='bbox 922 2087 1032 2138; x_wconf 84' lang='lat' dir='ltr'><strong>jussa</strong></span> <span class='ocrx_word' id='word_1_229' title='bbox 1051 2096 1191 2139; x_wconf 81' lang='lat' dir='ltr'><strong>praesto</strong></span> 
     </span>
     <span class='ocr_line' id='line_1_31' title="bbox 75 2146 1190 2199; baseline 0.007 -17"><span class='ocrx_word' id='word_1_230' title='bbox 75 2159 156 2182; x_wconf 81' lang='lat' dir='ltr'><strong>esse</strong></span> <span class='ocrx_word' id='word_1_231' title='bbox 170 2146 302 2196; x_wconf 85' lang='lat' dir='ltr'><strong>jubet:</strong></span> <span class='ocrx_word' id='word_1_232' title='bbox 326 2150 405 2199; x_wconf 86' lang='lat' dir='ltr'><strong>ipse</strong></span> <span class='ocrx_word' id='word_1_233' title='bbox 425 2150 599 2186; x_wconf 80' lang='lat' dir='ltr'><strong>Attalum</strong></span> <span class='ocrx_word' id='word_1_234' title='bbox 620 2151 727 2193; x_wconf 82' lang='lat' dir='ltr'><strong>adiit,</strong></span> <span class='ocrx_word' id='word_1_235' title='bbox 749 2159 787 2187; x_wconf 91' lang='lat' dir='ltr'><strong>et</strong></span> <span class='ocrx_word' id='word_1_236' title='bbox 806 2152 844 2187; x_wconf 91' lang='lat' dir='ltr'><strong>in</strong></span> <span class='ocrx_word' id='word_1_237' title='bbox 866 2153 995 2188; x_wconf 86' lang='lat' dir='ltr'><strong>animo</strong></span> <span class='ocrx_word' id='word_1_238' title='bbox 1016 2153 1087 2189; x_wconf 85' lang='lat' dir='ltr'><strong>sibi</strong></span> <span class='ocrx_word' id='word_1_239' title='bbox 1108 2167 1190 2190; x_wconf 85' lang='lat' dir='ltr'><strong>esse</strong></span> 
     </span>
     <span class='ocr_line' id='line_1_32' title="bbox 74 2211 1189 2267; baseline 0.008 -22"><span class='ocrx_word' id='word_1_240' title='bbox 74 2211 185 2253; x_wconf 76' lang='lat' dir='ltr'><strong>dixit,</strong></span> <span class='ocrx_word' id='word_1_241' title='bbox 206 2212 373 2250; x_wconf 80' lang='lat' dir='ltr'><strong>hostium</strong></span> <span class='ocrx_word' id='word_1_242' title='bbox 394 2216 598 2251; x_wconf 82' lang='lat' dir='ltr'><strong>stationem</strong></span> <span class='ocrx_word' id='word_1_243' title='bbox 619 2222 779 2253; x_wconf 87' lang='lat' dir='ltr'><strong>tentare.</strong></span> <span class='ocrx_word' id='word_1_244' title='bbox 834 2216 955 2265; x_wconf 78' lang='lat' dir='ltr'><strong>AEgre</strong></span> <span class='ocrx_word' id='word_1_245' title='bbox 977 2218 1012 2253; x_wconf 90' lang='lat' dir='ltr'><strong>id</strong></span> <span class='ocrx_word' id='word_1_246' title='bbox 1032 2220 1189 2267; x_wconf 85' lang='lat' dir='ltr'><strong>permit-</strong></span> 
     </span>
     <span class='ocr_line' id='line_1_33' title="bbox 73 2275 1187 2330; baseline 0.009 -22"><span class='ocrx_word' id='word_1_247' title='bbox 73 2281 177 2310; x_wconf 81' lang='lat' dir='ltr'><strong>tente</strong></span> <span class='ocrx_word' id='word_1_248' title='bbox 197 2275 345 2320; x_wconf 82' lang='lat' dir='ltr'><strong>Attalo,</strong></span> <span class='ocrx_word' id='word_1_249' title='bbox 366 2279 505 2328; x_wconf 86' lang='lat' dir='ltr'><strong>qnippe</strong></span> <span class='ocrx_word' id='word_1_250' title='bbox 525 2280 587 2328; x_wconf 89' lang='lat' dir='ltr'><strong>qui</strong></span> <span class='ocrx_word' id='word_1_251' title='bbox 615 2286 769 2316; x_wconf 85' lang='lat' dir='ltr'><strong>centnm</strong></span> <span class='ocrx_word' id='word_1_252' title='bbox 792 2281 982 2330; x_wconf 84' lang='lat' dir='ltr'><strong>equitibus</strong></span> <span class='ocrx_word' id='word_1_253' title='bbox 1009 2282 1187 2318; x_wconf 86' lang='lat' dir='ltr'><strong>adversus</strong></span> 
     </span>
    </p>
   </div>
   <div class='ocr_carea' id='block_1_3' title="bbox 73 2341 1324 2442">
    <p class='ocr_par' dir='ltr' id='par_1_8' title="bbox 73 2341 1324 2442">
     <span class='ocr_line' id='line_1_34' title="bbox 73 2341 1324 2397; baseline -0.001 -15"><span class='ocrx_word' id='word_1_254' title='bbox 73 2345 277 2383; x_wconf 66' lang='grc' dir='ltr'><strong>ῐΐθθθῦἴοὸ,</strong></span> <span class='ocrx_word' id='word_1_255' title='bbox 297 2341 397 2381; x_wconf 82' lang='lat' dir='ltr'><strong>mille</strong></span> <span class='ocrx_word' id='word_1_256' title='bbox 413 2344 601 2393; x_wconf 85' lang='lat' dir='ltr'><strong>peditibus</strong></span> <span class='ocrx_word' id='word_1_257' title='bbox 620 2357 703 2380; x_wconf 88' lang='lat' dir='ltr'><strong>cum</strong></span> <span class='ocrx_word' id='word_1_258' title='bbox 722 2353 885 2394; x_wconf 86' lang='lat' dir='ltr'><strong>quatuor</strong></span> <span class='ocrx_word' id='word_1_259' title='bbox 904 2346 1069 2385; x_wconf 86' lang='lat' dir='ltr'><strong>millibus</strong></span> <span class='ocrx_word' id='word_1_260' title='bbox 1089 2360 1185 2397; x_wconf 75' lang='lat' dir='ltr'><strong>pug-</strong></span> <span class='ocrx_word' id='word_1_261' title='bbox 1202 2347 1324 2396; x_wconf 70' lang='lat' dir='ltr'><strong>Eorum</strong></span> 
     </span>
     <span class='ocr_line' id='line_1_35' title="bbox 124 2399 1310 2442; baseline -0.011 -5"><span class='ocrx_word' id='word_1_262' title='bbox 124 2402 226 2440; x_wconf 70' lang='lat' dir='ltr'><strong>VOL:</strong></span> <span class='ocrx_word' id='word_1_263' title='bbox 255 2403 322 2442; x_wconf 80' lang='lat' dir='ltr'><strong>IV.</strong></span> <span class='ocrx_word' id='word_1_264' title='bbox 615 2407 645 2442; x_wconf 85' lang='lat' dir='ltr'>C</span> <span class='ocrx_word' id='word_1_265' title='bbox 1199 2399 1310 2424; x_wconf 71' lang='lat' dir='ltr'><strong>virtus,</strong></span> 
     </span>
    </p>
   </div>
  </div>
 </body>
</html>
