1546 2648
338 183 496 213 LIBER
520 182 602 210 XL.
635 179 742 207 CAP.
766 177 879 206 xxl.
1084 176 1162 220 243

49 277 96 314 de
125 289 243 326 regno
269 274 500 312 habitorum.
557 272 657 316 Hos,
688 278 884 321 tamquam
912 271 1069 314 medios,
1091 272 1222 317 ⁴nch-
1235 270 1272 302 C·
1285 275 1358 305 ⁵7¹³

49 342 89 378 iu
118 340 271 378 alterius
297 338 467 375 favorem
499 336 716 378 inclinatos,
754 336 910 371 miserat
938 347 1028 371 rtex
1061 316 1220 371 erantA
1234 313 1270 345 C
1285 320 1357 344 ¹⁸¹

48 411 176 447 autem
195 409 234 439 et
251 402 436 439 hiPersei
457 400 598 437 fraudis
618 401 658 436 in
672 399 830 437 fratrem
847 398 1011 434 ministri
1026 405 1065 434 et
1081 411 1167 449 par-

0 490 1 494 =
50 469 196 518 ticipes.
252 466 485 508 Demetrius,
517 465 703 507 omnium,
732 469 984 514 praeterquam
1009 462 1168 499 fraterni

0 517 1 520 Ἴ
51 532 216 575 sceleris,
237 531 339 580 quod
358 542 479 580 nuper
501 534 692 579 eruperat,
712 528 883 577 ignarus,
904 527 1026 577 primo
1046 539 1169 576 neque

50 607 243 644 magnam,
264 606 386 643 neque
411 593 553 629 nullam
580 605 686 642 spem
712 591 894 634 habebat,
922 596 1067 641 patrem
1095 590 1169 626 sibi

50 659 193 710 placari
218 671 351 709 posse:
384 659 508 694 minus
539 657 674 693 deinde
707 657 747 693 in
776 656 854 692 dies
888 655 1006 705 patris
1040 655 1169 691 animo

52 723 207 767 fidebat,
228 735 343 772 quum
363 721 527 758 obsideri
547 733 656 757 aures
677 733 700 757 a
716 720 834 756 fratre
851 725 1033 756 cerneret.
1091 718 1170 755 Ita-

50 800 138 836 que,
159 785 465 836 circumspiciens
485 784 587 821 dicta
603 784 780 833 factaque
799 796 880 827 sua,
897 796 946 819 ne
965 781 1072 833 cujus
1088 794 1170 818 sus-

1 840 3 842 ·
50 851 221 902 piciones
241 855 411 898 augeret,
433 849 596 884 maxime
615 848 663 884 ab
684 849 789 884 omni
809 848 1005 884 mentione
1025 853 1064 883 et
1078 858 1170 883 con-

2 942 3 953 ,
50 915 207 963 tagione
218 913 483 950 Romanorum
499 911 740 958 abstinebat3
765 918 808 948 ut
827 924 950 961 neque
966 910 1079 947 scribi
1098 910 1172 947 sibi

49 977 177 1022 vellet,
198 978 287 1027 quia
312 977 387 1013 hoc
409 977 598 1027 praecipue
629 977 828 1013 criminum
848 988 987 1025 genere
1012 988 1170 1026 exaspe-

2 1039 7 1078 ᾗ
49 1043 125 1079 rari
146 1043 312 1078 animum
334 1041 534 1077 sentiebat.

106 1106 224 1142 XXI.
252 1105 465 1156 Philippus,
486 1104 599 1141 simul
618 1117 667 1141 ne
686 1105 768 1140 otio
788 1104 895 1140 miles
919 1104 1084 1143 deterior
1103 1103 1169 1140 fie-
1182 1115 1319 1156 Philippi

4 1193 6 1200 ι
53 1177 124 1214 ret,
145 1169 256 1206 simul
276 1170 488 1206 avertendae
509 1169 734 1219 suspicionis
759 1181 892 1205 caussa
913 1168 1118 1219 quidquam
1148 1158 1389 1235 affgrzdml'ffi'

4 1269 7 1288 Σ
50 1246 94 1270 se
122 1234 259 1283 agitari
284 1229 334 1270 de
353 1232 535 1269 Romano
554 1231 672 1275 bello,
704 1231 846 1268 Stobos
877 1232 1042 1269 Paeoniae
1062 1245 1261 1277 exer-tem

6 1300 8 1312 '
53 1298 132 1335 citu
163 1296 323 1339 indicto,
358 1297 396 1332 in
420 1296 625 1333 Maedicam
656 1295 792 1331 ducere
824 1296 964 1345 pergit.
1021 1296 1170 1347 Cupido

5 1363 10 1404 “;
53 1373 138 1397 eum
158 1367 309 1411 ceperat
328 1362 368 1396 in
388 1360 566 1397 verticem
585 1359 714 1396 Haemi
740 1361 880 1396 montis
903 1360 1169 1405 adscendendi,

48 1425 142 1474 ,quia
161 1423 321 1473 vulgatae
337 1423 510 1474 opinioni
531 1424 753 1467 crediderat,
772 1424 980 1460 Ponticum
999 1424 1111 1461 simul
1133 1433 1170 1461 et

54 1487 321 1525 Hadriaticum
357 1501 474 1531 mare,
505 1494 544 1524 et
573 1487 749 1524 Histrum
784 1501 950 1532 amnem,
982 1495 1021 1525 et
1052 1488 1169 1540 Alpes

10 1553 13 1568 ²
54 1555 222 1605 conspici
251 1567 386 1605 posse:
418 1554 590 1605 subjecta
618 1555 737 1591 oculis
768 1568 813 1591 ea
841 1556 941 1592 haud
971 1557 1076 1607 parvi
1097 1557 1169 1593 sibi

12 1659 13 1662 Ἴ
55 1619 240 1654 momenti
285 1618 413 1655 futura
447 1619 492 1654 ad
541 1619 817 1667 cogitationem
854 1619 1023 1656 Romani
1066 1620 1170 1658 belli.

51 1682 326 1720 Pereunctatus
357 1683 523 1732 regionis
553 1683 697 1733 peritos
731 1683 777 1719 de
811 1683 995 1719 adscensu
1027 1683 1168 1729 Haemi,

12 1734 15 1743 ἲ
54 1758 169 1795 quum
202 1746 292 1782 satis
326 1747 425 1782 inter
456 1759 587 1783 omnes
615 1753 824 1789 constaret,
855 1747 954 1783 viam
986 1748 1169 1784 exercitui

15 1797 17 1822 ἶ
47 1809 196 1849 >nullam
216 1822 311 1852 esse,
330 1811 460 1860 paucis
477 1817 515 1846 et
534 1810 719 1860 expeditis
737 1810 1067 1860 perdifficillimum
1087 1812 1167 1848 adi-

15 1872 18 1884 *
56 1879 151 1917 tum,
171 1880 215 1909 ut
233 1885 406 1910 sermone
421 1873 599 1910 familiari
615 1875 801 1910 minorem
822 1873 940 1911 filium
960 1874 1168 1925 permulce-

56 1943 129 1980 ret,
149 1944 460 1988 qiiertatilel·at
479 1950 557 1974 non
573 1938 710 1974 ducere
729 1951 871 1981 secum,
890 1940 1052 1988 primum
1069 1953 1171 1988 [μιξε-

17 2052 19 2055 Ι
57 2002 106 2038 rit
124 2001 171 2037 ab
197 2013 257 2044 e0,
281 2002 398 2042 Quum
429 2006 532 2038 tanta
562 2001 758 2050 difficultas
777 2004 912 2038 itineris
930 2009 1169 2051 proponatur,

35 2080 39 2082 ·
58 2070 177 2102 utrum
193 2068 490 2114 perseverandum
514 2068 561 2102 sit
579 2068 615 2102 in
635 2068 788 2115 incepto,
809 2079 857 2103 an
886 2068 1132 2104 abstinendum
1151 2071 1172 2105 ,9

20 2119 23 2158 ἶ
60 2129 104 2165 Si
118 2134 250 2177 pergat
269 2135 385 2166 tamen
405 2133 470 2173 ire,
490 2143 561 2167 non
572 2143 674 2179 posse
690 2131 846 2168 oblivisci
859 2143 895 2167 se
914 2134 950 2167 in
968 2133 1096 2169 talibus
1114 2145 1169 2169 re-

23 2240 25 2242 v
61 2192 122 2228 bus
149 2193 348 2240 Antigoni.
376 2196 450 2242 qui,
469 2207 562 2231 sceva
583 2200 790 2244 tempestate
810 2194 986 2242 jactatus,
1008 2209 1116 2244 quum
1134 2196 1172 2233 in

22 2247 48 2318 ζ
59 2256 183 2292 eadem
203 2268 294 2291 nave
311 2268 425 2293 secum
442 2270 523 2294 suos
549 2271 668 2294 omnes
693 2259 883 2302 habuisset,
902 2262 1106 2308 praecepisse
1127 2261 1170 2297 ἰέ-

21 2303 48 2331 ⁴
57 2319 148 2356 beris
177 2321 370 2367 diceretur,
398 2326 491 2358 utet
510 2324 577 2370 ipsi
608 2325 862 2367 meminissent,
892 2327 998 2360 etita
1025 2326 1172 2373 posteris

558 2385 645 2422 M..
623 2388 646 2409 ³
