1546 2648
330 206 484 235 LIBER
507 205 637 233 xnu.
669 204 776 232 CAP.
800 204 981 234 xxxvl.
1126 204 1207 250 357

101 290 302 343 parabant,
332 291 376 329 C.
394 290 562 341 Sulpicio
582 289 715 326 Galbae
743 291 896 340 praetori
917 292 1115 339 negotium
1143 294 1209 330 da·
1222 297 1313 330 U.C.
1330 303 1404 330 ⁵81.

101 362 197 398 tum,
219 363 259 392 ut
272 363 434 404 quatuor
451 354 621 404 legiones
641 354 823 390 scriberet
839 353 1001 395 urbanas
1014 355 1124 405 justo
1141 371 1211 394 nu—
1225 343 1261 372 A·
1275 341 1313 372 C'
1332 347 1403 378 ¹⁷¹'

101 430 206 455 mero
225 419 393 467 peditum
413 418 681 467 equitumque3
713 417 834 466 iisque
853 424 1017 466 quatuor
1039 421 1212 457 tribunos

100 481 264 518 militum
295 495 343 518 ex
379 488 514 518 senatu
545 481 701 530 legeret,
740 482 804 530 qui
836 489 1064 531 praeessent:
1100 486 1212 520 sociis

100 536 231 581 Latini
250 546 414 581 nominis
434 546 639 595 imperaret
657 545 872 594 quindecim
890 545 1009 581 millia
1027 547 1212 596 peditum,

99 607 202 644 mille
221 613 259 644 et
278 608 461 645 ducentos
488 609 647 658 equites.
703 608 741 644 Is
769 608 955 644 exercitus
976 609 1029 645 uti
1059 617 1212 659 paratus

99 678 212 714 esset,
233 685 309 721 quo
328 678 480 709 senatus
501 660 722 709 censuisset.
770 673 813 710 P.
828 672 981 709 Licinio
1002 674 1147 710 consuli
1164 675 1210 711 ad

99 735 305 770 exercitum
326 735 473 771 civilem
485 735 739 784 socialemque
754 736 898 785 petenti
913 736 1041 773 addita
1055 737 1210 782 auxilia,

101 798 285 847 Ligurum
311 799 388 835 duo
416 798 548 842 millia,
575 799 776 835 Cretenses
806 800 1006 849 sagittarii,
1030 802 1213 848 (incertus

99 875 292 906 numerus,
316 871 500 911 quantum
527 864 654 912 rogati
684 863 827 900 auxilia
856 864 1056 901 Cretenses
1089 866 1214 901 misis-

99 926 202 972 sent)
224 925 402 962 Numidae
431 926 523 962 item
547 927 690 975 equites
721 926 1000 976 elephantique.
1057 927 1102 963 In
1130 941 1214 966 eam

99 1000 177 1025 rem
196 988 313 1037 legati
333 988 381 1024 ad
394 988 640 1024 Maeinissam
656 988 1073 1038 Karthaginiensesque
1093 991 1212 1035 missi,

101 1052 147 1089 L.
167 1052 385 1088 Postumius
401 1051 579 1095 Albinus,
596 1052 645 1091 Q.
657 1051 859 1087 Terentius
881 1051 1029 1095 Culleo,
1047 1053 1090 1088 C.
1103 1053 1212 1088 Abu-

100 1117 188 1153 rius.
211 1116 257 1152 ln
272 1116 425 1152 Cretam
438 1116 528 1152 item
540 1116 687 1164 legatos
698 1122 774 1152 tres
784 1116 837 1151 ire
849 1116 1006 1166 placuit,
1016 1116 1212 1153 A.Postu-

100 1182 217 1218 mium
236 1179 434 1222 Albinum,
452 1179 496 1217 C.
512 1179 744 1223 Decimium,
760 1180 808 1216 A.
825 1179 1017 1216 Licinium
1031 1180 1212 1218 Nervam.

152 1243 349 1281 XXXVI.
377 1243 450 1281 Per
470 1243 567 1280 idem
593 1250 742 1292 tempus
761 1243 876 1292 legati
898 1244 945 1280 ab
965 1256 1054 1292 rege
1072 1244 1213 1280 Perseo

99 1313 306 1344 venerunt:
339 1319 403 1342 eos
430 1308 468 1343 iu
499 1307 681 1357 oppidum
710 1307 916 1344 intromitti
946 1320 1023 1342 non
1056 1307 1213 1356 placuit,

98 1382 210 1420 quum
225 1369 309 1419 jam
323 1369 464 1406 bellum
483 1370 564 1418 regi
584 1381 714 1406 eorum
743 1375 781 1406 et
798 1369 1076 1406 Macedonibus
1098 1377 1135 1408 et
1155 1382 1214 1405 se-

96 1440 206 1472 natus
223 1432 423 1476 decresset,
441 1440 478 1470 et
497 1432 659 1483 populus
672 1431 861 1482 jussisset.
919 1432 966 1469 In
987 1433 1104 1469 aedem
1122 1433 1213 1469 Bel-

95 1497 193 1535 lonae
212 1498 251 1534 in
272 1504 445 1535 senatum
463 1497 670 1533 introducti
698 1497 752 1532 ita
770 1496 886 1532 verba
904 1495 1076 1532 fecerunt
1093 1511 1100 1532 z
1133 1497 1209 1533 Mi·
1225 1499 1331 1539 Legati
1346 1511 1366 1532 a

95 1563 173 1598 rari
192 1562 327 1599 Persea
341 1573 471 1608 regem,
486 1561 571 1608 quid
588 1562 625 1596 in
640 1560 891 1596 Macedoniam
907 1563 1077 1596 exercitus
1093 1565 1210 1596 trans-
1221 1542 1344 1574 Perseo.

93 1627 232 1673 portati
251 1630 374 1661 essent.
431 1624 473 1660 Si
498 1625 676 1671 inpetrari
702 1635 724 1659 a
743 1628 867 1659 senatu
890 1627 1021 1671 posset,
1041 1628 1083 1659 ut
1103 1625 1128 1660 ii
1153 1636 1211 1660 re-

94 1693 275 1731 vocentur,
296 1700 412 1736 regem
432 1689 475 1724 de
494 1686 646 1733 injuriis,
667 1688 800 1735 siquas
818 1688 920 1722 sociis
938 1686 1066 1736 factas
1085 1699 1218 1734 quere-s

93 1757 232 1795 rentur,
253 1752 430 1789 arbitratu
448 1756 593 1788 senatus
609 1749 885 1799 satisfacturum
898 1761 980 1786 esse.
1038 1750 1100 1800 Sp.
1116 1750 1210 1787 Car-

93 1816 218 1859 vilius,
239 1816 286 1853 ad
303 1828 386 1852 eam
406 1816 526 1865 ipsam
546 1827 623 1851 rem
644 1827 688 1851 ex
710 1814 858 1851 Graecia
877 1816 1054 1851 remissus
1075 1813 1122 1851 ab
1138 1814 1209 1852 Cn.

96 1881 254 1923 Sicinio,
275 1881 314 1917 in
335 1885 468 1918 senatu
488 1885 591 1916 erat:
624 1879 654 1915 is
675 1877 933 1917 Perrhaebiam
951 1884 1209 1929 expugnatam

94 1945 222 1987 armis,
241 1943 459 1988 Thessaliae
478 1942 625 1992 aliquot
653 1942 764 1979 urbes
791 1948 936 1993 captas,
963 1948 1103 1984 cetera,
1123 1954 1206 1991 quae

92 2014 158 2046 aut
176 2014 318 2057 ageret,
340 2014 405 2043 aut
423 2014 574 2057 pararet
592 2019 673 2050 reX‚
694 2019 810 2054 quum
837 2011 1027 2053 argueret,
1048 2017 1188 2055 respon

93 2073 179 2110 dere
198 2073 246 2111 ad
269 2085 315 2109 ea
333 2071 448 2119 legati
470 2070 583 2121 jussi.
639 2069 851 2118 Postquam
875 2068 1119 2110 haesitabant,
1140 2080 1206 2106 ne-

93 2141 225 2186 gantes
244 2135 315 2172 sibi
336 2135 435 2174 ultra
453 2134 657 2184 quidquam
678 2133 898 2169 mandatum
919 2144 1013 2175 esse,
1028 2131 1128 2180 jussi
1146 2144 1207 2170 re-

93 2199 274 2237 nunciare
291 2200 386 2247 regi,
408 2199 596 2236 Consulem
615 2199 661 2236 P.
678 2197 858 2235 Licinium
877 2198 974 2234 brevi
1002 2207 1082 2232 cum
1107 2207 1207 2236 exer-

92 2265 166 2300 citu
174 2261 350 2312 ficturum
368 2264 405 2299 in
422 2263 641 2303 Macedonia
659 2273 730 2297 esse
742 2277 754 2298 .·
783 2262 831 2296 ad
849 2272 943 2302 eum,
957 2261 987 2296 si
999 2257 1209 2308 satisfacere

90 2328 130 2365 z'n
149 2327 270 2364 animo
298 2329 398 2370 esset,
419 2327 579 2364 mitteret
603 2326 751 2377 legatos.
805 2325 964 2364 Romam
991 2324 1086 2376 quod
1107 2335 1205 2374 prce-
