1546 2648
125 259 167 290 U.
179 261 216 292 C.
234 267 306 298 579.

124 303 164 334 Δ.
177 304 215 335 C.
234 310 307 340 173.

108 1663 254 1696 Locustae

110 1706 144 1736 in
160 1708 287 1747 Apulia.

101 2049 143 2079 U.
161 2052 196 2081 C.
213 2059 284 2084 580.

97 2093 140 2122 A.
158 2093 192 2124 C.
214 2102 284 2130 172.

316 179 401 224 330
467 170 471 177 ⁴
750 177 797 208 τ.
820 178 954 209 L1v11

317 267 529 311 Laenatem,
566 265 610 304 P.
629 266 776 305 AElium
803 268 987 317 Ligurem
1025 268 1179 306 creavit.
1240 269 1427 310 Praetores

316 331 452 369 exinde
470 331 562 369 facti
582 331 624 369 C.
639 331 812 368 Licinius
833 333 1008 375 Crassus,
1027 331 1084 370 M.
1101 333 1125 368 J
1131 334 1239 370 unius
1259 334 1427 379 Pennus,

316 395 382 446 Sp.
399 394 616 438 Lucretius,
647 395 712 445 Sp.
733 394 904 439 Cluvius,
935 395 1007 432 Cn.
1028 396 1208 441 Sicinius,
1240 398 1283 435 C.
1302 397 1429 435 Mem-

314 459 413 496 mius
431 459 580 495 iterum.

365 521 420 560 X.
447 522 508 559 Eo
534 534 636 558 anno
655 521 818 558 lustrum
837 522 1033 558 conditum
1054 529 1122 560 est.
1181 523 1367 561 Censores
1387 537 1427 561 e-

311 591 400 622 rant
434 586 483 625 Q.
509 585 664 621 Fulvius
702 583 876 627 Flaccus,
911 586 960 621 A.
988 585 1208 623 Postumius
1250 586 1428 625 Albinus.

310 648 529 685 Postumius
557 648 741 685 condidit.
798 648 924 684 censa
951 655 1040 685 sunt
1067 649 1426 688 civium-Romano-

309 713 539 763 rum-capita
557 713 720 749 ducenta
743 713 1100 761 sexagintanovem
1118 713 1298 749 millia-et
1314 714 1428 763 quin·

309 776 444 814 decim.
498 776 632 813 Minor
660 776 857 826 aliquanto
886 788 1082 820 numeruS,
1113 777 1201 826 quia
1218 776 1266 814 L.
1285 777 1426 814 Postu-

308 843 405 879 mius
426 842 558 879 consul
576 855 646 893 pro
665 843 851 879 concione
878 842 1061 885 edixerat,
1082 842 1145 890 qui
1175 840 1324 877 socium
1340 840 1421 878 La-

308 906 381 943 tini
406 907 570 944 nominis
596 920 644 943 ex
661 907 788 943 edicto
814 907 858 945 C.
876 906 1026 943 Claudii
1055 905 1365 943 consulisredire
1381 905 1424 943 in

309 970 480 1007 civitates
501 983 585 1007 suas
605 970 837 1015 debuissent,
860 983 908 1008 ne
927 972 1011 1020 quis
1029 982 1162 1008 eorum
1186 968 1337 1012 R'omae,
1357 969 1425 1006 sed

308 1046 440 1071 omnes
469 1035 507 1070 in
538 1035 612 1070 suis
643 1034 859 1071 civitatibus
880 1041 1133 1071 censerentur.
1192 1033 1366 1070 Concors
1383 1039 1422 1069 et

306 1106 328 1133 e
346 1096 540 1148 republica
559 1110 718 1133 censura
736 1097 831 1134 fuit:
859 1110 1007 1141 omnes,
1028 1109 1123 1146 quos
1142 1102 1275 1133 senatu
1291 1108 1425 1134 move·

306 1168 409 1205 runt,
430 1162 641 1211 quibusque
660 1174 778 1211 equos
807 1162 1043 1205 ademerunt,
1064 1160 1420 1204 aerariosfeeerunt,

304 1231 345 1261 et
371 1225 473 1262 tribu
502 1233 724 1262 moverunt:
756 1237 879 1274 neque
908 1225 956 1261 ab
987 1224 1108 1261 altero
1128 1223 1424 1263 notatumalter

304 1288 493 1338 probavit.
548 1289 703 1325 Fulvius
729 1289 847 1325 aedem
868 1288 1049 1325 Fortunae
1068 1287 1284 1337 Equestris,
1305 1299 1420 1335 quam

303 1351 507 1401 proconsul
527 1352 567 1388 in
598 1351 800 1402 Hispania,
821 1352 1004 1389 dimicans
1032 1363 1116 1387 cum
1139 1349 1425 1387 Celtiberorum

302 1413 533 1463 legionibuS‚
558 1420 727 1458 voverat,
748 1427 868 1451 annos
889 1427 956 1450 sex
984 1420 1086 1464 post,
1103 1425 1215 1462 quam
1242 1418 1414 1456 voverat,

303 1476 510 1514 dedicavit:
543 1485 582 1514 et
601 1479 770 1514 scenicos
800 1476 908 1514 ludos
935 1490 1002 1527 per
1022 1476 1277 1526 quatriduum,
1299 1489 1415 1513 unum

302 1540 401 1577 diem
419 1541 460 1577 in
477 1542 578 1578 circo
598 1541 700 1578 fecit.
755 1541 802 1579 L.
824 1541 1024 1578 Cornelius
1044 1540 1247 1584 Lentulus,
1264 1540 1413 1576 decem-

301 1604 357 1640 vir
379 1617 585 1648 sacrorum,
607 1618 652 1641 eo
678 1618 779 1641 anno
810 1612 981 1642 mortuus
1011 1611 1069 1641 est
1087 1619 1094 1640 :
1127 1605 1166 1640 in
1184 1604 1311 1640 locum
1330 1602 1414 1654 ejus

301 1667 492 1705 subfectus
512 1670 559 1705 A.
577 1669 793 1705 Postumius
824 1669 999 1706 Albinus.
1054 1668 1308 1705 Locustarum
1325 1673 1412 1704 tan-

299 1737 350 1768 tae
377 1731 496 1769 nubes
525 1745 549 1769 a
567 1734 661 1769 mari
688 1739 804 1769 vento
832 1738 991 1783 repente
1018 1733 1058 1768 in
1075 1731 1254 1782 Apuliam
1282 1730 1411 1767 inlatae

298 1802 401 1839 sunt,
429 1804 472 1833 ut
500 1798 736 1835 examinibus
766 1799 842 1834 suis
873 1810 985 1846 agros
1014 1798 1091 1833 late
1115 1797 1328 1847 operirent:
1361 1796 1409 1832 ad

296 1871 409 1906 quam
428 1867 574 1909 pestem
593 1860 744 1909 frugum
763 1861 970 1897 tollendam
994 1860 1064 1896 Cn.
1085 1860 1247 1896 Sicinius
1267 1865 1409 1909 praetor

296 1922 529 1971 designatus,
551 1937 635 1960 cum
656 1926 814 1975 imperio
834 1926 872 1961 in
891 1924 1069 1975 Apuliam
1090 1924 1239 1966 missus,
1260 1924 1406 1972 ingenti

297 1987 448 2034 agmine
479 1989 677 2024 hominum
707 1989 754 2025 ad
783 1988 1025 2037 conligendas
1056 2000 1117 2025 eas
1151 1994 1301 2030 coacto,
1334 1986 1404 2023 ali-

297 2057 480 2097 quantum
500 2053 679 2102 temporis
697 2052 892 2089 absumsit.
948 2052 1183 2102 Principium
1201 2051 1401 2099 insequen-

295 2112 343 2147 tis
370 2114 473 2156 anni,
493 2127 568 2163 quo
595 2115 638 2151 C.
659 2115 843 2165 Popillius
873 2123 910 2152 et
932 2116 975 2153 P.
992 2115 1117 2152 AElius
1137 2114 1290 2151 fuerunt
1310 2127 1400 2150 con-

292 2174 406 2217 sules,
426 2176 592 2213 residuas
622 2179 886 2215 contentiones
917 2191 963 2214 ex
988 2179 1113 2228 priore
1133 2190 1232 2214 anno
1253 2177 1400 2215 habuit.

292 2237 423 2273 Patres
443 2239 572 2275 referri
589 2240 634 2276 de
651 2240 872 2288 Liguribus,
889 2242 1137 2290 renovarique
1152 2246 1398 2278 senatuscon-

292 2300 432 2339 cultum
448 2302 640 2348 volebant,
660 2311 698 2341 et
717 2305 850 2343 consul
868 2305 994 2343 AElius
1014 2305 1212 2344 referebat.
1268 2303 1399 2357 Popil-

1512 199 1522 259 ,μυ
