1546 2648
329 179 483 208 LIBER
508 177 736 207 xxxvlll.
771 176 878 205 CAP.
903 177 987 205 111.
1135 174 1188 218 79

77 282 193 320 pavor
218 277 254 306 et
286 270 488 320 trepidatio
509 275 616 305 erat:
649 276 686 305 et
716 281 784 318 pro
815 280 854 303 se
884 268 1054 316 quisque,
1082 268 1189 316 quid·
1207 278 1383 309 U‚c,5⁶3,

78 347 166 370 nam
195 333 363 370 futurum
394 343 506 377 esset,
529 335 711 382 cogitare,
733 334 762 367 si
793 334 831 368 in
859 331 970 368 valles
1002 331 1190 381 subjectas
1208 322 1297 353 ὡς·
1318 328 1389 353 ¹⁸9·

78 399 234 448 rupibus
261 412 396 448 agmen
426 399 526 435 foret
555 399 772 434 demissum.
830 397 926 433 Haec
946 397 1194 432 tumultuatio

77 475 219 512 regem,
241 464 469 513 cupientem,
491 464 520 498 si
542 476 580 498 se
602 468 861 511 sequerentur,
883 461 1019 510 raptim
1041 461 1196 496 evadere

80 528 288 576 angustiaS,
310 540 486 563 revocare
518 528 674 577 primos,
702 535 738 562 et
770 526 913 568 eadem,
936 539 1009 574 qua
1030 533 1197 569 venerat,

81 591 141 627 via
170 591 308 627 referre
338 593 466 640 coegit
492 593 612 640 signa.
670 591 904 626 Athamanes
932 590 1054 639 primo
1075 603 1121 625 ex
1141 591 1199 625 in·

83 655 241 691 tervallo
276 656 395 704 quieti
432 656 718 705 sequebantur:
759 661 961 705 postquam
998 653 1121 690 AEtoii
1160 667 1200 690 se

83 718 380 768 conjunxerunt,
410 720 496 762 hos,
528 728 569 755 nt
599 719 646 756 ab
682 727 790 769 tergo
824 719 966 768 agmini
997 719 1198 761 instarent,

82 785 342 834 reliquerunt3
383 787 454 836 ipsi
493 800 515 822 a
552 785 732 822 lateribus
771 798 811 821 se
848 784 1197 821 circumfuderunt:

83 849 250 898 quidam,
285 862 352 899 per
389 858 502 885 notos
537 849 648 885 calles
687 850 859 885 breviore
892 850 952 885 via
987 850 1200 898 praegressi,

84 914 266 949 transitus
293 914 486 950 insedere:
519 921 744 962 tantumque
770 913 953 949 tumultus
977 913 1202 949 Macedoni-

85 977 155 1013 bus
182 986 238 1014 est
267 977 464 1027 injectum,
486 986 527 1014 ut
555 978 656 1027 fugae
687 979 806 1026 magis
836 978 976 1020 effusae,
997 991 1110 1027 qnam
1140 978 1204 1013 iti·

86 1043 185 1078 neris
216 1042 381 1078 ordinati
409 1043 538 1087 modo,
567 1042 696 1078 multis
727 1045 839 1079 armis
861 1043 1024 1092 virisque
1047 1042 1204 1086 relictis,

85 1104 226 1141 flumen
263 1105 508 1156 trajecerint:
540 1107 603 1142 hic
640 1107 724 1142 finis
759 1107 939 1156 sequendi
969 1107 1054 1144 fuit.
1111 1106 1207 1143 Inde

88 1176 175 1205 tuto
197 1170 429 1206 Macedones
451 1172 664 1221 GomphOS,
685 1179 724 1208 et
752 1185 772 1207 a
793 1172 979 1222 Gomphis
1007 1173 1044 1207 in
1072 1171 1207 1214 Mace-

88 1233 243 1269 doniam
287 1235 489 1272 redierunt.
563 1236 799 1272 Athamanes
836 1236 1037 1284 AEtolique
1080 1236 1205 1272 Etho-

87 1298 204 1348 piam,
225 1298 271 1334 ad
298 1299 498 1336 Zenonem
520 1313 564 1335 ac
594 1300 696 1336 mille
720 1300 955 1338 Macedonas
984 1300 1205 1350 obprimen-

89 1362 172 1406 dos,
196 1364 357 1412 undique
377 1372 661 1402 concurrerunt.
717 1365 964 1408 Macedones,
989 1378 1121 1415 parum
1147 1365 1206 1402 lo-

90 1440 136 1463 co
171 1427 273 1471 freti,
309 1428 355 1465 ab
386 1429 556 1479 Ethopia
588 1431 626 1466 in
665 1430 839 1467 altiorem
877 1430 1208 1480 deruptioremque

89 1493 255 1542 undique
291 1493 478 1530 tumulum
513 1507 758 1531 concessere:
799 1507 875 1544 quo
908 1494 1078 1545 pluribus
1113 1495 1206 1533 locis

87 1557 194 1594 aditu
220 1558 390 1600 invento,
417 1558 593 1608 expulere
619 1571 683 1595 eos
703 1559 965 1604 Athamanes3
998 1559 1206 1609 dispersos-

90 1634 176 1670 que,
206 1628 244 1657 et
280 1634 345 1671 per
377 1623 496 1658 invias
530 1629 644 1672 atque
673 1624 824 1671 ignotas
857 1636 966 1673 rupes
1002 1623 1072 1659 iter
1104 1622 1205 1672 fuga·

90 1698 170 1722 non
203 1687 456 1736 expedientes,
487 1689 625 1738 partim
659 1694 853 1738 ceperunt,
880 1689 1019 1738 partim
1052 1689 1209 1725 interfe-

90 1760 248 1789 cerunt:
282 1753 391 1789 multi
421 1766 560 1804 pavore
592 1754 631 1789 in
664 1753 823 1803 derupta
852 1754 1092 1802 praecipitati,
1123 1766 1210 1804 per·
1240 1742 1243 1744 .

92 1819 203 1869 pauci
232 1832 316 1855 cum
350 1819 509 1856 Zenone
540 1818 585 1854 ad
620 1830 745 1867 regem
779 1825 990 1854 evaserunt.
1047 1818 1208 1855 Postero

92 1884 151 1920 die
171 1897 237 1934 per
256 1884 424 1920 inducias
445 1882 650 1933 sepeliendi
671 1895 786 1919 caesos
807 1890 976 1932 potestas
996 1883 1100 1919 facta
1118 1890 1187 1921 est.

144 1949 220 1986 ΙΙΙ.
249 1949 510 1998 Amynander,
550 1956 773 1998 recuperato
811 1961 946 1999 regno,
984 1948 1132 1997 legatos
1170 1955 1210 1985 et

91 2013 255 2050 Romam
296 2014 342 2050 ad
380 2021 568 2056 senatum,
599 2020 636 2048 et
673 2013 720 2048 ad
759 2013 955 2062 Scipiones
993 2014 1032 2049 in
1061 2014 1207 2058 Asiam,

92 2078 235 2128 Ephesi
265 2085 353 2128 post
381 2091 562 2126 magnum
592 2091 676 2114 cum
697 2078 893 2114 Antiocho
921 2079 1096 2128 proelium
1127 2091 1210 2114 mo-

92 2148 233 2184 rantes,
264 2143 377 2179 misit.
434 2142 572 2178 Pacem
603 2142 771 2191 petebat‚
803 2142 1083 2192 excusabatque
1112 2155 1207 2186 sese,

92 2205 196 2254 quod
231 2219 297 2255 per
328 2206 483 2243 AEtolos
514 2213 770 2256 recuperasset
804 2213 1004 2256 paternum
1037 2219 1208 2256 regnum.
1314 2255 1320 2261 .

95 2269 312 2320 Philippum
335 2271 545 2307 incusabat.
593 2271 718 2307 AEtoli
736 2284 783 2308 ex
802 2271 1034 2308 Athamania
1055 2272 1093 2307 in
1114 2272 1208 2308 Am·
1220 2252 1421 2336 ᾖξῗὲὲῑῇἑζ

94 2333 293 2384 philochos
321 2335 481 2386 profecti
502 2342 603 2379 sunt,
624 2342 662 2371 et
691 2335 845 2387 majoris
874 2337 991 2388 partis
1013 2336 1208 2374 voluntate
1223 2346 1254 2370 et
1269 2340 1331 2370 alia
1345 2351 1401 2372 oc..

615 2399 648 2435 E
667 2401 691 2436 4
1226 2392 1358 2425 cupam.
