1546 2648
129 255 173 288 U·-
185 252 224 286 c.
236 260 309 288 585.

122 299 170 331 -Α,
182 297 220 330 C.
235 303 309 336 167.

319 151 431 198 504·
777 150 826 180 τ.
850 149 988 181 mvn

322 243 385 282 bus
403 242 586 290 ejus-anni
612 241 820 290 deligerent,
841 243 904 291 qui
927 241 976 278 ad
1002 240 1043 278 id
1065 240 1196 278 bellum
1225 251 1306 277 cum
1325 239 1435 276 classe

321 311 540 351 mitteretur,
559 319 705 344 seeum
723 318 877 358 sperans
897 305 1069 343 futurum
1090 318 1184 343 esse.
1241 303 1346 342 Huic
1371 315 1435 340 ac-

321 374 421 410 tioni
444 371 502 411 M.
521 371 714 409 Antonius
743 378 784 408 et
805 370 865 409 M.
880 370 1117 423 Pomponius
1142 368 1289 407 tribuni
1313 366 1433 419 plebis

319 437 632 476 adversabantur.
677 436 752 474 Sed
770 442 810 474 et
827 443 968 488 praetor
986 449 1088 473 novo
1107 434 1284 484 maloque
1305 444 1436 470 exem-

318 502 385 554 plo
404 515 484 540 rem
505 502 696 551 ingressus
719 507 815 544 erat,
835 501 952 551 quod,
973 506 1062 538 ante
1081 512 1161 537 non
1180 497 1357 536 consulto
1375 508 1435 534 se-

319 573 428 611 natu,
448 579 527 603 non
547 564 767 603 consulibus
787 565 1014 602 certioribus
1029 564 1156 608 factis,
1172 564 1220 600 de
1238 575 1307 600 sua
1325 561 1435 598 unius

319 631 512 668 sententia
525 630 767 680 rogationem
781 629 914 674 ferret,
933 630 1087 673 Vellent,
1095 628 1320 676 juberentne,
1337 626 1437 664 Rho-

319 696 390 731 diis
407 695 539 731 bellum
557 695 707 731 indici?
737 706 855 744 quum
871 698 985 730 antea
1003 705 1152 744 semper
1165 691 1268 743 prius
1284 695 1437 727 senatus

319 757 367 794 de
385 756 488 794 bello
507 756 704 795 consultus
723 763 839 801 esset,
859 757 994 794 deinde
1020 756 1068 794 ad
1093 754 1276 807 populum
1294 753 1435 800 latum3

321 826 361 857 et
384 820 530 857 tribuni
559 819 696 871 plebis,
716 833 834 870 quum
858 821 916 857 ita
941 820 1126 857 traditum
1153 824 1267 862 esset,
1287 830 1335 854 ne
1355 817 1439 867 quis

319 885 424 936 prius
452 885 704 923 intercederet
728 885 820 935 legi,
841 898 955 935 quam
979 885 1135 936 privatis
1158 883 1339 920 suadendi
1363 881 1439 917 dis-

321 948 580 999 suadendique
597 949 721 999 legem
740 956 910 1001 potestas
936 949 1040 987 facta
1058 954 1180 994 esset3
1213 958 1335 997 eoque
1353 958 1440 996 per-

275 1037 277 1041 .
321 1025 422 1064 saepe
449 1014 652 1058 evenisset,
673 1020 729 1058 ut,
750 1014 815 1064 qui
836 1027 917 1051 non
938 1012 1100 1064 professi
1120 1017 1246 1049 essent
1264 1023 1304 1048 se
1322 1011 1442 1047 inter-

111 1721 221 1753 Oratio
227 1720 317 1752 Rho-

111 1766 241 1796 diorum
257 1765 292 1796 in

111 1814 237 1840 senatu.

321 1089 510 1121 cessuros,
531 1077 801 1114 animadversis
820 1077 923 1114 vitiis
942 1076 1039 1126 legis
1058 1088 1105 1113 ex
1127 1076 1277 1112 ratione
1295 1074 1441 1111 dissua-
1507 1070 1512 1074 ’

324 1140 510 1184 dentium,
523 1140 823 1187 intercederent3
845 1147 898 1185 et,
912 1141 978 1190 qui
991 1140 1040 1177 ad
1055 1139 1365 1177 intercedendum
1377 1151 1442 1177 ve·

323 1204 486 1249 nissent,
505 1204 747 1250 desisterent,
765 1206 858 1243 victi
880 1204 1174 1243 auctoritatibus
1201 1204 1442 1242 suadentium

323 1268 462 1317 legem.
507 1268 608 1306 Tum
627 1270 729 1307 inter
745 1277 950 1322 praetorem
965 1271 1218 1320 tribunosque
1237 1270 1368 1308 omnia
1383 1269 1444 1306 in-

323 1333 550 1384 tempestive
571 1335 711 1384 agendi
737 1342 932 1373 certamen
954 1342 1048 1374 erat.
1103 1334 1266 1372 Tribuni
1284 1333 1443 1372 festina-

324 1398 471 1436 tionem
491 1400 665 1450 praetoris
684 1407 775 1437 aute
793 1406 942 1452 tempus
962 1399 1247 1444 intercedendo,

587 1494 613 1518 -Σξ
778 1495 804 1520 -Χ-
970 1494 994 1518 *X-
1159 1493 1185 1517 3!-

325 1554 368 1591 in
387 1553 591 1592 adventum
611 1555 682 1592 im-

588 1636 614 1661 *
779 1637 804 1661 κ-
969 1637 995 1660 x·
1161 1637 1186 1661 ae

381 1709 522 1748 XXII.
552 1712 578 1736 ἃ
601 1712 625 1736 ³⁶
648 1710 671 1733 *ἓ
702 1712 1025 1759 peccaverimusne,
1055 1702 1174 1748 adhuc
1202 1711 1348 1749 dubium
1373 1717 1447 1750 est.-

324 1787 461 1824 poenas,
482 1777 699 1824 ignominias
716 1788 836 1812 omnes
853 1775 937 1822 jam
960 1778 1138 1825 patimur.
1192 1779 1326 1821 Antea,
1346 1777 1446 1814 Kar·

329 1839 609 1888 tkaginiensibus
654 1841 769 1882 victis,
808 1840 997 1889 Philippo,
1017 1841 1215 1878 .Antiocho
1253 1843 1447 1891 superatis,

330 1918 441 1955 quum
469 1906 627 1943 Romam
651 1908 876 1950 venissemus,
898 1918 941 1943 ex
962 1907 1108 1956 publico
1135 1907 1290 1956 hospitio
1318 1909 1356 1944 in
1384 1920 1446 1945 cu-

300 1979 312 2000 ’-
329 1972 425 2008 riam
449 1972 678 2019 gratulatum
701 1971 809 2014 vobis,
829 1972 961 2008 Patres
984 1974 1194 2021 conscripti,
1212 1984 1254 2010 ex
1281 1973 1383 2009 curia
1409 1974 1448 2009 in

333 2034 556 2083 Capitolium
588 2036 637 2071 acl
670 2035 770 2072 Deos
798 2041 928 2072 vestros
959 2038 1053 2073 dona
1072 2037 1256 2087 ferentem
1284 2048 1380 2073 nunc
1406 2047 1451 2073 ex

330 2100 476 2136 sordido
502 2101 713 2142 deversorio,
734 2101 794 2137 viz
817 2102 977 2138 mercede
1002 2103 1150 2150 recepti,
1170 2113 1214 2138 ac
1235 2113 1350 2151 prope
1368 2101 1449 2139 hos-

306 2188 315 2192 ·
331 2164 424 2200 tium
441 2175 540 2200 more
557 2169 660 2201 extra
677 2164 798 2201 urbem
827 2178 970 2202 manere
990 2164 1099 2212 jussi,
1128 2168 1167 2203 in
1195 2165 1260 2203 hoc
1282 2166 1450 2215 squalore

329 2229 489 2264 venimus
521 2230 558 2264 in
585 2230 725 2265 curiam
744 2229 944 2268 Romanam
966 2231 1116 2275 Rhodii,
1146 2242 1232 2280 quos
1257 2232 1450 2281 provinciis

306 2317 309 2319 >
330 2303 447 2342 nuper
466 2292 582 2341 Lycia
614 2297 723 2343 atque
743 2292 883 2338 Caria„
899 2306 986 2344 quos
1008 2297 1170 2351 praemiis
1198 2301 1308 2344 atque
1337 2294 1448 2333 hono-

1528 2015 1543 2147 ’.φιὸᾼ

1534 2307 1538 2384 Ι

1533 2388 1539 2427 ἕ
