1546 2648
412 195 568 223 LIBER
593 195 675 224 xL.
707 196 815 223 eAP.
842 196 915 223 lx.
1136 196 1214 239 229

107 282 282 320 omnibus
325 283 486 329 obortae,
525 292 563 321 et
602 285 665 321 diu
708 291 886 321 moestum
930 283 1121 322 silentium
1158 293 1213 323 te-
1229 291 1409 330 U·C·⁵70·

105 346 200 382 nuit.
1224 337 1264 366 A.
1278 336 1314 367 C.
1335 345 1406 370 182.

159 397 232 435 IX.
262 399 361 435 Tum
389 400 569 437 Perseus:
604 402 808 449 Aperienda
834 402 1003 437 nimirum
1031 408 1133 438 nocte
1150 401 1213 448 ja·
1226 409 1325 440 Persei
1342 420 1412 442 ora-

102 462 276 511 nuasuit,
294 469 330 499 et
345 467 478 501 armati
492 467 733 501 comissatores
748 467 957 512 accipiendi,
969 466 1213 513 proebendum-
1226 454 1279 482 ¹³⁰·

103 538 170 574 que
176 525 284 574 ferro
294 526 478 575 jugulum,
499 531 641 577 quando
661 542 731 565 non.
748 531 920 571 creditur,
940 531 1009 565 nisi
1025 536 1213 577 perpetra-

101 594 190 632 tum,
201 589 354 638 facinus
363 609 377 634 ,-
406 597 442 627 et
460 594 579 628 eadem
599 595 731 640 petitus
756 594 895 628 insidiis
913 594 1035 635 audio,
1057 606 1134 640 (μίας
1157 594 1211 629 la—

102 656 157 688 tro
176 658 284 701 atque
302 656 500 690 insidiator.
558 657 641 691 Non
667 658 908 703 nequidquam
925 658 984 691 isti
1004 668 1108 692 unum
1131 657 1211 692 De-

99 720 398 768 metriumfilium
420 725 454 756 te
479 720 616 763 habere,
639 732 693 756 me
710 720 885 755 subditum
908 724 943 755 et
966 721 1094 767 pellice
1109 722 1210 768 geni-

100 790 175 820 tum
195 786 385 832 adpellant
398 803 408 822 .·
427 799 525 828 nam,
544 789 574 822 si
591 788 759 833 gradum,
777 788 807 822 si
827 788 1097 835 caritatemfilii
1113 788 1212 834 apud

100 854 134 883 te
153 848 326 892 haberem,
348 862 416 885 non
440 852 473 886 in
494 863 562 893 me,
583 855 781 898 querentem
800 851 1030 897 deprehensas
1049 852 1208 893 insidias,

95 912 159 946 sed
177 913 213 947 in
231 925 322 954 eum,
345 915 404 960 qui
410 913 571 962 fecisset,
588 916 725 949 soevires
737 930 749 949 .·
769 926 830 949 nec
849 915 937 948 adeo
957 914 1017 948 tibi
1037 915 1118 949 vilis
1135 916 1211 950 vita

97 981 182 1012 esset
201 982 336 1019 nostra,
367 984 408 1013 ut
432 990 496 1014 nec
518 979 701 1025 praeterito
719 978 879 1024 periculo
910 989 986 1012 meo
1007 979 1208 1020 movereris,

95 1051 205 1088 neque
222 1041 370 1088 sutum,
398 1044 427 1077 si
459 1041 706 1077 insidiantibus
733 1043 780 1076 sit
808 1042 950 1088 inpune.
1009 1041 1149 1088 Itaque,
1179 1042 1210 1076 si

96 1105 189 1139 mori
215 1106 364 1140 tacitum
385 1109 538 1151 oportet,
562 1109 755 1145 taceamus,
776 1105 914 1151 precati
934 1108 1074 1139 tantum
1096 1104 1208 1146 Deos,

97 1174 138 1203 ut
153 1180 174 1202 a
193 1180 246 1204 me
262 1174 407 1216 coeptum
423 1170 534 1204 scelus
550 1170 584 1204 in
598 1169 766 1216 mefinem
785 1168 925 1208 habeat,
940 1179 1002 1203 nec
1013 1179 1080 1214 per
1095 1180 1210 1203 meum

97 1233 193 1267 latus
213 1238 249 1267 tu
266 1235 416 1280 petaris.
464 1233 529 1268 Sin
546 1237 665 1267 autem
684 1233 796 1279 (quod
807 1233 1051 1267 circumi-entis
1068 1233 1105 1267 in
1124 1233 1209 1267 soli-

96 1298 219 1332 tudine
234 1301 366 1332 natura
382 1299 458 1344 ipsa
477 1295 630 1342 subjicit,
646 1300 688 1331 ut
703 1296 898 1337 hominum,
916 1307 1000 1342 quos
1014 1308 1210 1344 numquam

93 1361 260 1402 viderint,
277 1361 394 1409 fldem
422 1365 538 1395 tamen
569 1359 763 1407 inplorent)
785 1358 874 1394 mihi
892 1371 1041 1406 quoque,
1061 1359 1209 1407 ferrum

92 1425 130 1460 in
149 1437 204 1459 me
220 1426 383 1460 strictum
409 1425 577 1465 cernenti,
602 1435 720 1459 vocem
753 1423 893 1458 mittere
911 1423 1040 1465 liceat;
1067 1434 1133 1470 per
1161 1428 1206 1464 te,

91 1491 320 1537 patriumque
338 1501 475 1530 nomen,
498 1489 591 1536 quod
612 1489 684 1523 utri
703 1485 860 1522 nostram
877 1488 1035 1522 sanctius
1052 1488 1112 1528 sit,
1124 1485 1208 1532 jam

91 1554 230 1601 pridem
252 1554 370 1594 sentis,
391 1554 443 1587 ita
464 1564 518 1586 me
537 1552 679 1593 audias,
702 1563 840 1597 precor,
860 1554 1043 1597 tamquam
1061 1552 1104 1592 si,
1125 1562 1209 1586 voce

94 1622 127 1651 et
147 1617 428 1663 comploratione
455 1619 628 1650 nocturna
658 1615 803 1655 excitus,
831 1614 920 1648 mihi
939 1615 1128 1661 quiritanti
1152 1615 1208 1648 in-

95 1681 307 1721 tervenisses‚
329 1679 557 1714 Demetrium
586 1690 663 1713 cum
691 1678 841 1712 armatis
872 1682 972 1712 nocte
996 1678 1209 1724 intempesta

92 1745 129 1779 in
152 1743 321 1779 vestibulo
342 1754 417 1777 meo
437 1742 744 1789 deprehendisses:
773 1741 868 1788 quod
888 1744 964 1775 tum-
988 1738 1234 1788 vociferarer

91 1808 127 1843 in
145 1820 184 1843 re
206 1809 373 1856 praesenti
398 1807 563 1854 pavidus,
595 1806 660 1841 hoc
688 1817 781 1841 nunc
806 1809 951 1852 postero
979 1805 1037 1839 die
1065 1816 1206 1851 queror.

78 1872 229 1914 Frater,
259 1884 329 1907 non
358 1871 623 1907 comissantium
656 1871 693 1905 in
720 1871 830 1904 vicem
854 1866 937 1914 jam
966 1869 1030 1903 diu
1058 1869 1208 1902 vivimus

91 1938 182 1972 inter
199 1948 262 1971 nos
274 1952 285 1971 .·
313 1947 464 1982 regnare
478 1936 600 1981 utique
615 1935 665 1968 vis
677 1949 689 1968 .·
719 1933 801 1968 huic
815 1933 889 1980 spei
909 1936 978 1966 tuce
993 1931 1107 1966 obstat
1121 1935 1208 1966 aetas

91 2013 183 2043 mea,
220 2000 336 2036 obstat
360 2001 522 2047 gentium
545 1996 621 2043 jus,
652 1997 768 2032 obstat
795 2000 954 2031 vetustus
981 1995 1206 2030 Macedoniae

89 2076 176 2106 mos,
197 2063 312 2100 obstat
327 2075 410 2099 vero
430 2064 536 2098 etiam
550 2062 669 2109 patris
677 2059 868 2105 judicium.
915 2058 1005 2093 Haec
1024 2062 1204 2093 transcen-

90 2128 184 2169 dere,
204 2128 271 2162 nisi
288 2139 354 2174 per
371 2138 487 2162 meum
506 2126 727 2172 sanguinem,
748 2135 818 2158 non
836 2127 936 2170 potes
949 2137 961 2157 .·
989 2123 1108 2156 omnia
1128 2119 1202 2155 vno-

91 2191 168 2226 liris
192 2193 227 2225 et
246 2195 384 2226 tentas:
411 2190 530 2225 adhuc
552 2201 612 2224 seu
639 2200 725 2223 cura
748 2199 840 2229 mea,
860 2198 920 2221 seu
940 2184 1112 2233 fortuna,
1145 2196 1204 2218 re-

91 2254 184 2289 stitit
199 2254 398 2301 porricidio
411 2258 482 2289 tuo.
525 2253 705 2288 Hesterna
721 2251 779 2286 die
794 2251 830 2285 in
847 2250 1071 2289 lustratione,
1089 2251 1125 2282 et
1142 2247 1204 2282 de·

92 2329 207 2362 cursu,
223 2321 257 2353 et
270 2317 461 2354 simulacro
474 2318 613 2353 ludicro
621 2327 766 2365 pugnae,
776 2313 965 2364 funestum
978 2322 1092 2361 prope
1106 2322 1202 2360 proe-
