1546 2648
396 169 552 198 L113ER
575 168 656 198 xx„
691 168 798 198 cAP.
822 170 913 199 ιιι.
1125 166 1203 211 277

100 256 173 293 fuit
190 255 246 294 M.
266 255 436 293 Licinius
457 256 629 297 Crassus,
645 256 708 304 qui
729 267 795 305 per
813 255 972 292 fundum
991 269 1100 294 suum
1122 258 1205 295 duci
1222 267 1264 297 U.
1278 265 1315 296 C.
1329 269 1405 299 57³.

102 333 183 357 non
202 327 258 358 est
287 333 430 371 passus.
486 319 664 355 Portoria
691 332 841 368 quoque
867 326 906 356 et
935 321 1135 370 vectigalia
1162 324 1208 359 ii·
1224 310 1404 343 A.C.179·

103 384 187 420 dem
208 384 326 420 multa
353 384 622 419 instituerunt:
654 382 849 432 complura
877 383 1014 420 sacella
1041 385 1208 435 publica,

103 460 186 497 quae
215 447 365 484 fuerant
395 453 579 496 occupata
599 460 622 482 a
649 447 819 496 privatiS‚
850 447 1001 497 publica
1031 461 1212 500 sacraque

104 518 147 548 ut
166 518 304 555 essent,
322 517 568 561 paterentque
587 510 744 561 populo,
763 518 954 548 curarunt.
1010 512 1213 552 Mutaruut

106 575 285 624 suffragia
302 591 310 612 z
333 575 635 624 regionatimque
652 575 853 624 generibus
873 577 1085 621 hominum,
1107 591 1217 615 caus-

108 639 246 688 sisque,
268 646 305 675 et
324 639 543 689 quaestibuS,
562 639 680 675 tribus
701 640 992 690 descripserunt.

162 703 253 740 LII.
282 704 334 739 Et
354 704 449 739 alter
469 716 512 739 ex
533 703 752 739 censoribus
767 704 825 740 M.
841 704 1019 741 AEmilius
1039 707 1151 756 petiit
1170 708 1217 744 ab

110 773 257 809 senatu,
278 773 320 803 ut
339 767 409 803 sibi
437 767 683 802 dedicationis
714 767 941 817 templorum
968 768 1128 818 Reginae
1148 771 1219 807 Ju-

111 830 222 864 nonis
255 837 293 864 et
323 829 474 870 Dianae,
506 841 587 876 quae
621 828 722 864 bello
752 828 956 877 Ligustino
989 837 1078 867 ante
1111 834 1220 869 annis

112 898 200 928 octo
220 893 397 935 vovisset,
418 892 579 941 pecunia
608 891 653 926 ad
683 891 791 927 ludos
822 893 1095 932 decerneretur.
1152 896 1221 931 Vi-

112 956 209 1005 ginti
238 956 356 991 millia
385 957 466 992 aeris
496 955 766 991 decreverunt:
799 956 985 993 dedicavit
1014 971 1074 995 eas
1109 960 1220 1002 aedes,

116 1026 312 1069 utramque
330 1020 367 1056 in
389 1023 489 1056 circo
516 1019 703 1055 Flaminio
724 1035 730 1055 :
763 1019 945 1069 ludosque
964 1023 1132 1057 scenicos
1154 1025 1222 1058 tri·

117 1084 231 1119 duum
249 1090 334 1133 post
346 1083 617 1119 dedicationem
634 1083 762 1133 templi
776 1084 954 1127 Junonis,
968 1084 1122 1121 biduum
1136 1094 1224 1135 post

118 1147 268 1190 Dianae,
290 1154 326 1183 et
355 1147 522 1195 singulos
552 1147 629 1183 dies
655 1147 747 1183 fecit
767 1148 804 1183 in
825 1149 937 1185 circo.
995 1149 1100 1185 Idem
1122 1151 1225 1186 dedi-

121 1213 220 1248 cavit
239 1213 354 1248 aedem
382 1212 538 1247 Larium
569 1211 829 1248 Pei-marinfim
850 1214 889 1248 in
911 1213 1080 1264 Campo:
1113 1229 1226 1252 vove-

121 1282 178 1312 rat
199 1289 280 1312 eam
310 1277 417 1312 annis
446 1276 617 1311 undecim
647 1282 734 1311 ante
763 1276 809 1312 L.
831 1277 1009 1313 AEmilius
1039 1278 1227 1327 Regillus,

122 1339 246 1375 navali
282 1339 418 1389 proelio
455 1340 629 1376 adversus
666 1339 865 1388 praefectos
903 1342 1001 1389 regis
1032 1343 1230 1382 Antiochi.

125 1403 245 1453 Supra
262 1404 387 1440 valvas
417 1403 548 1453 templi
567 1403 697 1439 tabula
716 1416 799 1439 cum
826 1404 940 1440 titulo
959 1406 1032 1441 hoc
1053 1406 1128 1443 fixa
1146 1415 1203 1443 est
1219 1424 1226 1445 ε

125 1470 261 1505 Duello
290 1480 419 1517 magno
451 1469 589 1516 regibus
617 1469 815 1503 ‹li-timendo
844 1468 868 1491 ἃ
900 1475 1009 1517 caput
1035 1471 1234 1519 subigendis

123 1534 313 1581 patrandce
327 1535 428 1581 pacis
447 1533 519 1568 hcec
545 1545 669 1580 pugna
694 1535 835 1568 exeunti
854 1533 898 1569 L.
911 1534 1068 1571 AEmilzo
1089 1537 1142 1572 M.
1159 1538 1234 1573 AE*

128 1597 311 1645 miliifilio
330 1598 499 1644 auspicio,
518 1597 679 1643 imperim
690 1595 877 1644 felicitate
891 1598 1069 1646 (luctuque
1088 1598 1162 1644 ejus
1178 1603 1234 1636 in-

129 1664 181 1695 ter
201 1660 393 1707 Ephesum,
416 1660 579 1702 Sumam,
603 1660 812 1708 Chiumque,
833 1661 1055 1708 inspectante
1074 1676 1140 1699 eos.
1160 1666 1236 1712 ipso

131 1724 320 1766 Antiocho,
340 1725 493 1759 exercitu
519 1725 628 1765 omni,
650 1726 824 1771 equitatu,
846 1726 1122 1775 elephantisque,
1145 1716 1248 1765 clas-s

129 1791 175 1824 sz's
193 1790 286 1836 regis
303 1788 473 1824 Antiochi.
491 1793 598 1823 antea
616 1789 665 1824 sic
682 1790 791 1831 victa,
811 1788 916 1837 fusa,
938 1796 1097 1834 contusa,
1117 1792 1238 1841 fuga-

134 1859 239 1901 taque
256 1858 320 1894 est,
342 1853 456 1901 ibique
474 1865 514 1888 eo
533 1854 588 1887 die
606 1864 709 1888 naves
729 1853 842 1899 longae
869 1866 948 1889 cum
968 1855 1125 1891 omnibus
1138 1859 1242 1893 sociis

134 1921 247 1964 captae
266 1917 393 1952 LXII.
451 1916 508 1951 Ea
527 1928 648 1963 pugna
666 1922 842 1963 pugnata,
860 1929 921 1952 rex
938 1919 1134 1954 Antiochus
1161 1933 1242 1968 reg-

134 1993 286 2028 numque
306 1980 329 2002 ³⁶
363 1980 385 2002 ÷÷
403 2008 410 2016 .
443 1978 530 2025 Ejus
548 1982 600 2015 rei
618 1992 700 2026 ergo
720 1982 828 2015 cedem
848 1969 1001 2016 Laribus
1021 1983 1244 2021 Permcerz‘nis

100 2062 104 2066 ·
135 2047 244 2080 vovit.
300 2043 444 2079 Eodem
467 2043 639 2093 exemplo
668 2043 799 2079 tabula
817 2044 854 2078 iu
877 2044 954 2080 aede
973 2044 1079 2081 Jovis
1108 2047 1148 2083 in
1169 2047 1243 2084 Ca-

136 2107 271 2157 pitolio
291 2120 404 2156 supra
422 2107 546 2143 valvas
568 2107 643 2143 fixa
662 2115 730 2143 est.

191 2169 301 2206 Lm.
331 2171 470 2216 Biduo,
500 2185 574 2220 quo
595 2178 767 2207 senatum
792 2171 965 2220 legerunt
984 2185 1172 2217 censores,
1195 2176 1243 2215 Q.
1259 2178 1319 2227 Res
1336 2184 1432 2226 gestet

138 2232 291 2269 Fulvius
325 2234 469 2278 consul,
506 2235 698 2285 profectus
736 2235 775 2270 in
813 2235 988 2283 Ligures,
1021 2248 1088 2285 per
1122 2237 1245 2274 invios
1258 2231 1291 2251 ¹¹²
1308 2221 1449 2260 [Αἶωῶ

139 2302 288 2333 montes
317 2296 505 2346 vailesque
525 2298 641 2335 saltus
672 2311 758 2335 cum
787 2299 955 2336 exercitu
974 2304 1244 2348 transgressus,
