1546 2648
471 126 684 159 mnnon.
710 127 932 158 numm).
1169 119 1254 177 565

621 254 798 293 LXXII.

144 325 360 379 ITALICI
378 340 506 388 populi
534 339 754 389 defecerunt,
773 341 951 382 Picentes,
983 340 1128 384 Vestini,
1151 342 1258 379 Mar-

142 404 185 447 si,
203 405 361 451 Peligni,
383 403 600 446 Marrucini,
622 403 816 445 Samnites,
838 404 993 446 Luca-ni,
1014 407 1116 441 initio
1132 406 1216 442 belli
1234 419 1259 442 α

142 468 348 505 Picentibus
383 472 492 504 moto.
561 469 603 509 Q.
636 468 809 503 Servilius
834 470 1027 515 proconsul
1059 470 1095 504 in
1129 471 1260 518 oppido

141 533 276 569 Asculo
295 545 376 568 cum
394 533 551 569 omnibus
570 532 700 569 civibus
720 533 906 574 Romanis,
927 534 989 580 qui
1015 534 1050 568 in
1070 545 1110 568 eo
1129 535 1261 581 oppido

143 601 260 640 erant,
281 599 412 633 occisus
439 601 517 633 est:
543 609 633 644 saga
658 597 815 644 populus
832 597 968 632 sumsit.
1026 598 1104 632 Ser.
1130 597 1259 639 Galba,

143 674 168 697 a
182 662 340 698 Lucanis
359 652 640 709 comprehensus,
661 659 927 709 uniusfeminae
940 673 1064 708 opera,
1086 663 1135 697 acl
1154 674 1262 709 quam

145 726 405 767 devertebatur,
423 726 634 772 captivitate
651 729 807 760 exemtus
821 729 882 760 est.
929 725 1100 760 AEsernia
1120 730 1154 760 et
1166 725 1263 761 Alba

146 789 293 825 coioniae
312 789 355 824 ab
374 789 514 824 Italicis
543 789 683 823 obsessae
710 792 804 823 sunt.
860 788 1013 823 Auxilia
1041 789 1168 824 deinde
1187 789 1263 824 La·-

146 854 216 888 tini
247 853 401 888 nominis
439 856 736 899 externarumque
779 852 941 898 gentium
978 853 1084 887 missa
1126 853 1264 900 populo

146 916 325 957 Romano,
346 921 381 951 et
399 917 636 962 expeditiones
663 916 810 950 invicem
838 917 1183 963 expugnationesque
1202 928 1263 952 ur-

146 980 247 1016 bium
258 978 400 1028 referun
406 984 477 1017 tur.

613 1087 811 1126 Lxxm.
860 1140 863 1141 ⁷
918 1074 922 1075 ’

152 1156 222 1209 L.
244 1174 274 1211 J
279 1174 371 1210 ULI
377 1173 439 1210 US
470 1173 587 1209 Ccesar
616 1175 736 1209 consul
767 1173 863 1209 male
891 1162 1059 1209 adversus
1088 1174 1269 1213 Samnites

143 1240 334 1287 pugnavit.
394 1238 493 1273 Nola
517 1238 658 1285 colonia
678 1238 712 1272 in
737 1241 950 1284 potestatem
970 1238 1188 1275 Samnitium
1208 1252 1268 1275 ve-

150 1304 205 1339 nit
224 1314 302 1338 cum
318 1301 362 1337 L.
378 1301 562 1337 Postumio
579 1305 746 1348 praetore,
767 1302 829 1348 qui
847 1301 890 1335 ab
911 1302 953 1336 iis
972 1301 1180 1350 interfectus
1204 1309 1268 1341 est.

153 1366 359 1414 Complures
384 1366 513 1413 populi
548 1366 597 1400 ad
638 1364 751 1400 hostes
783 1363 1001 1412 defecerunt.
1073 1366 1191 1406 Quum
1221 1368 1268 1405 P.

122 1450 126 1453 ·
152 1431 312 1467 Rutilius
331 1430 452 1466 consul
469 1430 566 1465 male
583 1431 752 1465 adversus
771 1429 885 1464 hostes
904 1429 1047 1465 Marsos
1061 1437 1267 1478 pugnasset,

151 1500 187 1532 et
215 1496 253 1531 in
279 1495 405 1542 proelio
433 1495 625 1535 cecidisset,
659 1493 698 1529 C.
718 1493 876 1536 Marius,
911 1494 1050 1541 legatus
1081 1492 1167 1540 ejus,
1193 1508 1269 1546 ‘mef-

152 1561 240 1596 liore
276 1563 402 1594 eventu
437 1571 518 1594 cum
553 1558 708 1594 hostibus
743 1558 912 1607 conflixit.
975 1559 1053 1596 Ser.
1086 1549 1270 1608 Sulpicius

154 1624 326 1670 Pelignos
368 1622 494 1670 proelio
525 1621 644 1670 fudit.
715 1622 758 1662 Q.
782 1621 913 1669 CaepiO,
950 1623 1087 1669 legatus
1120 1623 1268 1666 Rutilii,

154 1699 262 1736 quum
288 1687 439 1722 obsessus
464 1698 631 1734 prospere
656 1687 693 1722 in
724 1685 837 1721 hostes
865 1688 1047 1734 erupisset,
1071 1692 1106 1723 et
1130 1688 1171 1723 ob
1190 1700 1268 1724 eum

151 1763 344 1789 successum
372 1755 551 1799 oequatunz
583 1752 616 1786 ei
647 1763 724 1786 cum
747 1750 786 1786 C.
803 1751 924 1786 Mario
949 1756 1037 1787 esset
1064 1754 1268 1800 imperium,

154 1817 363 1853 temerarius
379 1814 524 1863 factus,
551 1819 587 1850 et
605 1816 864 1850 circumventus
892 1816 1043 1857 insidiis,
1063 1815 1154 1864 fuso
1172 1828 1269 1852 exer-

154 1881 226 1916 citu
247 1880 387 1915 cecidit.
444 1878 487 1913 L.
504 1879 625 1915 Julius
643 1877 760 1915 Ccesar
779 1880 902 1914 consul
918 1878 1085 1927 feliciter
1103 1882 1272 1916 adversus

122 1959 125 1961 ·
155 1944 335 1980 Samnites
361 1945 561 1990 pugnavit:
592 1943 632 1978 ob
651 1954 729 1978 eam
748 1944 932 1978 victoriam
955 1944 1078 1980 Romae
1094 1957 1182 1991 saga
1204 1957 1273 1992 po-

152 2010 224 2045 sita
251 2012 359 2044 sunt.-
388 2012 435 2049 et,
469 2012 511 2043 ut
541 2009 643 2043 varia
677 2007 760 2042 belli
777 2006 937 2054 fortuna.
971 2013 1069 2048 esset,
1098 2009 1273 2044 AEsernia

156 2073 294 2108 colonia
326 2084 405 2107 cum
439 2072 492 2107 M.
523 2072 701 2108 Marcello
734 2072 769 2106 in
806 2077 1017 2118 potestatem
1050 2073 1272 2108 Samnitium

155 2132 261 2171 venit.
318 2135 391 2170 Sed
426 2135 463 2171 C.
496 2136 639 2171 Marius
665 2135 790 2183 proelio
824 2135 966 2171 Marsos
1000 2135 1121 2184 fudit,
1160 2137 1274 2172 Herio

156 2199 296 2240 Asinio,
314 2204 467 2246 praetore
486 2201 793 2242 Marrucinorum,
816 2203 938 2237 occiso.
997 2201 1035 2236 C.
1055 2200 1218 2237 Caecilius
1235 2202 1276 2236 in

162 2263 286 2300 Gallia
310 2264 552 2314 Transalpina
571 2265 752 2302 Salluvios
770 2267 978 2302 rebellantes
996 2267 1097 2302 vicit.
