1546 2648
329 185 484 215 LIBER
508 183 589 212 xz.
622 181 730 210 cAr.
750 181 882 210 XLII.
1085 169 1164 224 267

57 275 189 313 eundae
217 274 376 326 legionis
399 263 562 312 'Fulvius
597 271 770 308 tribunus
804 265 967 307 militum
998 278 1103 309 erat:
1135 272 1166 308 is

56 339 247 377 mensibus
267 340 343 376 suis
363 339 507 376 dimisit
534 337 738 387 legionem,
752 333 1004 385 jurejurando
1023 335 1166 372 adactis

58 404 356 447 centurionibus,
379 416 427 440 aes
448 404 488 439 in
508 401 680 438 aerarium
701 399 748 436 ad
777 406 982 449 quaestores
1004 412 1084 436 esse
1103 400 1168 437 de-

57 466 213 505 laturos,
268 467 358 505 Hoc
387 467 454 504 ubi
482 465 717 502 Placentiam
742 465 848 512 (nam
881 476 927 500 eo
959 462 1059 500 forte
1087 471 1170 501 erat

55 529 266 580 profectus)
288 530 390 568 Aulo
404 529 629 567 nunciatum
647 533 718 571 est,
740 539 825 564 cum
845 526 1033 576 equitibus
1055 540 1170 578 expe·

56 593 143 630 ditis
164 600 314 631 secutus
341 593 529 636 dimissos,
560 603 654 642 quos
685 603 816 627 eorum
843 591 971 642 potuit
999 591 1168 641 adsequi,

56 656 213 695 deduxit
241 659 445 708 castigatos
465 657 572 693 Pisas
595 671 603 692 z
636 655 682 691 de
711 656 844 691 ceteris
874 653 1069 692 consulem
1088 668 1170 692 cer-

55 721 190 758 tiorem
220 722 324 760 fecit.
379 722 439 759 Eo
468 721 668 763 referente,
690 718 1061 756 senatusconsultum
1089 719 1171 756 fac-

57 792 139 822 tum
158 793 228 830 est,
250 793 293 823 ut
306 786 363 823 M.
380 785 534 823 Fulvius
553 785 594 821 in
615 783 845 834 Hispaniam
863 783 1095 833 relegaretur
1113 783 1171 820 ul-

57 855 117 885 tra
135 863 272 886 novam
293 850 591 898 Karthaginem.
637 847 853 897 Literaeque
873 848 906 885 ei
926 848 1022 886 datae
1043 855 1131 885 sunt
1149 862 1172 885 a

58 912 215 950 consule
227 913 273 950 ad
285 913 330 951 P.
342 913 532 950 Manlium
545 914 584 948 in
597 911 826 962 Hispaniam
838 911 1054 948 ulteriorem
1067 910 1178 949 defess

57 976 195 1015 rendae.
223 978 372 1014 Milites
385 977 486 1028 jussi
502 977 549 1013 ad
564 977 673 1025 sigua
687 976 830 1013 redire:
854 988 986 1012 caussa
1005 974 1175 1025 ignomi-'

55 1040 144 1084 niae,
166 1043 222 1078 uti
242 1050 423 1079 semestre
443 1041 673 1091 stipendium
699 1041 738 1076 in
755 1052 841 1076 eum
860 1052 1000 1076 annum
1020 1050 1118 1077 esset
1138 1041 1172 1078 ei

57 1104 214 1153 legioni,
232 1105 425 1143 decretum
441 1120 449 1141 :
472 1106 537 1155 qui
552 1104 658 1141 miles
675 1104 720 1140 ad
738 1104 944 1140 exercitum
959 1117 1037 1141 non
1053 1105 1171 1142 redis-

59 1175 128 1211 set,
146 1181 232 1205 eum
252 1170 375 1220 ipsum
389 1169 567 1217 bonaque
587 1167 667 1218 ejus
684 1167 845 1204 vendere
865 1167 1152 1218 consuljussus.

111 1233 244 1270 XLII.
271 1235 420 1271 Eodem
457 1246 558 1270 anno
601 1232 648 1268 L.
677 1231 890 1274 Duronius,
928 1232 992 1280 qui
1027 1238 1170 1283 praeter

0 1324 1 1327 η
57 1309 158 1334 anno
195 1299 388 1348 superiore
425 1310 472 1333 ex
518 1295 673 1345 Illyrico
720 1307 806 1331 cum
842 1294 972 1331 decem
1007 1295 1169 1332 navibus

57 1361 297 1398 Brundisium
318 1361 494 1404 redierat,
515 1360 617 1403 inde,
638 1360 679 1395 in
697 1365 811 1410 portu
830 1358 971 1396 relictis
992 1360 1167 1404 navibus,

55 1438 171 1475 quum
197 1426 363 1462 venisset
387 1425 570 1468 Romam,
591 1425 690 1460 inter
719 1423 960 1474 exponendas
979 1436 1052 1467 res,
1074 1437 1166 1474 quas

54 1489 106 1525 ibi
125 1490 317 1538 gessisset,
345 1489 449 1525 haud
477 1487 590 1524 dubie
609 1489 648 1524 in
668 1499 797 1536 regem
824 1486 1041 1537 Illyriorum
1062 1487 1166 1525 Gen-

56 1553 152 1589 tium
178 1552 371 1589 latrocinii
399 1552 521 1589 omnis
541 1552 721 1589 maritimi
741 1563 912 1588 caussam
932 1553 1068 1588 avertit
1086 1567 1093 1588 ;
1126 1566 1168 1590 ez·

54 1628 162 1664 regno
184 1614 258 1662 ejus
286 1628 402 1652 omnes
428 1627 533 1652 naves
562 1628 645 1658 esse,
676 1628 754 1664 quae
780 1617 900 1663 superi
926 1617 1037 1652 maris
1065 1629 1168 1653 ora-m

55 1681 282 1730 depopulata?
313 1685 449 1716 essent:
494 1681 538 1716 de
568 1680 623 1716 his
654 1681 756 1716 rebus
787 1691 824 1716 se
855 1681 991 1728 legatos
1019 1683 1165 1725 misisse,

52 1757 116 1781 nec
143 1744 372 1781 conveniendi
399 1746 493 1792 regis
518 1749 731 1792 potestatem
754 1743 915 1793 factam.
971 1745 1168 1782 Venerant

56 1802 221 1844 Romam
249 1807 365 1856 legati
394 1820 417 1844 a
446 1807 601 1850 Gentio,
623 1808 701 1856 qui,
728 1820 797 1856 quo
826 1812 983 1856 tempore
1011 1808 1168 1846 Romani

57 1873 285 1925 conpeniendi
303 1873 396 1920 regis
415 1884 539 1908 caussa
556 1874 742 1915 venissent,
762 1885 896 1920 oegrum
906 1871 1012 1922 forte
1031 1886 1110 1910 eum
1130 1876 1168 1910 in

54 1926 192 1973 ultimis
214 1937 380 1985 partibus
396 1935 517 1985 fuisse
543 1938 645 1989 regni
672 1936 852 1973 dicerent.
909 1938 1040 1973 Petere
1073 1939 1167 1974 Gen-

56 2001 146 2037 tium
170 2000 215 2036 ab
232 2005 371 2043 senatu,
392 2012 435 2036 ne
462 2001 646 2037 crederent
664 2001 823 2050 confictis
841 2001 1046 2037 criminibus
1065 2004 1100 2038 in
1117 2014 1166 2045 se,

57 2076 135 2112 quae
165 2065 300 2101 inimici
336 2065 555 2102 detulissent.
610 2065 671 2101 Ad
703 2077 748 2101 ea
783 2064 978 2102 Duronius
1013 2066 1166 2116 adjecit,

58 2126 186 2165 multis
206 2128 349 2165 civibus
367 2127 554 2165 Romanis
574 2134 613 2165 et
631 2130 743 2165 sociis
769 2126 902 2166 Latini
921 2131 1085 2167 nominis
1106 2132 1166 2167 iu-

52 2188 173 2240 jurias
202 2189 320 2227 factas
349 2192 388 2228 in
417 2195 535 2242 regno
555 2191 634 2242 ejus
651 2208 662 2239 3
695 2198 734 2229 et
756 2193 854 2229 cives
873 2192 1071 2230 Romanos
1092 2195 1166 2231 dici

61 2253 237 2304 Corcyrae
265 2255 431 2294 retineri,
485 2257 565 2293 Eos
595 2269 725 2294 omnes
744 2256 911 2294 Romam
931 2258 1065 2295 adduci
1084 2258 1165 2308 pla·-

60 2317 139 2354 cuit
159 2332 167 2355 ε
201 2318 244 2356 C.
279 2318 479 2358 Claudium
513 2326 714 2372 praetorem
750 2322 980 2372 cognoscere
999 2338 1006 2358 :
1044 2334 1166 2374 neque

248 2382 256 2388 ”
600 2384 640 2421 N
660 2385 684 2421 2

1180 272 1269 306 U.C.
1287 279 1361 308 572.

1181 317 1219 349 A.
1231 316 1269 349 C.
1289 324 1361 349 uo.
