1546 2648
318 176 374 220 90
460 212 464 219 .
750 179 795 206 τ.
820 178 955 208 mvn

124 271 167 301 U.
183 271 219 301 C.
233 275 305 301 563.
319 269 389 318 piis
409 280 432 304 a
460 267 506 304 L.
528 268 719 319 Scipione,
746 276 783 305 et
810 271 976 306 exercitu
1002 270 1177 314 lustrato,
1199 270 1422 310 concionem

121 313 164 344 Α·
178 313 214 344 C'
235 320 307 346 ¹⁸9⁹
319 332 417 382 apud
438 332 574 368 milites
593 332 726 369 habuit
743 347 749 367 :
772 346 859 382 qua.
881 334 1107 370 conlaudata
1127 335 1264 372 virtute
1280 349 1424 380 eorum,

317 396 418 445 quod
439 409 524 432 cum
543 397 739 432 Antiocho
760 409 836 432 uno
856 397 992 446 proelio
1009 399 1273 442 debellassent,
1290 401 1426 436 adhor-

319 467 418 496 tatus
435 472 499 496 eos
516 460 563 496 ad
581 472 721 495 novum
739 472 825 496 cum
839 460 958 497 Gallis
979 463 1254 512 suscipiendum
1271 464 1426 507 bellum,

318 524 380 572 qui
412 530 450 560 et
478 524 627 560 auxiliis
648 524 881 561 Antiochum
905 523 1108 574 juvissent,
1129 533 1165 562 et
1196 527 1289 563 adeo
1318 528 1427 564 iudo-

319 589 411 623 mita
444 587 628 623 haberent
659 588 824 636 ingenia,
860 597 899 624 ut
933 590 1186 639 nequidquam
1213 592 1428 628 Antiochus

319 658 467 688 emotus
496 650 594 687 ultra
614 651 711 700 juga
737 651 854 688 Tauri
885 654 1024 689 montis
1051 662 1162 696 esset,
1185 655 1254 690 nisi
1275 655 1429 703 frange-

319 722 450 752 rentur
461 727 551 765 opes
568 714 780 758 Gallorum,
797 715 841 751 de
857 727 895 751 se
911 728 1062 764 quoque
1082 730 1216 766 pauca,
1230 730 1299 754 nec
1318 718 1428 761 falsa,

320 791 390 814 nec
409 778 613 821 inmodica,
634 776 784 827 adjecit.
840 778 939 814 Laeti
966 779 1103 816 milites
1134 793 1217 816 cum
1244 780 1431 829 frequenti

321 842 480 878 adsensu
499 841 692 877 consulem
711 842 950 886 audiverunt,
971 850 1116 892 partem
1137 844 1271 879 virium
1292 845 1431 881 Antio-

274 915 278 918 ’
322 906 382 943 chi
402 905 516 942 fuisse
543 906 673 942 Gallos
700 906 916 951 credentes;
948 918 1036 954 rege
1067 915 1259 956 superato,
1285 908 1430 945 nullum

320 977 556 1006 momentum
593 971 628 1006 in
663 970 752 1006 solis
782 983 848 1020 per
880 982 919 1006 se
951 970 1148 1007 Gallorum
1180 973 1299 1021 copiis
1332 972 1430 1010 fore.

320 1034 533 1071 Eumenem
568 1034 671 1071 haud
707 1035 745 1070 in
774 1041 946 1084 tempore
983 1035 1114 1072 abesse
1151 1036 1303 1082 (Romae
1341 1044 1432 1074 tunc

323 1098 420 1144 erat)
452 1097 602 1133 credere
638 1097 784 1140 consul,
816 1110 975 1146 gnarum
1011 1097 1183 1134 locorum
1214 1099 1433 1136 hominum-

322 1173 409 1210 que,
431 1167 468 1197 et
487 1160 593 1211 cujus
618 1161 815 1197 interesset
836 1160 963 1210 frangi
982 1161 1180 1198 Gallorum
1201 1175 1304 1212 opes.
1359 1164 1432 1200 At-

322 1224 443 1261 talum
463 1226 577 1274 igitur
595 1225 750 1261 fratrem
773 1223 853 1275 ejus
881 1226 1037 1261 arcessit
1067 1239 1089 1262 a
1120 1226 1322 1274 Pergamo,
1343 1227 1433 1264 hor-

323 1295 499 1339 tatusque
519 1289 565 1326 ad
584 1290 850 1339 capessendum
870 1302 997 1326 secum
1014 1290 1168 1333 bellum,
1187 1290 1430 1341 pollicentem

324 1365 431 1390 suam
449 1366 676 1404 suorumque
696 1367 864 1405 operam,
885 1355 1038 1390 domum
1062 1355 1108 1390 ad
1135 1355 1432 1405 comparandum

323 1418 492 1455 dimittit.
534 1419 680 1455 Paucos
701 1426 790 1470 post
809 1420 886 1455 dies
908 1419 1080 1469 profecto
1101 1419 1147 1455 ab
1168 1419 1321 1469 Epheso
1341 1432 1434 1456 con-

324 1481 396 1517 suli
415 1483 462 1518 ad
481 1482 719 1531 Magnesiam
739 1483 907 1519 obcurrit
933 1484 1085 1519 Attalus
1104 1496 1188 1520 cum
1208 1476 1310 1519 mille
1329 1485 1434 1534 pedi-

324 1545 441 1589 tibus,
462 1547 650 1596 equitibus
671 1547 856 1590 ducentis,
877 1548 1065 1584 Athenaeo
1087 1548 1202 1584 fratre
1218 1547 1328 1598 jusso
1349 1561 1435 1585 cum

325 1611 459 1646 ceteris
476 1611 594 1661 copiis
611 1610 803 1660 subsequi,
818 1612 1082 1648 commendata
1097 1613 1140 1648 iis
1157 1612 1329 1648 custodia
1344 1612 1434 1648 Per-

325 1675 441 1723 gami,
463 1687 556 1723 quos
576 1674 684 1711 fratri
704 1687 895 1724 regnoque
916 1675 1009 1712 fidos
1030 1676 1218 1712 credebat.
1275 1675 1434 1719 Consul,

326 1737 555 1775 conlaudato
577 1738 733 1789 juvene,
757 1753 842 1776 cum
867 1740 1042 1776 omnibus
1070 1741 1188 1790 copiis
1214 1740 1261 1776 ad
1287 1739 1435 1776 Maean-

327 1801 435 1838 drum
464 1815 699 1852 progressus,
727 1810 851 1839 castra
876 1805 1017 1853 posuit,
1038 1804 1126 1852 quia
1146 1803 1242 1839 vado
1268 1804 1436 1853 superari

328 1866 448 1901 amnis
470 1878 546 1902 non
566 1873 730 1916 poterat,
754 1874 792 1902 et
818 1866 1086 1902 contrahendae
1115 1879 1227 1902 naves
1257 1874 1364 1902 erant
1390 1866 1438 1903 ad

135 1933 198 1982 Iter
213 1943 290 1964 con·
330 1930 537 1966 exercitum
552 1929 828 1979 trajiciendum.
871 1930 905 1966 T
909 1931 1114 1979 ransgressi
1135 1930 1371 1967 Maeandrum
1392 1930 1438 1967 ad

134 1977 223 2007 '¹²¹³'
330 1992 477 2029 Hieran
499 1993 644 2030 Comen
663 2001 925 2044 pervenerunt.

383 2057 501 2094 XIll.
531 2057 677 2093 Fanum
706 2057 758 2094 ibi
788 2064 989 2106 augustum
1018 2057 1208 2108 Apollinis
1238 2063 1275 2094 et
1304 2071 1438 2094 oracu-

329 2121 427 2157 lum:
461 2128 580 2157 sortes
605 2121 771 2158 versibus
803 2122 903 2158 haud
926 2122 1130 2158 inconditis
1149 2123 1237 2158 dare
1259 2129 1360 2158 vates
1381 2122 1438 2158 ‹li-

331 2191 478 2221 cuntur.
536 2185 640 2222 Hinc
665 2186 791 2222 alteris
821 2187 952 2222 castris
983 2187 1027 2222 ad
1056 2186 1272 2236 Harpasum
1299 2185 1438 2222 flumen

331 2255 484 2285 ventum
505 2255 583 2286 est:
617 2263 692 2299 quo
717 2250 834 2300 legati
860 2251 907 2287 ab
933 2250 1142 2287 Alabandis
1173 2257 1370 2291 venerunt,
1398 2255 1440 2285 ut

330 2312 540 2357 castellum,
561 2313 664 2364 quod
689 2313 735 2351 ab
756 2314 845 2365 ipsis
869 2326 989 2366 nuper
1007 2314 1202 2357 descisset,
1221 2319 1286 2350 aut
1305 2319 1437 2350 aucto-
