1546 2648
348 164 402 219 98
481 213 486 219 ,
804 177 850 209 r.
874 179 1007 210 mvn

154 276 244 308 uc,
262 266 509 310 553,alantur,
529 268 710 303 mitescere
716 283 729 311 ,·
757 269 793 303 in
813 268 997 306 hominum
1003 269 1160 319 feritate
1177 273 1366 310 mulcenda
1383 282 1455 313 non

153 321 194 350 A·
206 320 244 351 C·
263 327 335 354 ¹⁸9·
345 331 505 366 eamdem
523 334 691 366 naturam
709 342 791 367 esse.
838 332 1039 370 Eosdemne
1052 334 1114 370 hos
1130 337 1276 372 creditis
1289 348 1373 380 esse,
1393 338 1457 385 qui

339 398 466 442 patres
483 405 606 430 eorum
623 395 750 442 avique
757 393 915 442 fuerunt
927 398 948 432 ς)
974 402 1130 434 extorres
1148 401 1269 447 inopia
1283 411 1455 447 agrorum

338 457 498 506 profecti
516 458 621 494 domo
636 470 703 506 per
717 461 951 507 asperrimam
967 462 1107 509 Illyrici
1126 474 1246 507 oram,·
1267 464 1455 500 Poeoniam

340 522 426 558 inde
443 528 479 558 et
502 521 707 565 Thracium,
725 524 922 570 pugnando
941 536 1020 560 cum
1027 524 1265 574 ferocissimis
1275 526 1453 575 gentibus,

339 588 485 629 emensi,
515 586 579 622 has
611 591 723 622 terras
751 592 930 635 ceperunt.
986 588 1154 626 Duratos
1181 603 1237 627 eos
1265 596 1319 628 tot
1347 591 1455 628 malis

340 655 635 698 exasperatosque
654 651 790 698 accepit
811 655 919 693 terra,
940 664 1017 700 quae
1035 655 1140 701 copia
1158 666 1276 691 rerum
1295 656 1455 691 omnium

339 715 547 761 saginaret:
575 713 751 749 uberrimo
776 726 878 761 agro,
901 716 1085 752 mitissimo
1108 718 1206 760 coelo,
1226 718 1456 755 clementibus

340 778 551 814 adcolarum
567 779 726 825 ingeniis,
747 780 858 814 omnis
875 779 953 822 illa,
971 791 1049 816 cum
1066 793 1138 829 qua
1152 787 1332 825 venerant,
1351 794 1455 819 man-

339 841 505 890 suefacta
530 847 584 878 est
598 841 748 890 feritas.
809 843 924 886 Vobis,
951 844 1160 888 mehercule,
1190 846 1326 882 Martis
1353 848 1452 890 viris,

341 907 499 943 cavenda
516 906 748 955 acfitgienda
767 910 1031 956 quamprimum
1056 911 1242 946 amoenitas
1266 915 1318 946 est
1335 912 1454 947 Asiae:

341 975 483 1007 tantum
500 970 555 1007 hoe
570 972 768 1019 peregrinet²
786 972 987 1019 voluptates
1011 974 1061 1008 ad
1089 975 1379 1022 exstinguendum
1398 976 1451 1012 υἱ-

336 1048 459 1084 gorem
486 1037 687 1072 animorum
711 1042 879 1084 possunt3
909 1041 1047 1073 tantum
1069 1040 1235 1086 contagio
1253 1040 1454 1088 disciplinae

338 1102 514 1149 morisque
531 1101 740 1137 adcolarum
762 1101 868 1137 valet.
913 1101 995 1137 Hoc
1015 1107 1132 1138 tamen
1140 1102 1305 1151 feliciter
1322 1104 1453 1146 evenit,

339 1166 446 1213 quod,
475 1166 566 1200 sicut
592 1166 664 1201 vim
691 1165 858 1201 adversus
889 1177 948 1201 vos
976 1177 1213 1214 nequaquam,
1233 1168 1286 1203 ita
1302 1166 1451 1216 ⁹famam

338 1229 438 1276 apud
462 1227 602 1264 Graecos
615 1239 741 1276 parem
760 1228 817 1264 illi
835 1229 992 1276 antiq21ae
1016 1228 1186 1272 obtinent,
1207 1242 1287 1267 cum
1305 1243 1375 1279 qua
1394 1243 1453 1268 ce-

340 1297 494 1336 nerunt3
523 1292 675 1341 bellique
698 1293 856 1341 gloriam
885 1294 1033 1329 victores
1060 1295 1217 1330 eamdem
1237 1296 1328 1330 inter
1343 1296 1453 1332 socios

341 1357 523 1400 habebitis,
544 1370 653 1406 quam
669 1359 699 1394 si
717 1362 894 1394 servantes
913 1359 1101 1406 antiquum
1118 1359 1293 1408 specimen
1311 1360 1450 1396 animo-

340 1433 423 1457 rum
447 1421 572 1458 Gallos
589 1422 769 1458 vicissetls.

146 1500 310 1532 Galatiam
396 1486 551 1524 XVIII.
582 1486 779 1524 Concione
797 1486 964 1531 dimissa,
984 1487 1181 1536 missisque
1207 1487 1253 1524 ad
1272 1486 1450 1537 Eposog-

144 1544 330 1584 ingrediun-
344 1557 475 1588 natum
502 1550 652 1600 legatis,
681 1551 746 1600 qui
774 1563 869 1587 unus
898 1563 946 1587 ex
969 1550 1108 1600 regulis
1137 1559 1175 1586 et
1200 1551 1239 1587 in
1266 1550 1450 1588 Eumenis

147 1594 201 1661 ἓξ
212 1587 512 1653 Roma‘amicitia
539 1621 742 1658 manserat,
764 1621 803 1651 et
830 1621 1034 1664 negaverat
1051 1614 1247 1650 Antiocho
1275 1614 1450 1651 adversus
1499 1632 1503 1635 ·

344 1679 542 1717 Romanos
561 1677 716 1722 auxilia,
736 1685 860 1715 castra
878 1679 1019 1714 movit:
1051 1678 1174 1728 primo
1189 1678 1249 1714 die
1268 1677 1315 1714 ad
1329 1677 1448 1714 Alan-
1486 1679 1492 1683 ”

344 1745 451 1782 drum
477 1743 630 1787 flumen,
650 1748 804 1793 postero
829 1742 874 1778 ad
899 1742 1038 1785 vicum,
1058 1755 1169 1791 quem
1189 1749 1329 1779 vocant
1352 1742 1450 1792 Tys-

343 1821 432 1852 con,
452 1814 620 1845 ventum.
658 1806 719 1844 Eo
736 1805 854 1855 legati
874 1805 1179 1842 Oroandensium
1193 1818 1309 1856 quum
1327 1807 1450 1844 venis·

344 1880 443 1916 sent,
474 1872 894 1922 amicitiam-petentes,
923 1871 1087 1907 ducenta
1115 1869 1261 1907 talenta
1287 1871 1332 1907 iis
1364 1877 1453 1908 sunt

344 1938 530 1988 imperata
545 1952 555 1982 ς
588 1935 919 1986 precantibusque,
936 1942 978 1971 ut
995 1935 1151 1971 domum
1169 1935 1451 1979 renunciarent,

342 2008 513 2052 potestas
545 1999 660 2036 facta.
714 1998 865 2035 Ducere
893 1998 980 2036 inde
1009 1998 1214 2035 exercitum
1245 1997 1378 2035 consul
1405 1998 1452 2036 ad

345 2064 584 2102 Plitendum:
616 2063 750 2100 deinde
778 2063 826 2100 ad
844 2062 1021 2112 Alyattos
1048 2070 1171 2099 castra
1199 2063 1335 2113 posita.
1390 2061 1453 2100 Eo

343 2128 450 2165 missi
468 2127 515 2164 ad
533 2127 824 2177 Eposognatum
851 2126 1056 2169 redierunt,
1077 2134 1114 2162 et
1132 2125 1247 2174 legati
1268 2138 1353 2162 cum
1379 2125 1453 2163 illis

345 2191 466 2241 reguli
485 2198 651 2234 orantes,
667 2202 715 2226 ne
733 2189 956 2239 Tectosagis
976 2188 1117 2226 bellum
1136 2189 1315 2226 inferret:
1338 2191 1455 2239 ipsum

345 2257 384 2294 in
401 2267 479 2291 eam
495 2260 635 2303 gentem
664 2256 797 2290 iturum
819 2254 1101 2302 Eposognatum,
1120 2265 1453 2302 persuasurumque,
1503 2297 1506 2301 ⁵

346 2324 387 2356 ut
415 2321 591 2368 imperata
607 2318 772 2368 jaciant.
827 2317 931 2355 Data
949 2318 1059 2355 venia
1087 2316 1233 2367 regulo,
1253 2317 1340 2354 duci
1367 2317 1455 2355 inde
