1546 2648
326 167 412 210 422
444 168 490 197 T.
515 165 649 196 mvn
682 161 838 196 LIBER
859 164 1014 194 XLIII·
1047 164 1153 194 CAP.
1179 166 1335 195 xxln.

134 258 178 290 ‘U-
191 255 230 288 C·
243 261 316 288 ⁵83·
329 268 394 293 sua
412 256 453 292 in
472 253 617 291 insidiis
636 253 726 291 loco
744 253 907 290 obscuro
927 253 1120 289 consedit:
1144 253 1183 289 in
1201 253 1352 304 palatos
1368 267 1438 305 po-

136 301 227 333 A.C.
243 304 520 372 ¹⁶⁹·pulatores
541 331 655 368 quum
675 319 885 368 erupissent
905 317 952 354 ab
973 318 1191 366 Antigonea
1211 318 1360 362 armati,
1374 318 1438 355 fu-

328 384 475 433 gientes
495 395 559 420 eos
579 388 846 432 persequentes
867 382 1018 417 effusius
1039 383 1078 418 in
1096 381 1232 418 vallem
1257 382 1440 419 insessam

328 447 377 485 ab
395 447 569 484 hostibus
595 447 858 497 praecipitant:
890 445 944 482 ibi
973 447 1020 482 ad
1048 446 1150 482 mille
1179 447 1329 490 occisis,
1349 459 1439 483 cen-

327 519 408 549 tum
437 512 555 549 ferme
584 512 719 562 captis,
744 511 884 560 ubique
911 523 1091 562 prospere
1118 519 1223 560 gesta
1248 525 1302 555 re,
1322 524 1441 562 prope

320 576 467 613 'stativa
484 576 599 626 Appii
620 582 744 612 castra
763 581 933 618 movent,
948 588 997 611 ne
1012 588 1085 624 qua
1101 576 1155 611 vis
1173 577 1284 612 sociis
1301 576 1376 612 suis
1392 575 1440 612 ab

325 639 507 677 Romano
541 640 708 676 exercitu
740 638 871 674 inferri
899 641 1033 688 possit.
1089 641 1251 690 Appius,
1281 639 1440 688 nequid-

328 716 440 753 quam
460 704 500 739 in
517 703 576 738 his
597 701 690 738 locis
709 707 834 738 terens
855 710 1016 752 tempus,
1034 702 1196 738 dimissis
1217 703 1438 739 Chaonum-

327 779 415 816 que,
437 773 475 802 et
493 767 525 802 si
544 766 609 815 qui
628 765 692 802 alii
710 765 881 814 Epirotae
901 771 1024 809 erant,
1040 766 1237 816 praesidiis,
1255 779 1339 802 cum
1358 766 1438 804 Ita-

325 828 409 866 licis
436 828 618 865 militibus
644 829 684 865 in
710 828 904 878 Illyricum
923 842 1128 879 regressus,
1148 823 1215 880 p'er
1233 830 1439 867 Parthino-

326 906 410 930 rum
430 894 551 930 socias
572 892 682 929 urbes
709 893 748 929 in
774 893 933 929 hiberna
958 893 1141 930 militibus
1161 894 1337 936 dimissis,
1357 894 1438 944 ipse

327 956 494 994 Romam
514 957 687 994 sacrificii
706 970 839 993 caussa
856 959 979 996 rediit.
1034 958 1192 994 Perseus
1223 970 1270 994 ex
1295 957 1437 994 Penes-

327 1026 452 1057 tarum
478 1027 591 1069 gente
614 1019 716 1056 mille
735 1021 894 1070 pedites,
915 1021 1098 1057 ducentos
1119 1022 1262 1070 equites
1283 1033 1436 1057 revoca-

326 1089 403 1126 tos,
439 1082 719 1125 Cassandriam,
753 1084 929 1132 praesidio
960 1091 1002 1119 ut
1035 1090 1174 1127 essent,
1204 1084 1319 1120 misit.
1373 1083 1436 1120 Ab

327 1145 470 1181 Gentio
490 1145 618 1181 eadem
639 1145 849 1181 adferentes
869 1146 1079 1183 redierunt:
1102 1159 1171 1183 nec
1190 1146 1323 1182 deinde
1342 1146 1435 1183 alios

327 1213 442 1256 atque
460 1207 554 1244 alios
574 1208 761 1244 mittendo
779 1215 928 1245 tentare
947 1222 1032 1245 eum
1051 1210 1211 1253 destitit,
1231 1222 1346 1258 quum
1369 1210 1435 1246 ad-

325 1277 490 1320 pareret,
511 1278 693 1321 quantum
723 1273 762 1308 in
790 1285 836 1308 eo
865 1273 1027 1323 praesidii
1057 1279 1178 1319 esset,
1209 1286 1279 1310 nec
1306 1279 1435 1310 tamen

327 1336 518 1386 inpetrare
556 1337 604 1375 ab
635 1339 762 1374 animo
795 1346 937 1389 posset,
970 1346 1012 1376 ut
1047 1340 1249 1391 inpensam
1278 1340 1319 1377 in
1353 1350 1433 1378 rem

327 1401 483 1439 maxitni
502 1401 550 1439 ad
569 1402 698 1440 omnia
714 1403 899 1441 momenti
916 1403 1070 1441 faceret.
1100 1404 1124 1428 χ’
1144 1404 1169 1429 ³¹³
1191 1404 1215 1428 ἥ
1238 1406 1263 1430 ³*
