1546 2648
414 139 624 169 LIBno-R.
652 139 871 168 DEPERD.
1112 139 1198 186 573

87 229 198 267 Vesta:
216 233 354 268 occisus·
372 235 434 268 est.
488 232 671 268 Praeterea
700 231 831 267 bellum
851 243 874 267 a
894 232 937 268 L.
958 231 1113 270 Murena
1132 234 1200 270 ad-

80 305 200 335 versus
217 296 472 334 Mithridatem
491 297 529 332 in
543 297 634 332 Asia
652 299 860 331 renovatum
880 298 1047 334 continet,

509 390 767 429 LXXXVII.

85 453 274 509 SULLA
302 472 341 509 C.
363 474 540 516 Marium,
562 474 718 510 exercitu
744 470 819 519 ejus
835 471 927 522 fuso
950 473 1134 522 deletoque
1152 476 1202 512 ad

81 537 346 586 Sacriportum,
377 539 415 573 in
442 539 572 586 oppido
593 538 774 574 Praeneste
799 537 956 573 obsedit:
983 537 1104 574 urbem
1124 538 1201 575 Ro·

80 615 177 639 mam
196 615 240 639 ex
258 605 482 640 inimicorum
507 604 670 640 manibus
690 605 836 652 recepit.
894 604 1056 640 Marium
1082 616 1201 640 erum-

78 678 164 716 pere
194 672 387 704 tentantem
422 670 567 716 repulit.
627 669 809 705 Praeterea
838 680 892 704 res
911 680 934 704 a
956 669 1085 716 legatis
1113 667 1201 716 ejus,

81 731 206 784 eadem
226 732 353 781 ubique
369 730 529 780 fortuna
553 734 731 781 partium,
749 737 870 781 gestas
887 733 1056 770 continet.

503 832 781 870 LXXXVIII.

88 895 277 948 SULLA
307 912 517 955 Carbonem,
551 915 707 949 exercitu
736 911 810 959 ejus
826 911 919 961 fuso
947 913 997 948 ad
1028 911 1203 957 Clusium,

83 976 133 1011 ad
151 975 356 1012 Faventiam
374 977 646 1025 Fidentiamque
667 988 768 1018 coeso,
796 976 911 1012 Italia
935 976 1096 1024 expulit:
1125 987 1206 1012 cum

85 1038 320 1083 Samnitibus,
343 1042 404 1089 qui
427 1042 495 1076 soli-
521 1052 563 1076 ex
581 1041 721 1076 Italicis
746 1041 891 1089 populis
917 1041 1073 1077 nondum
1103 1051 1208 1075 arma

81 1110 292 1153 posuerant,
315 1104 425 1152 juxta
445 1106 562 1142 urbem
584 1105 788 1141 Romanam
819 1110 902 1141 ante
927 1110 1073 1153 portam
1095 1105 1208 1141 Colli-

85 1181 172 1204 nam
204 1170 420 1206 debellavit:
459 1175 741 1218 recuperataque
776 1169 972 1218 republica,
1002 1168 1208 1218 pulcherri-

85 1245 184 1269 mam
202 1236 387 1270 victoriam
409 1236 637 1277 crudelitate,
669 1239 804 1283 quanta
829 1236 866 1270 in
895 1235 996 1270 nullo
1025 1234 1208 1270 hominurn

77 1296 175 1346 ficit,
198 1300 411 1347 inquinavit.
471 1301 558 1335 Octo
584 1300 699 1335 millia
719 1300 921 1335 deditorum
942 1300 979 1334 in
1003 1299 1093 1334 villa
1118 1297 1209 1346 pub-

89 1362 160 1398 lica
180 1364 400 1399 trucidavit:
430 1363 589 1399 tabulam
614 1364 888 1411 proscriptionis
913 1364 1061 1410 posuit:
1090 1361 1212 1398 urbem

88 1437 131 1461 ac
157 1430 269 1462 totam
292 1427 439 1462 Italiam
466 1427 616 1463 caedibus
648 1428 822 1474 replevit:
852 1415 948 1461 inter
979 1437 1068 1474 quas
1093 1436 1214 1461 omnes

87 1486 327 1527 Praenestinos
345 1493 495 1527 inermes
517 1489 662 1541 concidi
674 1490 809 1537 jussit:
838 1491 1016 1532 Marium,
1040 1489 1213 1526 senatorii

89 1554 224 1589 ordinis
259 1556 390 1596 virum,
435 1541 594 1590 cruribus
629 1554 850 1602 brachiisque
881 1553 1034 1602 fractis,
1069 1553 1214 1589 auribus
1248 1541 1254 1546 κ

89 1619 279 1665 pra’sectis‘,
310 1623 344 1653 et
364 1619 496 1667 effossis
514 1619 636 1660 oculis,
661 1619 811 1653 necavit.
871 1616 910 1653 C.
931 1617 1088 1658 Marius,
1109 1616 1213 1652 Prae-

90 1672 187 1717 n‘este
211 1682 362 1718 obsessus
388 1696 410 1718 a
429 1682 600 1718 Lucretio
622 1681 756 1730 Ofella,
788 1681 1024 1717 Sullanarum
1049 1681 1214 1728 partium

89 1739 180 1788 v'iro,
201 1759 310 1794 quum
328 1759 392 1795 per
411 1747 614 1783 cuniculum
644 1750 810 1794 captaret
834 1746 996 1788 evadere,
1026 1749 1146 1792 septus
1169 1743 1214 1779 ab

92 1810 260 1853 exercitu,
281 1817 431 1848 mortem
450 1812 514 1847 sibi
533 1812 721 1847 conscivit:
741 1812 779 1846 id
798 1815 862 1853 est,
882 1811 919 1845 in
938 1810 1015 1857 ipso
1034 1808 1212 1850 cuniculo,

94 1886 202 1922 quum
225 1877 372 1911 sentiret
398 1887 434 1910 se
453 1876 600 1911 evadere
619 1887 687 1911 non
716 1886 830 1922 posse,
861 1885 941 1909 cum
959 1873 1092 1908 Pontio
1113 1873 1214 1908 Tele-

92 1938 183 1980 sino,
202 1938 309 1986 fitgae
328 1939 466 1981 comite,
480 1935 610 1975 'stricto
640 1940 817 1986 utrimque
840 1938 982 1985 gladio,
1008 1936 1217 1972 concurrit:

94 2014 196 2050 quem
223 2015 332 2050 quum
357 2004 551 2046 occidisset,
572 2004 646 2051 ipse
666 2004 808 2038 saucius
831 1995 1035 2049 inpetravit
1054 2012 1078 2036 a
1100 2001 1213 2042 servo,

95 2065 136 2103 ut
152 2080 188 2104 se
207 2070 392 2105 occideret.
835 2070 838 2075 '
872 2068 885 2076 ““
1072 2058 1078 2065 ’

471 2150 476 2153 -
532 2131 771 2169 LXXXIX.

98 2194 181 2247 M.
201 2212 417 2250 BRUTUS
444 2225 467 2248 a
493 2212 557 2248 Cn.
579 2197 732 2260 Papirio
755 2210 926 2253 Carbone,
950 2210 1009 2259 qui
1030 2209 1218 2245 Cossuram

101 2277 308 2326 adpulerat,
328 2278 450 2314 missus
467 2289 557 2315 nave
581 2274 777 2326 piscatoria
792 2275 1003 2324 Lilybaeum,
1030 2278 1070 2311 ut
1096 2272 1218 2322 expio·-
