1546 2648
421 148 576 177 LIBER
601 148 682 177 XL.
715 148 821 176 CAP.
844 150 887 176 L.
1120 150 1199 199 275

94 244 215 283 nerat,
236 239 282 275 ad
302 237 434 281 Alcen,
459 244 571 287 atque
591 250 673 274 eam
702 236 832 273 urbem
852 237 1072 287 obpugnare
1091 241 1198 277 insti·
1213 244 1255 274 U.
1272 244 1308 275 C.
1328 248 1403 282 ⁵73.

92 302 152 338 tit,
210 301 401 352 Oppidani
429 302 593 352 primum
620 302 792 352 inpetum
810 302 979 338 hostium
1009 305 1199 342 sustinue-
1210 287 1249 319 A*
1266 287 1304 319 C·
1322 293 1396 323 179·

92 372 203 402 runt:
236 366 381 409 deinde,
402 379 516 415 quum
529 364 613 415 jam
631 378 710 402 non
725 367 838 402 armis
858 366 986 409 modo,
1004 367 1069 403 sed
1085 369 1199 406 etiam

90 429 267 480 operibus
304 429 629 480 obpugnarentur,
660 429 769 466 diffisi
799 429 974 479 praesidio
1007 430 1124 475 urbis,
1160 434 1200 469 in

90 505 215 529 arcem
251 494 415 530 universi
454 500 745 530 concesserunt:
784 500 978 544 postremo
1016 502 1054 531 et
1096 497 1199 541 inde,

88 557 289 606 praemissis
319 557 548 600 oratoribus,
569 558 608 593 in
638 557 821 593 ditionem
850 570 890 593 se
910 570 1051 606 suaque
1070 561 1199 597 omnia

89 619 275 657 Romanis
312 621 574 671 permiserunt.
630 621 776 671 Magna
813 621 899 657 inde
934 622 1062 672 praeda
1096 623 1200 661 facta

91 689 169 721 est:
202 684 312 720 multi
332 685 469 734 captivi
498 685 645 721 nobiles
665 686 704 722 in
734 690 962 734 potestatem
988 694 1196 734 venerunt3

90 749 189 784 inter
208 761 301 798 quos
322 756 359 786 et
384 749 523 786 Thurri
543 749 609 786 filii
635 749 710 786 duo
740 755 778 785 et
796 749 885 786 filia.
940 749 1109 800 Regulus
1138 753 1201 789 hic

89 825 216 859 earum
247 814 417 862 gentium
451 820 544 857 erat,
575 813 688 862 longe
716 814 1001 863 potentissimus
1030 817 1201 854 omnium

92 877 367 926 Hispanorum.
409 878 553 913 Audita
566 890 719 913 suorum
733 877 851 920 clade,
865 878 1002 921 missis,
1013 880 1077 927 qui
1090 879 1201 916 fidem

90 942 255 990 venienti
275 942 313 978 in
335 948 458 978 castra
486 941 534 978 ad
554 941 770 977 Gracchum
794 947 983 991 peterent,
1003 944 1130 979 venit:
1163 949 1202 979 et

90 1006 251 1056 primum
271 1005 442 1054 quaesivit
462 1004 509 1040 ab
529 1017 589 1046 eo,
611 1017 654 1041 ne
671 1005 736 1041 sibi
756 1006 878 1041 liceret
903 1017 946 1040 ac
963 1007 1034 1042 suis
1052 1008 1202 1054 vivere?

90 1083 202 1121 quum
217 1077 356 1120 praetor
370 1071 544 1106 victurum
560 1069 839 1119 respondisset,
863 1070 1035 1118 quaesivit
1047 1070 1199 1114 iterum,

88 1136 118 1170 si
143 1147 221 1170 cum
241 1134 414 1170 Romanis
439 1135 597 1170 militare
617 1135 770 1170 liceret?
798 1134 835 1169 id
853 1146 1003 1182 quoque
1023 1133 1199 1171 Graccho

88 1198 343 1248 permittente,
363 1210 504 1246 sequar,
525 1198 662 1245 inquit,
682 1209 742 1232 vos
759 1198 924 1233 adversus
942 1202 1072 1233 veteres
1089 1200 1200 1234 socios

86 1273 193 1304 meos,
214 1263 379 1309 quoniam
400 1263 479 1297 illos
503 1262 552 1297 ad
570 1273 624 1296 me
641 1262 814 1309 propiunt
837 1262 1022 1308 suspicere.
1081 1261 1197 1297 Secu-

87 1334 146 1361 tus
167 1331 224 1360 est
240 1325 324 1361 inde
340 1324 553 1367 Romanos,
570 1324 735 1373 fortique
755 1337 798 1360 ac
814 1324 914 1360 fideli
934 1336 1050 1374 opera
1069 1324 1196 1361 multis

86 1389 178 1426 Iocis
198 1401 276 1425 rem
297 1388 512 1425 Romanam
533 1387 688 1438 adjuvit.

137 1452 184 1489 L.
213 1452 378 1501 Ergavia
392 1451 492 1494 inde,
507 1451 645 1487 nobilis
662 1457 700 1487 et
718 1458 854 1502 potens
872 1451 1018 1494 civitas,
1036 1451 1197 1488 aliorum

87 1517 186 1553 circa
203 1515 431 1566 populorum
447 1514 615 1551 cladibus
632 1515 777 1558 territa,
797 1521 927 1564 portas
947 1515 1094 1564 aperuit
1112 1514 1197 1551 Ro-

87 1581 220 1617 manis.
275 1580 374 1615 Eam
392 1579 623 1615 deditionem
643 1579 872 1629 oppidorum
897 1579 997 1615 haud
1017 1591 1105 1616 cum
1124 1579 1197 1616 fide

87 1645 240 1687 factam,
255 1643 406 1693 quidam
426 1649 597 1679 auctores
615 1651 703 1678 sunt
718 1657 725 1678 ε
759 1655 779 1678 e
792 1655 866 1692 qua
881 1643 1035 1691 regione
1052 1643 1196 1680 abdux-

88 1709 178 1744 isset
195 1707 380 1755 legiones,
401 1706 592 1756 extemplo
611 1706 698 1743 inde
726 1705 964 1749 rebellatum,
981 1718 1197 1755 magnoque
1243 1718 1249 1722 ‘

85 1784 171 1808 eum
189 1777 322 1820 postea
345 1769 482 1820 proelio
502 1770 547 1806 ad
577 1777 744 1806 montem
768 1770 967 1805 Chaunum
997 1782 1082 1806 cum
1108 1769 1196 1806 Cel-

85 1835 215 1871 tiberis
245 1848 268 1870 a
294 1835 416 1884 prima
442 1833 526 1870 luce
559 1835 606 1870 ad
635 1840 779 1870 sextam
811 1833 946 1870 horam
975 1833 1048 1870 diei
1077 1834 1195 1883 signis

87 1898 245 1936 conlatis
271 1910 482 1948 pugnasse,
515 1897 653 1934 multos
677 1899 864 1947 utrimque
893 1898 1094 1934 cecidisse:
1124 1910 1196 1935 nec

87 1963 187 2000 aliud
206 1974 449 2012 magnopere,
478 1974 526 1998 ne
544 1962 663 1998 victos
685 1963 868 2006 crederes,
888 1962 1022 1999 fecisse
1049 1961 1196 1999 Roma·

86 2039 172 2070 nos,
192 2026 265 2062 nisi
280 2025 381 2074 quod
396 2031 549 2076 postero
565 2025 624 2061 die
641 2025 874 2061 lacessierint
887 2024 1024 2074 proelio
1039 2037 1196 2062 manen-

88 2097 144 2128 tes
172 2090 271 2125 intra
290 2089 453 2136 vallum3
485 2089 607 2139 spolia
635 2101 702 2139 per
729 2095 853 2125 totum
882 2089 981 2126 diem
1008 2088 1193 2138 legerint:

88 2153 203 2190 tertio
222 2152 281 2188 die
299 2154 435 2202 proelio
458 2152 602 2204 majore
628 2154 764 2190 iterum
791 2159 1003 2204 pugnatum
1016 2168 1027 2198 3
1059 2159 1098 2189 et
1116 2159 1197 2190 tum

89 2218 239 2254 demum
256 2216 358 2254 haud
375 2217 487 2255 dubie
514 2218 634 2255 victos
656 2217 883 2262 Celtiberos,
915 2224 1112 2266 castraque
1132 2229 1198 2253 eo-

87 2293 170 2320 rum
190 2285 302 2332 capta
326 2289 364 2317 et
382 2281 528 2337 direpta
547 2294 640 2319 esse.
695 2281 845 2332 Viginti
865 2281 940 2319 duo
970 2280 1088 2319 millia
1106 2281 1197 2319 hos-

607 2344 647 2382 N
668 2345 689 2383 6
