1546 2648
289 212 346 268 58
476 220 481 227 ·
746 226 791 254 Τ.
818 209 952 256 ilvn

294 316 522 361 Tuditanus,
561 317 624 368 Sp.
662 315 881 354 Postumius
928 316 1107 362 Albinus,
1153 317 1201 356 L.
1234 318 1406 356 Plautius

295 380 500 431 HypsaeuS,
521 381 566 417 L.
587 380 741 417 Baebius
762 380 893 417 Dives,

105 452 146 482 U.
162 452 196 483 C.
211 457 284 485 563.
350 444 540 482 XLVIII.
582 445 640 482 M.
669 445 805 482 Fulvio
843 444 1045 482 Nobiliore
1081 452 1120 483 et
1157 447 1226 484 Cn.
1256 447 1407 485 Manlio

103 496 144 526 Α·
158 498 194 528 C·
212 503 284 529 189·
297 509 467 547 Vulsone
494 510 728 553 consulibus,
751 509 923 547 Valerius
943 511 1079 547 Antias
1100 518 1233 548 auctor
1252 519 1322 556 est,
1343 525 1407 548 ru-

296 587 440 611 morem
459 574 644 611 celebrem
664 573 798 610 Romae
815 573 944 617 fuisse,
961 581 998 610 et
1018 587 1112 624 pene
1132 588 1201 625 pro
1218 582 1322 612 certo
1338 577 1408 613 ha-

296 638 432 682 bitum,
449 639 651 689 recipiendi
672 638 859 688 Scipionis
881 638 1130 675 adolescentis
1152 653 1296 684 caussa,
1315 654 1408 678 con-

77 704 207 736 Rumor
222 716 273 737 va·
296 701 415 738 sulem
442 702 489 739 L.
511 702 741 752 Scipionem,
773 707 810 738 et
840 715 925 737 cum
954 714 1001 738 eo
1033 702 1076 739 P.
1097 703 1335 748 Africanum,
1366 706 1406 741 in

80 750 283 833 sssssszepicgf’
295 765 540 816 conloquium
569 771 747 801 evocatos
777 766 890 814 regiS,
915 772 953 801 et
982 765 1082 815 ipsos
1113 768 1408 817 comprehensos

78 835 183 867 nibus.
294 844 398 877 esse3
432 838 482 875 et,
513 829 670 867 ducibus
701 831 834 881 captis,
866 830 1067 867 confestim
1097 831 1143 868 ad
1172 838 1295 868 castra
1323 832 1406 869 Ro-

293 909 405 932 mana
425 895 632 931 exercitum
655 894 824 938 ductum,
847 907 965 944 eaque
991 903 1221 945 expugnata,
1241 902 1279 932 et
1305 896 1406 933 dele-

293 966 350 997 tas
371 973 501 997 omues
522 960 649 1009 copias
670 958 934 996 Romanorum
955 972 1048 996 csse.
1106 960 1167 996 Ob
1189 961 1269 997 haec
1288 961 1405 998 AEto-

293 1025 349 1062 los
377 1024 572 1061 sustulisse
597 1025 758 1067 animos,
780 1031 816 1060 et
846 1024 1024 1060 abnuisse
1053 1025 1238 1075 imperata
1264 1026 1403 1070 facere,

292 1090 557 1141 principesque
573 1101 703 1125 eorum
720 1089 757 1124 in
774 1088 1058 1131 Macedoniam,
1076 1096 1114 1125 et
1129 1091 1167 1126 in
1187 1080 1404 1136 Dardanos,

292 1161 331 1191 et
347 1156 384 1192 in
400 1155 620 1197 Thraciam,
637 1154 682 1190 ad
701 1154 946 1190 conducenda
966 1154 1136 1190 mercede
1157 1154 1297 1191 auxilia
1316 1169 1405 1206 pro-

291 1218 425 1256 fectos.
493 1219 589 1255 Haec
628 1219 691 1267 qui
726 1219 951 1254 nunciarent
983 1218 1163 1262 Romam,
1194 1220 1241 1256 A.
1262 1220 1406 1257 Teren-

292 1285 384 1320 tium
420 1284 632 1320 Varronem
670 1290 708 1319 et
739 1283 795 1320 M.
820 1283 1018 1320 Claudium
1057 1283 1244 1334 Lepidum
1277 1285 1323 1321 ab
1356 1286 1405 1322 A.

293 1349 473 1385 Cornelio
502 1355 736 1398 propraetore
756 1361 802 1384 ex
822 1348 970 1384 AEtolia
997 1349 1130 1384 missos
1158 1361 1249 1386 esse.
1307 1349 1405 1386 Sub-

290 1414 386 1449 texit
406 1412 540 1449 deinde
560 1411 698 1448 fabulae
726 1412 829 1455 huic,
850 1412 996 1461 legatos
1025 1412 1178 1449 Aitolos
1206 1414 1243 1449 in
1271 1421 1404 1450 senatu

290 1478 390 1514 inter
409 1485 531 1514 cetera
554 1477 626 1513 hoc
648 1490 797 1526 quoque
818 1478 1073 1526 interrogatos
1095 1490 1195 1522 esse5
1221 1478 1317 1514 unde
1337 1491 1404 1514 au-

288 1542 446 1584 dissent,
465 1543 711 1591 impcratores
730 1541 926 1577 Romanos
944 1543 980 1576 in
1002 1542 1093 1577 Asia
1109 1548 1240 1592 captos
1257 1542 1304 1578 ab
1320 1543 1402 1578 An-

288 1607 420 1642 tiocho
440 1619 540 1655 rege,
563 1612 600 1641 et
620 1606 828 1642 exercitum
848 1605 1012 1642 deletum
1034 1618 1137 1650 esse3
1170 1606 1324 1643 AEtolos
1344 1619 1402 1643 re-

288 1672 498 1721 spondisse,
520 1671 566 1707 ab
595 1671 670 1706 suis
698 1670 832 1720 legatis
861 1684 915 1713 se,
937 1671 1002 1719 qui
1030 1683 1115 1706 cum
1141 1670 1296 1707 consule
1322 1671 1402 1708 fue-

288 1738 378 1779 rint,
410 1736 588 1771 certiores
619 1735 753 1772 factos.
811 1735 992 1771 Rumoris
1024 1734 1134 1785 hujus
1165 1737 1253 1785 quia
1283 1738 1402 1773 nemi-

287 1813 374 1836 nem
392 1800 506 1836 alium
528 1808 722 1836 auctorem
740 1800 878 1843 habeo,
897 1813 1018 1848 neque
1034 1800 1228 1837 adfirmata
1244 1814 1301 1837 res
1320 1815 1402 1838 mea

288 1865 471 1915 opinione
492 1865 553 1907 sit,
577 1878 645 1901 nec
666 1878 734 1915 pro
755 1878 849 1901 vana
870 1865 1132 1914 praetermissa.

73 1942 178 1980 Legati
341 1929 494 1965 XLIX.
515 1929 639 1965 AEtoli
661 1929 777 1978 legati
798 1930 833 1965 in
855 1937 1025 1965 senatum
1049 1929 1269 1972 introducti,
1287 1943 1402 1980 quum

71 1985 276 2058 ἷξὲἒὲωὲἐᾶ
288 2001 323 2031 et
345 2007 476 2030 caussa
497 2007 562 2030 cos
583 2007 648 2030 sua
669 2000 707 2030 et
724 1993 879 2030 fortuna
901 1994 1130 2038 hortaretur,
1154 2001 1192 2030 ut
1217 1995 1403 2032 confiten-

71 2039 217 2103 dimissis)
287 2060 336 2095 do
364 2072 428 2095 seu
456 2071 532 2095 suae
559 2058 678 2108 culpae
706 2071 771 2094 seu
798 2060 915 2095 errori
941 2060 1086 2095 veniam
1114 2066 1286 2108 peterent
1313 2073 1402 2111 sup-

286 2123 422 2173 plices3
470 2123 544 2158 orsi
574 2136 596 2159 a
626 2122 817 2159 benefic-iis
850 2124 884 2159 in
908 2123 1088 2173 populum
1109 2123 1342 2165 Romanum,
1365 2133 1404 2162 et

285 2200 404 2238 prope
424 2186 696 2236 exprobrantes
714 2187 889 2222 virtutem
911 2200 1016 2223 suam
1038 2189 1074 2224 in
1098 2187 1262 2238 Philippi
1283 2188 1399 2233 bello,

285 2259 324 2288 et
343 2251 597 2288 obfendernnt
618 2263 724 2287 aures
747 2251 949 2287 insolentia
969 2253 1176 2298 sermonis3
1202 2259 1240 2288 et
1259 2266 1318 2297 co,
1336 2267 1398 2290 ve·

285 2324 366 2353 tera
399 2323 437 2353 et
470 2315 674 2353 obliterata
706 2316 927 2366 repetendo,
962 2329 1041 2354 rem
1075 2317 1326 2362 adduxerunt,
1358 2324 1401 2355 ut
