1546 2648
329 148 484 179 LIBER
509 146 713 176 xxxvn.
748 145 855 175 CAP.
875 146 996 175 X111.
1166 141 1214 186 17

105 246 185 276 tum
210 238 403 287 ingentem
422 237 536 274 fecit:
568 249 671 280 nam,
692 235 1005 288 praetervnavium
1035 233 1216 271 militum-
1230 239 1272 269 U.
1287 239 1324 271 C.
1342 244 1418 271 5⁶2.

106 315 178 351 que
189 301 396 352 jacturam,
414 301 516 351 qnod
534 301 652 344 floris,
673 300 775 349 quod
795 299 944 336 roboris
965 298 1218 348 injuventute
1230 284 1270 314 Α·
1286 283 1323 314 C·
1344 289 1418 316 190·

106 365 244 410 fuerat,
261 367 466 402 amiserant
479 382 490 411 5
523 364 651 401 multis
671 363 864 400 nobilibus
885 364 1022 399 secutis
1039 363 1138 399 inter
1157 375 1220 399 ce·

106 437 188 466 tera
206 431 475 466 auctoritatem
491 429 732 472 Pausistrati,
753 441 836 478 quae
855 429 956 464 inter
975 439 1062 463 suos
1083 428 1219 463 merito

104 493 270 529 maxima
299 500 402 529 erat:
445 492 594 536 deinde,
621 492 725 542 quod
755 491 888 529 fraude
921 491 1037 541 capti,
1071 490 1175 540 quod
1199 490 1392 527 aDeinira·

105 557 187 593 cive
219 558 459 607 potissimum
492 570 561 593 suo
582 556 724 600 forent,
755 556 796 592 in
825 556 920 592 iram
947 554 1070 591 luctus
1096 555 1222 593 vertit.

104 620 250 657 Decem
270 620 461 672 extemplo
481 634 610 664 naves,
631 628 670 657 et
689 620 821 657 diebus
841 625 929 670 post
948 619 1077 670 paucis
1092 619 1223 656 decem

107 685 215 728 alias,
236 686 417 736 praefecto
441 687 613 722 omnium
637 685 829 729 Eudamo,
854 684 1061 721 miserunt:
1094 696 1223 732 quem,

108 749 190 786 aliis
210 750 414 787 virtutibus
429 749 575 787 bellicis
594 749 888 800 haudquaquam
903 749 1142 785 Pausistrato
1154 760 1223 799 pa·-

107 825 200 855 rem,
223 814 446 858 cautiorem,
467 826 544 863 quo
569 813 693 849 minus
716 813 833 850 animi
852 820 946 856 erat,
968 812 1101 849 ducem
1119 811 1225 849 futu-

107 884 191 912 rum
211 876 428 914 credebant.
484 877 655 914 Romani
684 884 723 914 et
742 877 933 914 Eumenes
962 888 1028 912 rex
1055 877 1093 912 in
1125 876 1226 925 Ery-

107 943 265 979 thraeam
295 944 456 994 primum
489 943 648 981 classem
673 943 961 994 adplicuerunt:
994 942 1047 979 ibi
1073 947 1228 978 noctem

109 1020 224 1044 unam
254 1009 407 1052 morati,
434 1015 590 1059 postero
620 1009 681 1045 die
707 1009 901 1058 Corycum
922 1007 1105 1045 Teiorum
1137 1017 1227 1056 pro-

109 1073 344 1118 montorium
366 1075 569 1110 tenuerunt
585 1087 608 1109 :—
625 1073 714 1109 inde
743 1085 859 1122 quum
884 1073 924 1108 in
956 1071 1133 1123 proxima
1159 1069 1229 1106 Sa-

112 1136 198 1173 miae
220 1136 361 1173 vellent
386 1137 575 1187 trajicere,
595 1150 673 1173 non
695 1143 916 1187 exspectato
943 1136 1033 1172 solis
1060 1141 1161 1178 ortu,
1183 1146 1232 1170 ex

113 1212 188 1248 quo
222 1206 364 1237 statum
397 1201 484 1237 coeli
514 1207 646 1237 notare
679 1201 953 1249 gubernatores
987 1205 1158 1251 possent,
1189 1198 1232 1234 in

110 1263 295 1300 incertam
324 1270 591 1314 tempestatem
617 1265 813 1301 miserunt.
868 1263 1001 1300 Medio
1035 1264 1074 1298 in
1105 1273 1230 1306 cursu,

113 1328 290 1377 aquilone
320 1330 359 1364 in
389 1329 688 1379 septentrionem
714 1341 838 1373 verso,
860 1334 1084 1379 exasperato
1107 1326 1235 1363 flucti-

114 1392 184 1430 bus
206 1396 299 1431 mari
312 1394 453 1445 jactari
471 1403 681 1446 coeperunt.

167 1458 286 1495 XIII.
316 1459 583 1509 PolyxenidaS‚
599 1461 751 1496 Samum
766 1460 951 1510 petituros
969 1464 1072 1495 ratus
1085 1458 1233 1500 hostes,

115 1528 158 1558 ut
187 1535 226 1558 se
257 1522 420 1560 Rhodiae
448 1523 556 1560 classi
585 1523 878 1574 conjungerent,
902 1522 948 1559 ab
968 1522 1125 1572 Epheso
1144 1533 1234 1570 pro-

114 1586 251 1630 fectus,
283 1588 406 1636 primo
429 1588 476 1624 ad
503 1588 762 1637 Myonnesum
791 1588 920 1623 stetit:
954 1586 1041 1622 inde
1070 1585 1118 1621 ad
1145 1584 1234 1621 Ma-

117 1651 198 1686 crin
231 1652 361 1700 (quam
381 1653 537 1699 vocant)
570 1651 733 1687 insulam
764 1650 928 1700 trajecit,
960 1656 1002 1686 ut
1031 1656 1235 1700 praeterve-

115 1714 240 1751 hentis
274 1714 403 1751 classis
434 1715 466 1750 si
488 1727 578 1764 quas
609 1715 828 1751 aberrantes
860 1727 906 1750 ex
939 1714 1091 1762 agmine
1118 1724 1238 1748 naves

119 1784 262 1828 posset,
283 1786 349 1814 aut
368 1785 602 1829 postremum
623 1791 757 1827 agmen
775 1785 990 1828 opportune
1011 1777 1237 1813 adoriretur.

119 1842 328 1892 Postquam
354 1856 522 1893 sparsam
553 1850 779 1894 tempestate
810 1842 967 1878 classem
994 1841 1102 1884 vidit,
1124 1852 1236 1876 occa-

119 1907 265 1944 sionem
292 1908 414 1957 primo
434 1908 678 1957 adgrediendi
701 1916 818 1949 ratus,
845 1906 975 1957 paullo
1001 1913 1088 1956 post
1113 1906 1237 1941 incre-

119 1970 317 2007 brescente
346 1978 475 2015 vento,
504 1982 542 2008 et
571 1971 734 2022 majores
763 1971 846 2021 jam
880 1970 1055 2006 volvente
1084 1969 1237 2009 fluctus,

104 2035 211 2084 ⁴quia
228 2038 424 2086 pervenire
444 2049 484 2072 se
503 2037 551 2073 ad
574 2049 637 2072 eos
667 2035 820 2072 videbat
844 2047 922 2071 non
953 2046 1078 2083 posse,
1100 2034 1147 2069 ad
1165 2032 1238 2068 AE-

120 2098 278 2136 thaliam
299 2101 459 2137 insulam
480 2100 644 2151 trajecit,
663 2107 705 2136 ut
723 2101 810 2137 inde
830 2105 984 2150 postero
1005 2098 1065 2133 die
1086 2098 1241 2133 Samum

124 2175 172 2200 ex
190 2163 267 2200 alto
287 2170 460 2214 petentes
481 2177 594 2201 naves
615 2163 897 2213 adgrederetur.
953 2161 1137 2203 Romani,
1154 2173 1240 2210 pars

123 2227 274 2275 exigua,
295 2229 424 2279 primis
451 2229 617 2265 tenebris
642 2235 796 2280 portum
821 2228 956 2264 Samiae
976 2227 1164 2263 desertum
1185 2229 1241 2260 te-

124 2300 312 2328 nuerunt:
345 2291 474 2330 classis
502 2299 641 2337 cetera,
662 2298 814 2330 noctem
836 2297 959 2329 totam
986 2291 1026 2327 in
1055 2288 1132 2326 alto
1156 2286 1243 2339 jac-
