1546 2648
130 253 173 284 U.
186 254 222 285 C.
237 262 312 288 584.

126 296 167 327 A.
181 297 218 328 C.
239 302 308 331 168.

99 1152 228 1184 Perseus
243 1153 284 1184 ri-

98 1205 175 1235 pam
189 1197 300 1237 Enipei

100 1246 218 1271 munit.

322 146 407 199 462
779 159 825 188 T.
848 160 981 189 mvn

323 246 481 284 Perseus
501 259 651 297 quoque
680 247 719 283 in
739 260 878 298 magno
904 255 1047 286 terrore
1077 255 1171 292 erat,
1191 256 1344 300 propter
1364 249 1429 286 ad·

323 317 477 348 ventum
507 310 617 347 simul
635 310 783 348 AEmilii
803 313 893 348 novi
921 312 1100 357 consulis,
1132 325 1242 363 quem
1267 325 1351 349 cum
1370 312 1427 349 in-

320 374 496 424 gentibus
530 375 640 419 minis
674 375 875 412 adventare
908 376 1098 420 audiebat,
1133 376 1244 414 simul
1277 376 1428 413 Octavii

317 439 504 489 praetoris.
559 439 644 475 Nec
672 440 795 476 minus
825 441 978 478 terroris
1009 454 1031 478 a
1057 440 1175 478 classe
1193 440 1372 477 Romana
1391 446 1429 477 et

315 502 486 554 periculo
525 503 723 540 maritimae
768 517 844 541 01·ae
891 504 1070 543 habebat.
1146 504 1428 542 Thessalonicae

316 567 506 604 Eumenes
526 573 564 604 et
582 568 848 617 Athenagoras
868 576 1057 619 praeerant
1086 582 1171 606 cum
1195 582 1312 620 parvo
1330 581 1427 619 prae-

317 633 414 669 sidio
444 633 603 669 duorum
631 632 791 670 millium
820 640 1074 672 caetratorum.
1127 634 1190 671 Eo
1220 641 1259 671 et
1276 634 1429 671 Andro-

316 696 412 733 clem
431 696 650 748 praefectum
676 697 809 741 mittit,
832 696 983 748 jussum
1013 697 1082 734 sub
1111 698 1202 749 ipsis
1232 696 1428 734 navalibus

315 766 440 798 castra
457 760 612 798 habere.
667 760 825 798 AEniam
841 761 944 798 mille
963 762 1106 811 equites
1127 774 1212 798 cum
1226 761 1427 814 AntIgono

315 824 420 861 misit
438 825 483 862 ad
498 825 706 862 tutandam
719 825 949 862 maritimam
968 838 1074 862 oram
1090 841 1097 862 ε
1119 833 1172 869 ut,
1191 836 1428 875 quocumque

314 888 428 925 litore
446 888 672 939 adplicuisse
691 901 805 926 naves
825 889 993 926 hostium
1014 889 1220 933 audissent,
1234 887 1425 939 extemplo

314 952 458 991 ferrent
487 952 698 1002 agrestibus
729 966 864 1004 opem:
896 954 1063 1003 quinque
1095 952 1214 990 millia
1241 952 1427 989 Macedo·-

313 1028 404 1053 num
430 1018 545 1054 missa
574 1017 621 1054 ad
645 1017 861 1068 praesidium
890 1017 1020 1067 Pythii
1053 1023 1091 1053 et
1123 1017 1261 1060 Petrae,
1291 1015 1426 1066 quibus

312 1081 508 1132 praepositi
539 1086 648 1117 erant
680 1081 880 1124 Histiaeus,
910 1087 949 1117 et
980 1079 1221 1128 TheogeneS,
1248 1085 1287 1116 et
1313 1078 1426 1116 Milo.

315 1142 388 1180 His
421 1143 618 1194 profectiS,
652 1144 775 1194 ripam
810 1144 958 1180 munire
993 1143 1133 1195 Enipei
1167 1142 1332 1180 fluminis
1362 1142 1428 1180 ad-

313 1219 462 1257 gressus
482 1214 554 1252 est,
574 1208 663 1258 quia
682 1209 783 1245 sicco
802 1208 910 1245 alveo
930 1208 1081 1245 transiri
1101 1213 1264 1259 poterat.
1320 1205 1426 1244 Huic

312 1278 355 1308 ut
380 1273 503 1308 omnis
529 1272 734 1310 multitudo
760 1272 925 1317 vacaret,
952 1273 1118 1317 feminae,
1139 1285 1186 1310 ex
1201 1270 1423 1323 propinquis

312 1335 468 1373 urbibus
489 1342 646 1381 coactae,
673 1336 815 1374 cibaria
833 1338 872 1374 in
893 1344 1016 1374 castra
1038 1335 1259 1374 adferebant
1278 1350 1286 1372 ;
1317 1333 1424 1372 miles

309 1398 434 1450 jussus
454 1413 502 1438 ex
519 1401 743 1452 propinquis
762 1401 864 1438 silvis

571 1465 596 1488 ἦε
762 1466 787 1489 ῆι·
952 1466 975 1489 a*
1141 1466 1166 1490 δε

364 1526 570 1566 XXXIII.
613 1529 639 1553 ’ᾖ
657 1528 679 1551 ἃ
698 1530 735 1566 κ’.
777 1535 971 1579 postremo
1001 1528 1108 1578 sequi
1137 1540 1178 1565 se
1197 1527 1358 1564 utrarios
1378 1526 1425 1563 ad

311 1603 430 1636 mare,
456 1592 559 1642 quod
587 1592 712 1630 minus
741 1599 930 1630 trecentos
959 1605 1092 1644 passus
1126 1592 1270 1636 aberat,
1293 1590 1425 1642 jussit,

313 1662 351 1693 et
378 1657 417 1692 in
449 1655 563 1694 litore
590 1656 684 1694 alios
715 1657 806 1694 alibi
837 1657 995 1694 modicis
1029 1655 1236 1694 intervallis
1265 1655 1421 1693 fodere:

310 1727 460 1757 montes
479 1721 644 1771 ingentis
661 1721 871 1759 altitudinis
891 1735 996 1773 spem
1010 1721 1217 1764 faciebant,
1238 1733 1284 1757 eo
1303 1719 1423 1768 magis

312 1786 400 1835 quia
418 1785 543 1823 nullos
562 1794 712 1837 apertos
733 1793 953 1836 evergerent
975 1787 1090 1829 rivos,
1110 1785 1279 1822 occultos
1300 1784 1425 1820 conti-

310 1862 401 1886 nere
436 1849 581 1894 latices,
612 1864 772 1900 quorum
805 1863 910 1887 venae
947 1852 986 1902 in
1019 1863 1122 1887 mare
1158 1854 1423 1901 permanantes

309 1915 420 1953 undae
438 1916 698 1954 miscerentur.
755 1917 830 1954 Vix
849 1917 1008 1954 deducta
1027 1929 1174 1953 summa
1193 1926 1307 1951 arena
1326 1918 1420 1956 erat,

307 1992 425 2030 quum
445 1982 693 2030 scaturigines
712 1982 874 2019 turbidae
893 1982 1016 2033 primo
1036 1987 1074 2017 et
1091 1987 1224 2018 tenues
1247 1978 1421 2020 emicare,

309 2044 395 2080 dein
442 2043 622 2094 liquidam
669 2045 902 2095 multamque
936 2045 1093 2082 fundere
1130 2055 1281 2093 aquam,
1318 2040 1422 2078 velut

308 2107 437 2145 Deum
456 2109 570 2153 done,
592 2116 801 2160 coeperunt.
857 2110 1107 2160 Aliquantum
1127 2121 1171 2145 ea
1193 2118 1344 2157 quoque
1362 2117 1420 2142 res

308 2173 392 2210 duci
411 2173 521 2210 famae
544 2180 582 2209 et
601 2176 839 2212 auctoritatis
861 2175 958 2226 apud
975 2174 1114 2210 milites
1134 2171 1284 2222 adjecit.
1331 2169 1421 2206 Jus-

307 2238 357 2274 sis
378 2239 511 2276 deinde
526 2240 708 2278 militibus
729 2239 905 2290 expedire
924 2252 1042 2282 arma,
1059 2239 1139 2289 ipse
1155 2248 1240 2274 cum
1256 2234 1417 2272 tribunis

307 2302 511 2355 primisque
543 2304 738 2343 ordinibus
761 2304 864 2342 vadit
895 2304 941 2343 ad
969 2300 1277 2356 contemplandos
1299 2305 1421 2336 trans-
