1546 2648
360 176 445 237 506
647 165 650 172 ‘
806 186 853 214 T.
881 185 1013 215 mvn

168 287 209 318 U.
222 286 259 317 c.
274 280 467 328 ⁵8⁵.quod,
498 290 607 328 quum
632 278 681 315 ad
710 277 860 315 Samum
887 289 1057 327 magnam
1083 282 1221 326 partem
1241 282 1383 318 navium
1402 285 1471 321 ad·

164 329 256 361 ‘³¹0‘
277 335 459 380 ¹⁶⁷·versa
483 353 611 392 pugna
629 346 664 378 et
691 343 871 390 egregiam
890 340 1115 388 juventutem
1149 344 1397 389 amisissemus,
1425 359 1471 384 ne

357 411 461 444 tanta
488 406 630 455 quidem
663 406 765 442 clade
794 406 923 447 territi,
952 406 1080 441 iterum
1108 407 1187 442 ausi
1214 419 1333 444 sumus
1362 411 1470 457 regioe

356 471 458 508 classi
476 483 519 507 e:c
537 470 648 519 Syria
666 470 819 506 venienti
835 471 971 506 obviam
990 471 1054 506 ire.
1093 471 1182 507 Haec
1198 483 1269 508 non
1285 473 1471 521 gloriandi

352 549 479 574 caussa
495 537 616 579 retuli,
640 537 768 585 (neque
785 537 877 572 enim
896 547 938 571 ea
964 547 1059 572 nunc
1077 541 1198 573 nostra
1217 543 1268 574 est
1287 538 1465 587 fortuna)

350 603 414 639 sed
431 607 471 639 ut
489 603 730 645 admonerem,
745 600 1042 649 quemadmodum
1061 599 1236 647 adjuvare
1251 605 1363 640 socios
1377 605 1469 642 sole·

350 671 431 703 rent
451 666 599 702 Rhodii.

404 728 566 767 XXIII.
601 729 769 770 Proemia,
784 727 957 776 Philippo
972 732 1007 764 et
1019 728 1196 765 Antiocho
1213 730 1372 774 devictis,
1385 745 1465 769 am·
1495 714 1510 724 ³

345 796 511 845 piissima
539 795 738 844 accepimus
759 806 782 830 a
801 793 907 830 vobis.
963 793 1018 835 Si,
1044 806 1121 842 qua:
1148 799 1264 831 vestra
1292 808 1384 834 nunc
1413 803 1465 835 ωε

337 859 499 909 fortuua
517 857 641 895 Deam
659 857 877 906 benignitate
906 861 942 893 et
970 858 1103 893 virtute
1125 863 1255 901 vestra,
1275 871 1318 896 ea
1341 861 1466 898 Persei

337 923 488 973 fuisset,
509 927 544 959 et
567 922 721 972 praemia
735 922 891 970 petitum
911 921 960 957 ad
984 922 1151 957 victorem
1181 934 1299 970 regem
1315 925 1465 961 venisse·

347 999 424 1024 mus
442 988 479 1024 in
498 986 768 1028 Macedoniam,
799 985 886 1033 quid
915 985 1057 1020 tandem
1090 985 1316 1022 diceremus?
1347 988 1462 1025 Pecu-

344 1053 453 1088 niune
480 1063 503 1087 a
530 1050 627 1086 uobis
645 1047 825 1095 adjutum,
852 1060 898 1084 au
917 1047 1141 1097 frumento?
1171 1050 1316 1086 auxiliis
1333 1056 1462 1089 ter-res-

346 1116 470 1157 tribus,
483 1127 530 1151 an
549 1114 736 1151 navalibus
748 1115 770 1149 .9
787 1113 882 1162 quod
900 1113 1106 1161 praesidium
1123 1115 1274 1150 tenuisse
1287 1118 1381 1152 nos?
1400 1117 1461 1154 ubi

344 1191 522 1229 pugnasse
541 1183 606 1215 aut
622 1177 683 1214 sub
704 1178 803 1213 illius
828 1176 987 1218 ducibus,
1009 1181 1073 1212 aut
1097 1188 1165 1225 per
1182 1189 1247 1214 nos
1265 1179 1392 1227 ipsos?
1417 1181 1461 1218 Si

347 1247 531 1293 quoereret,
552 1242 610 1278 ubi
629 1242 730 1277 miles
747 1245 880 1282 noster,
902 1240 960 1276 ubi
978 1242 1080 1277 navis
1097 1242 1192 1277 intra
1205 1244 1376 1290 presidia
1392 1256 1458 1280 sua

333 1308 495 1359 fuisset;
538 1307 624 1357 quid
656 1307 944 1355 responderemus
957 1307 981 1341 ,θ
1011 1305 1182 1342 Caussam
1207 1306 1370 1356 fortasse
1401 1310 1460 1346 di·

343 1384 500 1410 ceremus
528 1371 629 1420 apud
660 1371 843 1413 victorem,
864 1371 1164 1419 quemadmodum
1195 1373 1296 1420 apud
1320 1384 1382 1410 tos
1399 1374 1458 1410 di-

343 1438 465 1472 cimus.
522 1435 604 1471 Hoc
632 1435 726 1470 euim
757 1435 891 1481 legatos
923 1438 1074 1481 utroque
1099 1435 1144 1470 de
1167 1447 1259 1482 pace
1285 1438 1456 1474 mittendo

341 1502 514 1537 consecuti
542 1510 673 1540 sumus,
696 1502 736 1534 ut
763 1509 808 1534 ne
833 1497 876 1533 ab
900 1502 1050 1545 utraque
1076 1503 1182 1546 parte
1206 1501 1364 1547 gratiam
1385 1502 1455 1537 iui-

338 1576 478 1606 remus;
517 1563 561 1599 ab
593 1563 712 1598 altera
744 1562 851 1597 etiam
885 1563 1017 1597 crimen
1056 1566 1091 1598 et
1114 1563 1325 1613 ‚periculum
1355 1570 1453 1601 esset.

339 1629 567 1676 Quamquam
594 1627 745 1663 Perseus
773 1637 852 1662 rere
882 1623 1059 1671 objiceret,
1098 1626 1135 1662 iel
1167 1627 1264 1675 quod
1292 1639 1354 1664 vos
1381 1640 1452 1665 non

335 1695 495 1743 potestis,
519 1692 648 1728 Patres
681 1691 886 1738 conscripti,
912 1702 975 1726 nos
1000 1691 1178 1739 principio
1210 1691 1294 1728 belli
1322 1694 1455 1730 misisse

336 1758 384 1793 ad
402 1769 462 1793 vos
481 1757 629 1804 legatos,
650 1757 710 1804 qui
737 1756 993 1804 pollicerentur
1012 1755 1118 1798 robis,
1153 1767 1231 1804 quae
1256 1757 1305 1793 ad
1321 1757 1452 1794 belhem

334 1833 421 1870 opus
448 1824 586 1862 esseut,·
613 1819 813 1860 navalibus,
835 1820 957 1861 armis,
978 1817 1169 1865 juventute
1194 1824 1329 1863 nostra,
1357 1821 1451 1858 sicut

332 1884 508 1933 prioribus
527 1883 638 1925 bellis,
660 1884 710 1918 ad
738 1884 857 1918 onmia
891 1887 1043 1930 paratos
1059 1882 1158 1931 fore.
1214 1884 1273 1920 Ne
1296 1890 1447 1933 praesta-

333 1961 460 1990 remus,
489 1960 554 1997 per
581 1959 641 1983 vos
658 1948 770 1989 stetit,
801 1948 863 1996 qui
894 1948 939 1983 de
967 1959 1189 1996 quacumque
1215 1960 1340 1985 caussa
1372 1954 1447 1986 tum

331 2014 540 2062 adsperuati
560 2017 681 2048 nostra
710 2012 849 2048 σιω-ΗΜ
868 2013 959 2048 estis.
1019 2012 1143 2060 Neque
1159 2011 1319 2061 jecimus
1336 2015 1448 2061 igitur

330 2079 525 2126 quidquam
555 2081 741 2125 tamquam
771 2076 897 2118 hostes,
930 2087 1042 2123 neque
1071 2076 1241 2112 bonorum
1268 2079 1444 2114 sociorum

329 2140 508 2190 defuimus
525 2141 643 2189 officio
658 2157 670 2184 ,-
698 2142 760 2177 sed
796 2153 820 2177 a
851 2141 945 2177 cobis
968 2140 1141 2189 prohibiti
1170 2146 1342 2189 praesewe
1357 2141 1445 2191 fui-

306 2217 414 2241 rmus.
473 2204 569 2245 Quid
598 2205 741 2252 igitur?
770 2204 907 2240 nihilne
922 2203 1070 2252 factum
1100 2215 1210 2252 neque
1237 2205 1371 2242 dictum
1391 2211 1444 2242 est

326 2272 361 2305 iu
392 2269 538 2304 civitate
566 2272 697 2309 vestra,
720 2267 868 2310 Rhodii,
902 2269 997 2316 quod
1025 2269 1182 2311 nolletis,
1215 2281 1285 2318 quo
1312 2271 1440 2306 merito

323 2333 561 2382 offenderemr
586 2333 744 2381 populus
766 2332 985 2369 Romanus?
1012 2332 1111 2370 Hinc
1129 2331 1211 2380 jam
1238 2345 1324 2377 non,
1343 2335 1439 2382 quod
