1546 2648
317 193 405 247 484
773 206 822 236 Τ.
847 206 984 237 mvn

121 299 166 330 υ.
181 299 219 330 c.
237 304 309 332 584.
322 297 584 346 portunitatem
602 296 764 334 dedisset.
821 296 918 335 Haec
937 297 985 335 ab
1004 296 1160 336 Rhodio
1185 299 1298 339 dicta.
1352 300 1432 339 Re-

125 343 166 374 Α·
183 343 221 375 C‘
240 348 311 375 ¹⁶⁸⁸
324 374 507 414 sponsum
538 361 586 399 ab
623 368 758 399 senatu
790 373 885 407 esse,
924 363 1086 401 Rhodios
1119 377 1183 403 nec
1217 367 1435 404 utilitatium

329 428 489 471 Graeciae,
522 438 633 476 neque
658 439 747 463 cura
773 428 1002 477 inpensarum
1029 430 1156 478 populi
1185 429 1356 475 Romani,
1375 432 1437 468 sed

318 505 389 543 pro
407 493 540 530 Perseo
555 493 767 540 legationem
785 504 864 530 eam
884 495 1026 530 misisse.
1072 495 1183 539 Nam,
1202 497 1232 532 si
1249 508 1294 533 ea
1300 495 1437 545 fuisset

321 570 423 602 cura,
445 570 521 607 quae
547 558 793 602 simulantur,
825 562 901 594 tum
927 560 1118 596 mittendos
1146 561 1283 608 legatos
1298 560 1433 610 fuisse,

298 630 301 633 ’
322 635 432 673 quum
450 624 613 665 Perseus,
640 623 679 658 in
706 621 927 659 Thessaliam
945 624 1102 660 exercitu
1120 625 1282 668 inducto,
1297 637 1366 674 per
1383 626 1436 662 bi-

321 689 467 725 ennium
491 688 635 724 Graecas
662 686 776 730 urbes,
796 687 890 723 alias
916 687 1100 730 obsideret,
1122 689 1215 725 alias
1241 690 1436 727 denuncia-

321 755 418 789 tione
435 763 616 789 armorum
647 756 805 788 terreret.
867 752 958 788 Tum
985 753 1125 789 nullam
1143 754 1246 802 pacis
1263 754 1308 790 ab
1333 754 1434 792 Rho-

322 818 391 854 diis
422 818 639 854 mentionem
658 815 822 864 factam.
879 816 1080 865 Postquam
1107 823 1295 867 superatos
1320 820 1435 856 saltus

320 887 623 931 transgressosque
640 882 678 917 in
703 881 958 918 Macedoniam
986 881 1169 919 Romanos
1194 884 1375 927 audirent,
1400 889 1436 921 et

321 947 496 984 inclusum
525 947 636 983 teneri
656 946 800 990 Persea,
822 951 907 983 tunc
935 947 1095 984 Rhodios
1124 948 1337 996 legationem
1364 951 1434 986 mi·

318 1011 415 1055 sisse,
434 1023 505 1048 non
523 1012 574 1047 ad
593 1010 708 1047 ullam
726 1011 839 1047 aliam
858 1022 946 1054 rem,
968 1023 1077 1059 quam
1095 1013 1145 1048 ad
1168 1013 1300 1049 Persea
1318 1025 1361 1050 ex
1379 1015 1434 1051 in-

319 1078 470 1114 minenti
490 1077 652 1126 periculo
671 1077 893 1125 eripiendum
909 1092 922 1113 .-
950 1089 1036 1114 cum
1064 1077 1138 1114 hoc
1166 1074 1351 1130 responso
1378 1079 1434 1116 le·

320 1146 430 1190 gatos
451 1140 639 1177 dimissos.

374 1204 444 1241 IV.
472 1203 547 1241 Per
566 1203 718 1241 eosdem
738 1203 816 1240 dies
833 1210 872 1241 et
892 1203 950 1241 M.
969 1203 1190 1250 Marcellus,
1214 1218 1260 1243 ex
1278 1207 1434 1259 provin-

318 1268 379 1306 cia
397 1268 587 1319 Hispania
607 1267 807 1311 decedens,
826 1267 1038 1305 Marcolica
1057 1268 1177 1306 nobili
1197 1269 1290 1307 urbe
1306 1277 1432 1323 capta,

318 1333 449 1371 decem
468 1331 598 1385 pondo
624 1332 723 1376 auri,
744 1338 784 1369 et
807 1333 957 1382 argenti
987 1333 1034 1370 ad
1058 1345 1243 1372 summam
1269 1336 1434 1373 sestertii

128 1405 231 1438 Persei
321 1398 444 1436 decies
464 1398 503 1434 in
525 1397 697 1435 aerarium
715 1396 857 1434 retulit.
913 1397 1067 1435 Paullus
1083 1398 1263 1436 AEmilius
1284 1399 1431 1444 consul,

122 1450 296 1525 ἓζῇίῗιῗῃ
320 1475 435 1513 quum
465 1468 604 1505 castra,
633 1466 676 1497 ut
698 1472 812 1512 supra
843 1461 984 1498 dictum
1010 1468 1082 1506 est,
1108 1463 1156 1499 ad
1189 1463 1290 1500 Siras
1322 1470 1434 1501 terrae

301 1516 583 1565 ⁵Odomanticae
611 1525 783 1569 haberet,
804 1537 921 1575 quum
949 1525 1076 1563 literas
1106 1526 1155 1564 ab
1184 1540 1272 1578 rege
1293 1527 1434 1565 Perseo

319 1604 387 1644 per
405 1590 592 1642 ignobiles
620 1596 697 1627 tres
726 1589 872 1640 legatos
901 1596 1086 1658 cermet,
1107 1597 1145 1628 et
1172 1592 1254 1642 ipse
1281 1591 1434 1630 inlacri-

318 1669 442 1696 masse
461 1656 601 1693 dicitur
619 1655 714 1692 sorti
732 1654 933 1691 humanae:
964 1633 1081 1705 quod,
1102 1656 1166 1706 qui
1183 1655 1311 1707 paullo
1329 1665 1433 1701 ante,

319 1735 399 1759 non
415 1727 618 1758 contentus
639 1733 758 1770 regno
773 1719 1027 1765 Macedoniae,
1040 1720 1243 1759 Dardanos
1264 1721 1435 1773 Illyrios-

321 1799 394 1837 que
414 1786 687 1837 obpugnasset,
707 1784 981 1822 Bastarnarum
1009 1786 1208 1822 excivisset
1228 1786 1382 1831 auxilia,
1401 1787 1432 1824 is

320 1856 417 1895 tum,
438 1850 577 1887 amisso
596 1849 779 1893 exercitu,
796 1849 958 1885 extorris
977 1861 1112 1897 regno,
1134 1850 1171 1885 in
1195 1862 1349 1900 parvam
1375 1851 1435 1888 in·

320 1915 441 1952 sulam
460 1913 692 1966 compulsus,
713 1912 886 1964 supplex,
910 1913 989 1950 fani
1018 1913 1217 1963 religione,
1239 1927 1316 1951 non
1345 1915 1436 1953 viri·

320 1979 392 2018 bus
413 1981 504 2023 suis,
524 1985 629 2016 tutus
651 1984 761 2015 esset.
819 1977 892 2014 Sed
911 1984 1126 2028 postquam,
1148 1979 1281 2027 Regem
1302 1980 1436 2017 Persea

322 2046 459 2083 consuli
480 2043 613 2081 Paullo
636 2043 802 2086 salutem,
824 2041 940 2091 legit5
972 2042 1255 2079 miserationem
1284 2050 1437 2080 omnem

323 2109 488 2147 stultitia
516 2107 727 2157 ignorantis
747 2107 942 2144 fortunam
964 2119 1071 2143 suam
1090 2106 1243 2144 exemit.
1301 2107 1435 2158 ltaque

305 2182 549 2224 ‘quamquam
570 2172 607 2207 in
629 2171 772 2220 reliqua
795 2177 900 2222 parte
922 2171 1116 2208 literarum
1145 2172 1300 2208 minime
1319 2173 1433 2222 regite

302 2234 450 2289 'preces
482 2242 604 2279 erant,
633 2242 762 2272 tamen
788 2236 868 2272 sine
887 2247 1071 2286 responso
1091 2248 1135 2272 ac
1153 2236 1235 2272 sine
1254 2236 1436 2273 literis·ea

320 2301 465 2351 legatio
492 2300 647 2337 dimissa
673 2306 742 2336 est.
801 2299 927 2336 Sensit
947 2298 1121 2343 Perseus,
1142 2298 1249 2350 cujus
1270 2299 1434 2336 nominis

319 2365 622 2403 obliviscendum
640 2365 743 2402 victo
763 2370 882 2402 esset:
914 2365 1043 2415 itaque
1063 2363 1330 2401 alterae-literae
1349 2374 1435 2402 oum
