1546 2648
86 229 177 260 U.C.
196 237 255 267 ⁵7⁵

84 343 150 372 Lex
164 345 203 374 de

85 385 217 418 Latinis.

77 1264 136 1293 Res
150 1263 184 1293 in

78 1308 169 1340 Isttia
183 1315 251 1345 ges-

77 1356 117 1380 tae
134 1359 152 1379 a
168 1349 232 1380 Ro-

78 1392 192 1423 manis.

285 132 368 185 296
425 167 430 174 ,
725 131 771 176 ’Τ
811 149 943 179 mvn

85 273 125 302 A·
141 273 176 304 C·
196 254 267 310 177:
282 230 442 269 Claudio
459 231 584 277 Istria,
606 234 833 286 Sempronio
853 236 1025 276 Sardinia
1041 239 1207 278 obvenit.
1239 240 1384 290 Legem

280 294 366 330 dein
395 295 440 331 de
471 297 581 332 sociis
612 298 856 337 C.·Claudius
877 302 965 339 tulit
983 305 1327 348 senatusconsulto,
1348 312 1386 341 et

279 357 419 395 edixit:
453 362 513 408 qui
530 362 616 398 socii
634 375 677 398 ac
704 367 855 401 nominis
874 366 1012 409 Latini,
1035 369 1102 416 ipsi
1121 367 1311 414 majoresve
1327 380 1386 404 eo·

276 435 371 466 rum,
392 423 446 460 M.
470 424 636 468 Claudio,
664 426 704 463 T.
727 428 893 468 Quinctio
921 431 1127 473 censoribus,
1156 436 1303 480 postque
1327 443 1384 473 ea,

276 489 376 535 apud
403 490 512 524 socios
541 492 690 526 nominis
722 492 849 528 Latini
882 496 974 530 censi
1005 500 1128 538 essent,
1155 500 1196 531 ut
1214 507 1330 532 omnes
1348 497 1386 531 in

274 562 376 605 suam
395 553 540 600 quisque
557 554 741 590 civitatem
759 560 842 591 ante
860 556 1042 593 Kalendas
1061 558 1274 594 Novembres
1288 560 1384 595 redi·

274 620 363 651 rent.
421 615 607 659 Quaestio,
629 618 693 665 qui
721 618 777 654 ita
803 631 882 655 non
901 620 1099 664 redissent,
1129 621 1175 657 L.
1194 621 1384 658 Mummio

273 680 428 729 praetori
457 680 608 717 decreta
637 688 720 717 est:
753 683 798 718 ad
828 682 951 732 Iegem
979 692 1018 720 et
1036 684 1200 721 edi-ctum
1219 684 1384 722 consulis

273 743 645 780 senatusconsultum
666 744 855 794 adjectum
876 753 933 783 est
951 762 957 783 :
980 753 1035 791 ut,
1057 749 1225 793 dictator,
1249 750 1382 793 consul,

274 807 441 850 interrex,
475 819 608 850 censor,
633 813 766 856 praetor
795 812 856 858 qui
883 824 978 848 nunc
1009 819 1108 856 esset,
1135 816 1233 862 apud
1262 827 1383 852 eorum

270 885 373 922 quem
401 876 728 918 manumitteretur,
760 877 797 912 in
830 877 1026 913 libertatem
1058 879 1314 924 vindicaretur,
1340 886 1382 917 ut

262 935 519 984 jusjurandum
555 939 672 982 daret,
707 941 768 987 qui
799 952 879 976 eum
910 943 1192 986 manumitteret,
1227 945 1382 981 civitatis

273 1002 454 1037 mutandae
482 1014 604 1038 caussa
622 1015 731 1039 manu
750 1016 819 1039 non
847 1005 987 1041 mittere
1001 1021 1014 1041 .·
1041 1005 1106 1054 qui
1124 1005 1162 1042 id
1180 1019 1259 1043 non
1271 1006 1379 1057 jura-

269 1071 340 1108 ret,
363 1077 447 1101 eum
468 1066 810 1102 manumittendum
830 1079 908 1103 non
928 1075 1168 1105 censuerunt.
1224 1069 1321 1107 Haec
1339 1071 1379 1107 in

269 1135 463 1178 posterum
493 1141 626 1165 caussa
646 1128 820 1179 jurisque
849 1130 964 1167 dictio
985 1131 1028 1168 C.
1049 1131 1211 1168 Claudio
1232 1133 1380 1171 consuli

271 1192 421 1229 decreta
441 1199 509 1230 est.

323 1256 374 1294 X.
405 1257 507 1294 Dum
537 1258 618 1295 haec
646 1257 783 1295 Romae
813 1267 1009 1308 geruntur,
1030 1259 1087 1297 M.
1107 1260 1246 1297 ,Iunius
1276 1269 1315 1299 et
1333 1263 1381 1300 A.

268 1320 451 1364 Manlius,
482 1323 546 1371 qui
576 1322 701 1372 priore
734 1335 835 1358 anno
869 1322 1042 1359 consules
1075 1323 1242 1368 fuerant,
1263 1339 1379 1374 quum

268 1385 453 1434 Aquileiae
471 1382 749 1431 hibernassent,
769 1388 956 1438 principio
977 1389 1071 1424 veris
1089 1389 1129 1424 in
1148 1389 1240 1432 fines
1256 1377 1377 1426 Istro-

266 1462 350 1485 rum
370 1451 575 1487 exercitum
606 1451 920 1488 introduxerunt:
954 1452 1018 1488 ubi
1038 1465 1152 1502 quum
1172 1453 1288 1490 effuse
1305 1466 1378 1504 po-

267 1513 500 1564 pularentur,
529 1514 637 1550 dolor
656 1516 774 1564 magis
792 1522 830 1551 et
849 1515 1062 1564 indignatio
1083 1516 1194 1566 diripi
1213 1529 1271 1552 res
1291 1529 1376 1554 suas

267 1586 462 1613 cernentes
493 1577 626 1621 Istros,
649 1591 761 1627 quam
790 1585 893 1615 certa
921 1591 1020 1629 speS,
1042 1580 1132 1615 satis
1152 1579 1224 1616 sibi
1242 1580 1379 1617 virium

267 1641 442 1678 adversus
473 1642 565 1678 duos
597 1643 797 1685 exercitus,
820 1643 984 1679 excivit:
1017 1655 1201 1679 concursu
1221 1656 1267 1680 ex
1296 1657 1378 1680 om-

264 1705 377 1742 nibus
398 1706 546 1756 populis
569 1705 782 1756 juventutis
803 1707 920 1750 facto,
941 1708 1159 1757 repentinus
1181 1714 1219 1744 et
1237 1707 1378 1744 tumul-

265 1771 409 1806 tuarius
440 1772 626 1807 exercitus
656 1773 778 1808 acrius
808 1773 930 1821 primo
951 1772 1095 1821 inpetu,
1118 1785 1229 1820 quam
1250 1785 1376 1822 perse—

266 1835 471 1878 verantius,
495 1836 690 1885 pugnavit.
747 1836 807 1871 Ad
839 1842 1003 1885 quatuor
1031 1835 1149 1870 millia
1177 1847 1306 1872 eorum
1336 1837 1376 1871 in

267 1899 347 1934 acie
377 1911 472 1935 caesa
491 1914 497 1934 :
530 1900 659 1943 ceteri,
681 1901 822 1936 omisso
851 1899 967 1942 bello,
988 1900 1026 1935 in
1047 1900 1216 1935 civitates
1236 1900 1376 1949 passim

265 1962 515 2012 diffugerunt:
548 1963 635 1999 iude
664 1963 808 2012 legatos
839 1965 1000 2014 primum
1027 1963 1073 1999 ad
1094 1975 1223 2012 pacem
1243 1970 1375 2012 peten-

264 2027 350 2062 dam
381 2028 419 2062 in
440 2033 564 2064 castra
591 2027 783 2071 Romana,
813 2028 946 2064 deinde
977 2027 1126 2063 obsides
1155 2027 1373 2076 imperatos,

263 2091 458 2126 miserunt.
515 2090 612 2127 Haec
640 2104 754 2140 quum
789 2091 924 2127 Romae
955 2091 1109 2138 cognita
1141 2089 1258 2125 literis
1286 2102 1375 2139 pro-

264 2153 460 2190 consulum
495 2161 634 2198 essent,
674 2156 716 2191 C.
740 2155 919 2191 Claudius
958 2153 1104 2195 consul,
1139 2154 1294 2196 veritus,
1327 2166 1375 2189 ne

262 2216 362 2253 forte
383 2231 426 2253 ea
446 2230 502 2253 res
523 2219 755 2268 provinciam
787 2219 1068 2266 exercitumque
1089 2216 1158 2252 sibi
1180 2217 1373 2258 adimeret,

261 2292 339 2317 non
371 2281 467 2317 votis
497 2283 738 2333 nuncupatiS‚
773 2295 850 2320 non
886 2281 1099 2333 paludatus,
1120 2281 1201 2317 sine
1230 2279 1373 2316 lictori-
