1546 2648
286 199 443 229 mmm
464 197 646 228 xxxtx.
679 196 785 227 cAP.
808 198 917 228 ΧΠ.
1092 188 1171 242 167

56 293 196 335 ducere,
215 290 309 328 hanc
320 302 498 327 summam
517 291 610 326 inter
623 300 680 326 eos
697 290 907 337 religionem
927 302 1008 327 esse.
1057 291 1172 336 Viros,
1187 297 1230 327 U.
1241 295 1280 328 c.
1295 300 1369 328 560.

57 358 159 393 velut
186 360 302 393 mente
330 359 452 403 capta,
482 366 563 390 cum
587 352 791 400 jactatione
812 354 990 403 fanatica
1017 360 1178 405 corporis
1189 339 1279 372 A'C'
1297 343 1370 371 ηδ’

58 422 253 459 vaticinari
264 438 276 465 ,-
306 425 492 456 matronas
513 419 739 456 Baccharum
759 419 882 456 habitu
902 421 1054 457 crinibus
1071 434 1176 471 spar-

58 489 106 524 sis
124 499 204 524 cum
218 485 425 523 ardentibus
431 484 581 534 facibus
596 486 782 521 decurrere
798 486 846 521 ad
865 486 1032 530 Tiberim,
1048 489 1179 526 demis-

58 563 185 600 sasque
205 553 242 588 in
270 562 403 599 aquam
419 548 528 598 faces
550 550 654 598 (quia
676 551 795 586 vivum
814 550 967 599 sulphur
985 564 1064 588 cum
1083 554 1181 590 calce

58 617 161 664 insit)
183 618 325 664 integra
339 616 500 666 flamma
517 616 653 665 efferre.
711 615 852 663 Raptos
870 628 893 651 α
912 616 998 652 Diis
1023 617 1182 655 homines

0 674 1 686 ³
59 681 145 724 dici,
162 692 248 729 quos
265 679 439 716 machinae
455 680 622 727 inligatos
641 690 682 715 ex
697 683 882 727 conspecta
897 680 935 715 in
951 679 1087 717 abditos
1100 694 1181 730 spe-

63 757 124 782 cus
142 745 352 794 abripiant:
379 756 436 780 eos
461 756 544 786 esse,
566 745 629 792 qui
655 747 721 779 aut
746 742 944 790 conjurare,
965 750 1031 781 aut
1052 748 1184 783 sociari

51 809 293 860 facinoribus,
314 813 381 845 aut
397 813 562 857 stuprum
577 809 659 856 pati
673 808 862 844 noluerint.
905 808 1183 848 Multitudinem

61 875 252 922 ingentem,
273 874 427 910 alterum
436 873 518 921 jam
535 886 648 923 prope
663 875 838 922 populum
857 886 952 911 esse:
983 876 1020 912 in
1045 876 1099 913 his
1118 890 1183 914 no-

67 939 151 975 biles
170 940 343 987 quosdam
358 941 454 975 viros
471 938 714 988 feminasque.
771 940 923 975 Biennio
945 943 1111 988 proximo
1127 944 1183 978 in-

65 1005 232 1040 stitutum
250 1016 334 1047 esse,
364 1016 409 1040 rze
427 1005 505 1053 quis
532 1002 650 1050 major
667 1005 798 1051 viginti
821 1005 924 1040 annis
951 1006 1159 1043 initiaretur
1172 1024 1184 1045 :

67 1070 209 1117 captari
228 1073 351 1105 aetates
369 1073 404 1105 et
421 1070 551 1105 erroris
569 1073 605 1104 et
621 1070 738 1116 stupri
752 1070 942 1116 patientes.

123 1131 235 1169 XIV.
263 1132 427 1169 Peracto
466 1133 623 1175 indicio,
660 1129 837 1168 advoluta
865 1145 993 1169 rursus
1024 1134 1184 1183 genibus

70 1211 200 1251 preces
217 1200 381 1243 easdem,
396 1206 440 1236 ut
458 1212 498 1236 se
517 1199 727 1249 ablegaret,
743 1200 933 1250 repetivit.
964 1200 1111 1237 Consul
1123 1214 1186 1238 ro-

72 1269 140 1313 gat
158 1276 323 1307 socrum,
344 1270 385 1300 ut
406 1263 572 1313 aliquam
592 1270 738 1314 partem
758 1263 894 1299 aedium
909 1276 1066 1300 vacuam
1084 1265 1188 1302 face·

68 1333 143 1371 ret,
161 1340 238 1377 quo
257 1327 421 1378 Hispala
434 1328 656 1377 inmigraret
672 1342 679 1362 ι
712 1327 951 1364 coenaculum
963 1340 1076 1378 super
1090 1328 1188 1365 aedes

74 1392 205 1429 datum
223 1399 295 1435 est,
322 1391 433 1429 scalis
452 1391 664 1428 ferentibus
693 1392 732 1427 iu
762 1391 958 1442 publicum
986 1392 1188 1438 obseratis,

75 1456 180 1494 aditu
200 1456 240 1492 in
260 1456 355 1493 aedes
375 1468 498 1493 verso.
552 1455 632 1492 Res
652 1468 784 1492 omnes
804 1455 977 1492 Feceniae
997 1456 1190 1507 extemplo

75 1519 283 1563 translatae,
303 1525 343 1556 et
359 1518 506 1556 familia
530 1520 733 1556 arcessita:
766 1524 804 1555 et
823 1518 1005 1556 AEbutius
1029 1520 1192 1570 migrare

78 1583 126 1620 ad
144 1582 310 1620 consulis
327 1582 505 1619 clientem
517 1582 662 1633 jussus.
709 1582 771 1619 Ita
786 1596 902 1632 quum
916 1583 1058 1620 indices
1079 1583 1193 1620 ambo

78 1647 120 1684 in
138 1653 330 1698 potestate
355 1653 495 1690 essent,
514 1660 595 1684 rem
614 1647 663 1684 ad
691 1654 866 1685 senatum
889 1647 1109 1684 Postumius
1129 1648 1194 1684 de-

79 1711 168 1756 fert,
195 1711 372 1749 omnibus
401 1712 534 1748 ordine
563 1713 763 1763 expositis,
789 1726 872 1763 quae
901 1713 1028 1749 delata
1054 1713 1194 1763 primo,

81 1790 165 1827 quae
184 1777 319 1813 deinde
338 1776 386 1814 ab
406 1789 446 1814 se
464 1777 647 1827 inquisita
659 1778 800 1816 forent.
855 1778 989 1815 Patres
1004 1791 1122 1828 pavor
1137 1779 1197 1814 in-

82 1854 174 1892 gens
194 1842 309 1892 cepit,
329 1855 445 1891 quum
462 1841 618 1893 publico
633 1844 803 1886 nomine,
823 1855 871 1879 ne
887 1842 978 1892 quid
994 1855 1047 1879 eae
1062 1841 1198 1893 conju·

81 1906 249 1943 rationes
271 1914 467 1956 coetusque
481 1908 659 1944 nocturni
678 1907 820 1943 fraudis
834 1906 993 1943 occultae
1013 1913 1079 1943 aut
1097 1906 1198 1956 peri-

85 1969 160 2006 culi
173 1971 427 2021 inportarent,
442 1977 525 2008 tum
537 1972 713 2022 privatim
726 1984 880 2008 suorum
893 1972 1051 2021 quisque
1063 1971 1199 2014 vicem,

85 2046 135 2070 ne
152 2034 235 2083 quis
255 2034 387 2071 adfinis
407 2035 443 2071 ei
464 2047 576 2072 noxae
595 2043 706 2072 esset.
764 2035 923 2072 Censuit
941 2040 1070 2071 autem
1091 2046 1202 2070 sena-

89 2102 165 2140 tus,
186 2098 326 2146 gratias
354 2098 503 2135 consuli
529 2099 709 2148 agendaS,
731 2099 833 2148 quod
852 2111 934 2135 eam
953 2110 1032 2134 rem
1058 2103 1097 2134 et
1115 2109 1204 2134 cum

89 2160 272 2209 singulari
302 2174 405 2205 cura,
436 2169 476 2199 et
503 2163 585 2199 sine
617 2162 695 2199 ullo
724 2161 890 2199 tumultu
924 2162 1204 2211 investigasset.

92 2225 352 2265 Quaestionem
369 2227 504 2264 deinde
520 2228 566 2265 de
579 2227 884 2264 Bacchanalibus
901 2227 1092 2275 sacrisque
1110 2238 1204 2262 noe·-
1219 2232 1363 2266 Quaestio
1372 2235 1412 2267 de

93 2290 216 2326 turnis
232 2296 340 2326 extra
353 2292 523 2329 ordinem
540 2292 759 2330 consulibus
772 2292 977 2329 mandant:
1001 2290 1201 2333 indicibus,
1216 2276 1403 2310 Ba‘mham'

45 2386 48 2387 γ
94 2352 259 2392 AEbutio
278 2366 322 2392 ac
340 2354 527 2402 Feceniae,
552 2369 602 2395 ne
619 2356 744 2395 fraudi
763 2368 809 2394 ea
826 2368 885 2393 res
912 2356 976 2400 sit,
997 2366 1142 2399 curare,
1167 2359 1206 2391 et
1215 2319 1401 2398 3231}sser
