1546 2648
307 189 393 232 390
472 168 476 175 ⁸
741 188 786 216 fr.
809 188 939 219 mvn

119 277 210 309 uc.
228 283 426 326 581·quum
453 277 630 320 audisset,
651 279 788 328 raptim
813 278 1008 316 Romanos
1034 279 1133 315 circa
1157 291 1203 315 ex
1230 277 1328 328 agris
1348 279 1410 316 de-

118 321 476 404 23‘?1;cg¹{'messum
510 341 741 380 frumentum
784 344 1006 386 convehere,
1042 343 1177 379 deinde
1218 350 1306 380 ante
1348 355 1416 380 sua

121 418 194 447 dere
205 416 288 449 vult,
312 416 498 454 quemque
530 406 695 442 tentoria
722 406 842 456 spicas
869 406 1032 443 fascibus
1062 406 1313 450 desecantem,
1339 418 1415 456 quo

312 469 442 519 purius
460 469 690 505 frumentum
708 476 859 512 tereret,
879 470 1051 518 ingentes
1074 482 1226 506 acervos
1246 482 1312 521 per
1330 475 1417 506 tota

312 538 436 568 castra
454 538 747 569 stramentorum
765 533 921 570 fecisse:
953 541 1055 570 ratus
1081 534 1255 571 incendio
1274 546 1415 585 oppor-

251 603 259 613 “
311 601 407 632 tuna
424 607 519 639 esse,
538 595 654 637 faces,
675 596 899 646 taedamque,
919 603 956 632 et
983 597 1176 634 malleolos
1193 604 1338 648 stuppae
1357 598 1415 634 in·

311 658 401 696 litos
418 659 504 709 pice
529 659 653 710 parari
672 658 807 709 jubet:
841 668 953 709 atque
978 661 1033 696 ita
1050 661 1171 697 media
1188 667 1302 697 nocte
1329 673 1416 712 pro-

313 722 451 766 fectus,
476 728 519 758 ut
546 722 668 772 prima
695 721 780 767 luce
808 723 1003 771 adgressus
1031 723 1190 761 falleret.
1245 724 1418 773 Nequid-

313 799 428 836 quam
443 800 451 822 :
482 787 613 837 primae
627 787 810 823 stationes
830 786 1020 838 obpressae
1033 787 1199 824 tumultu
1213 799 1263 824 ao
1275 794 1420 826 terrore

302 862 384 888 -suo
404 857 549 888 ceteros
569 851 788 889 exciverunt
804 866 813 888 :
845 852 1068 902 signumque
1086 853 1215 889 datum
1241 860 1299 889 est
1316 865 1421 890 arma

314 915 508 967 extemplo
540 916 738 967 capiendi3
769 915 954 967 simulque
989 918 1028 954 in
1056 916 1169 962 vallo,
1200 917 1247 954 ad
1273 923 1417 967 portas,

314 979 422 1018 miles
441 980 647 1018 instructus
667 987 761 1025 erat,
781 987 820 1018 et
836 982 1001 1018 intentus
1020 982 1318 1033 propugnationi
1337 993 1419 1018 cas-

314 1049 473 1082 trorum.
528 1044 686 1083 Perseus
711 1051 751 1082 et
770 1045 960 1096 extemplo
983 1046 1204 1095 circumegit
1232 1046 1365 1090 aciem,
1379 1051 1421 1081 et

313 1109 438 1160 prima
463 1109 719 1159 inpedimenta
746 1110 814 1154 ire,
844 1109 975 1146 deinde
1004 1110 1171 1160 peditum
1199 1109 1308 1158 signa
1333 1109 1424 1146 ferri

306 1171 449 1223 jussit:
480 1173 561 1224 ipse
580 1186 666 1210 cum
684 1173 856 1223 equitatu
881 1180 920 1210 et
943 1174 1015 1210 levi
1046 1180 1237 1211 armatura
1254 1172 1425 1210 substitit

315 1237 365 1274 ad
382 1249 518 1285 agmen
544 1237 779 1286 cogendum3
810 1243 928 1281 ratus,
957 1237 996 1274 id
1015 1238 1116 1287 quod
1144 1237 1294 1281 accidit,
1323 1237 1425 1274 inse-

315 1306 471 1338 cutm-os
486 1301 533 1338 ad
548 1307 719 1338 extrema
731 1301 779 1338 ab
793 1307 903 1351 tergo
917 1301 1103 1352 carpenda
1116 1301 1256 1339 hostes.
1301 1299 1426 1338 Breve

318 1370 510 1402 certamen
529 1365 620 1402 levis
639 1371 838 1403 armaturae
857 1366 1020 1403 maxime
1039 1378 1124 1403 cum
1147 1364 1423 1416 procursatori-

317 1427 388 1465 bus
407 1428 503 1466 fuit:
535 1429 678 1478 equites
702 1429 920 1480 peditesque
944 1430 1025 1466 sine
1052 1429 1217 1466 tumultu
1234 1429 1274 1465 in
1301 1434 1425 1466 castra

316 1492 522 1530 redierunt.
576 1492 771 1530 Demessis
806 1493 907 1530 circa
943 1492 1147 1542 segetibus,
1176 1491 1345 1530 Romani
1376 1491 1425 1528 ad

317 1555 554 1594 Cranonium
588 1559 773 1594 intactum
809 1570 942 1606 agrum
978 1563 1101 1594 castra
1143 1562 1308 1594 movent.
1363 1555 1425 1592 lbi

317 1632 434 1669 quum
453 1621 589 1665 securi,
610 1629 648 1658 et
671 1627 828 1672 propter
855 1629 1063 1658 castrorum
1091 1620 1423 1670 longinquitatem,

316 1689 356 1721 et
373 1684 443 1720 viae
469 1685 594 1735 inopis
623 1698 804 1734 aquarum
823 1684 1096 1727 difficultatem,
1116 1697 1200 1735 quae
1228 1684 1327 1721 inter
1355 1683 1424 1733 Sy-

317 1749 463 1785 curium
489 1755 528 1786 et
554 1749 734 1786 Cranona
766 1756 837 1793 est,
868 1749 1004 1787 stativa
1031 1748 1239 1793 haberent3
1270 1753 1425 1797 repente

316 1812 438 1861 prima
455 1811 540 1848 luce
558 1813 597 1848 in
617 1812 888 1850 inminentibus
918 1811 1070 1848 tumulis
1091 1812 1280 1860 equitatus
1300 1809 1424 1859 regius

316 1886 402 1913 cum
422 1874 493 1910 levi
521 1883 711 1912 armatura
739 1877 837 1912 visus
868 1877 1061 1924 ingentem
1089 1874 1293 1911 tumultum
1322 1873 1425 1910 fecit.

314 1937 442 1974 Pridie
461 1951 528 1988 per
545 1940 738 1976 meridiem
767 1940 927 1990 profecti
953 1939 1000 1976 ab
1021 1939 1179 1988 Sycurio
1198 1944 1328 1974 erant:
1360 1950 1426 1988 pe-

314 2003 436 2039 ditum
456 2016 590 2052 agmen
611 2004 680 2040 sub
702 2005 823 2040 lucem
843 2003 1071 2053 reliquerant
1092 2003 1130 2039 in
1151 2002 1326 2052 proxima
1343 2001 1425 2051 pla-

313 2067 421 2103 nitie.
479 2067 593 2102 Stetit
611 2067 816 2117 paullisper
835 2068 872 2103 iu
893 2066 1062 2109 tumulis,
1086 2065 1168 2101 elici
1190 2076 1301 2114 posse
1320 2070 1423 2100 ratus

315 2130 363 2167 ad
381 2137 552 2178 equestre
580 2138 771 2168 certamen
790 2131 1011 2168 Romanos:
1044 2130 1107 2179 qui
1133 2134 1334 2178 postquam
1363 2128 1428 2164 ni-

315 2192 370 2230 hil
388 2192 605 2235 movebant,
626 2195 790 2242 equitem
819 2194 950 2236 mittit,
972 2193 1034 2242 qui
1055 2193 1198 2242 pedites
1219 2190 1358 2227 referre
1376 2190 1423 2226 ad

314 2256 512 2305 Sycurium
531 2257 638 2305 sigua
657 2257 810 2307 juberet
820 2273 829 2302 3
863 2258 942 2307 ipse
962 2269 1050 2292 mox
1078 2256 1282 2291 insecutus.
1337 2252 1419 2288 Ro-

311 2320 415 2372 mani
449 2321 607 2371 equiteS,
646 2321 796 2360 modico
825 2319 1024 2358 intervallo
1055 2325 1268 2369 sequentes,
1298 2315 1417 2353 sicubi
