1546 2648
132 234 174 263 U.
193 234 229 263 C.
247 238 321 268 570.

130 278 174 306 Α.
191 276 227 306 C.
247 283 319 307 182.

137 356 237 386 Persei
255 357 288 387 in

137 399 264 429 fratrem

138 441 280 472 consilia.

132 1564 253 1595 Deme-

129 1609 207 1637 trius
224 1609 261 1638 fit

135 1660 265 1689 suspec-

131 1699 195 1725 tus.

332 136 415 177 224
475 127 479 134 “
783 141 984 170 manvu
1038 124 1050 126 ‘⁴

334 237 405 274 que
425 225 504 276 ejus
525 234 829 264 exsecrarentur:
863 243 943 278 quae
964 229 1052 266 dirze
1072 229 1175 267 brevi
1199 231 1245 268 ab
1266 232 1440 277 omnibus

332 287 418 324 Diis
439 290 638 333 exauditae,
661 297 699 326 ut
729 292 874 327 saeviret
894 293 974 342 ipse
1001 294 1038 328 in
1065 305 1172 329 suum
1201 282 1453 342 sanguinein..

332 351 547 390 effecerunt.
602 353 760 390 Perseus
782 355 896 398 enim,
917 368 1030 404 quum
1057 357 1095 391 in
1115 357 1192 392 dics
1219 358 1338 406 magis
1359 371 1438 394 cer-

333 421 439 452 neret
456 416 624 454 favorem
650 418 949 467 dignitatemque
977 419 1163 456 Demetrii
1188 421 1314 457 fratris
1341 421 1441 471 apud

331 478 589 517 Macedonum
608 481 886 518 multitudinem
907 475 1086 526 cresccre,
1106 491 1142 519 et
1161 485 1321 533 gratiam
1341 485 1441 535 apud

331 542 544 588 Romanos,
563 544 634 580 sibi
653 557 758 594 spem
784 545 924 581 nullam
950 547 1056 594 regni
1082 559 1288 597 superesse,
1309 549 1382 584 nisi
1401 549 1440 583 in

333 607 486 650 scelere,
507 614 624 651 ratus,
642 609 687 644 ad
706 609 743 644 id
764 621 880 644 unum
895 622 1025 645 omnes
1043 611 1294 658 cogitationes
1313 612 1439 648 inten-

331 673 399 710 dit.
448 673 626 709 Ceterum
643 685 758 722 quum
778 685 817 709 se
837 686 884 709 ne
900 673 946 709 ad
962 674 1000 709 id
1012 674 1174 722 quidem,
1191 675 1292 724 quod
1307 675 1440 712 mulie·

327 736 388 772 bri
408 737 604 785 cogitabat
624 737 766 780 animo,
797 738 887 773 satis
911 750 978 788 per
1007 749 1045 773 se
1064 738 1229 775 validum
1258 739 1438 783 crederet,

328 801 498 850 singulos
528 803 734 838 amicorum
764 803 881 852 patris
910 808 1059 838 tentare
1084 804 1320 841 sermonibus
1353 818 1439 854 per-

327 864 447 915 plexis
468 866 619 903 institit.
675 866 728 902 Et
747 866 870 916 primo
890 866 1039 915 quidam
1059 879 1105 902 ex
1131 868 1189 903 his
1210 868 1440 918 adspernan-

327 929 424 965 tium
442 929 517 965 tale
538 930 741 979 quidquam
770 930 932 980 speciem
960 930 1217 980 praebuerunt,
1239 933 1327 980 quia
1355 932 1439 982 plus

325 993 367 1028 in
394 992 593 1030 Demetrio
630 995 709 1043 spei
745 993 964 1044 ponebant:
997 994 1142 1038 deinde,
1179 1003 1371 1032 crescente
1399 997 1439 1031 in

327 1056 405 1094 dies
425 1057 593 1107 Philippi
613 1058 702 1094 odio
721 1059 760 1093 in
780 1057 994 1102 Romanos,
1011 1059 1071 1094 cui
1092 1059 1249 1095 Perseus
1265 1059 1440 1108 indulge-

325 1127 397 1163 ret,
417 1120 635 1157 Demetrius
656 1134 802 1158 summa
821 1135 894 1171 ope
913 1123 1185 1166 adversaretur,
1202 1123 1436 1173 prospicien-

324 1192 382 1220 tes
403 1185 531 1221 animo
556 1186 699 1221 exitum
720 1186 862 1222 incauti
890 1199 913 1222 a
930 1186 1062 1222 fraude
1079 1186 1248 1224 fraterna
1266 1186 1440 1236 juvenis,

326 1247 594 1298 adjuvandum,
616 1250 716 1299 quod
741 1250 909 1286 futurum
939 1258 1033 1293 erat,
1054 1251 1140 1293 rati,
1161 1250 1439 1299 fovendamque

325 1324 432 1362 spem
459 1314 702 1364 potentioris,
733 1313 873 1350 Perseo
906 1326 945 1349 se
975 1312 1210 1363 adjungunt:
1244 1320 1370 1350 cetera
1398 1314 1437 1350 in

325 1389 434 1413 suum
446 1390 604 1427 quaeque
619 1385 767 1427 tempus
785 1378 933 1425 agenda
945 1377 1122 1414 differunt
1137 1391 1144 1412 :
1177 1378 1216 1413 in
1233 1366 1444 1428 praesentia¹

322 1440 462 1490 placet,
481 1442 583 1476 omni
605 1453 677 1491 ope
698 1441 738 1476 in
760 1440 960 1478 Romanos
979 1440 1133 1477 accendi
1153 1453 1294 1489 regem,
1313 1440 1435 1491 inpel-

323 1502 426 1552 lique
445 1503 491 1540 ad
511 1503 669 1540 consilia
687 1503 790 1547 belli,
818 1504 863 1540 ad
883 1517 964 1553 quae
978 1503 1062 1553 jam
1090 1516 1158 1540 sua
1186 1509 1322 1554 sponte
1353 1503 1435 1540 ani-

325 1579 429 1603 mum
444 1566 675 1604 inclinasset.
732 1567 866 1610 Simul,
887 1574 930 1603 ut
949 1567 1166 1603 Demetrius
1194 1568 1232 1603 in
1253 1567 1331 1603 dles
1351 1579 1436 1604 sus·

325 1631 473 1681 pectior
492 1637 603 1674 esset,
625 1644 670 1667 ex
691 1632 905 1682 composito
925 1644 1116 1668 sermones
1140 1631 1187 1667 ad
1205 1631 1437 1681 spretionem

325 1694 590 1731 Romanorum
615 1696 840 1731 trahebant:
873 1695 926 1731 ibi
947 1708 1061 1744 quum
1087 1694 1151 1730 alii
1170 1707 1292 1730 mores
1320 1701 1358 1730 et
1378 1695 1436 1730 in-

325 1759 460 1794 stituta
479 1771 624 1802 eorum,
643 1760 706 1796 alii
734 1772 791 1796 res
812 1767 951 1808 gestaS,
973 1759 1036 1795 alii
1056 1759 1218 1808 speciem
1238 1758 1354 1808 ipsius
1375 1770 1437 1794 ur-

323 1822 398 1866 bis,
418 1823 586 1859 nondum
607 1832 800 1859 exornatae
820 1835 941 1871 neque
961 1821 1121 1872 publicis
1139 1833 1262 1870 neque
1281 1821 1436 1871 privatis

323 1889 434 1932 locis,
455 1889 518 1926 alii
539 1889 708 1938 singulos
729 1889 941 1939 principum
961 1887 1178 1931 eluderent;
1205 1885 1357 1936 juvenis
1377 1886 1436 1922 in-

326 1960 474 1996 cautuS‚
495 1960 531 1989 et
553 1965 681 1989 amore
700 1952 864 1988 nominis
885 1951 1067 1993 Romani,
1088 1957 1125 1985 et
1146 1950 1349 1985 certamine
1370 1949 1436 1985 ad-

325 2028 453 2053 versus
473 2015 643 2058 fratrem,
663 2016 791 2051 omnia
817 2013 959 2051 tuendo
986 2019 1198 2062 suspectum
1219 2025 1257 2048 se
1278 2013 1374 2062 patri
1399 2019 1437 2047 et

326 2083 584 2129 opportunum
612 2077 830 2114 criminibus
855 2075 1029 2113 faciebat.
1087 2075 1220 2124 Itaque
1245 2082 1438 2125 expertein

326 2155 412 2179 eum
443 2149 551 2192 pater
571 2143 739 2178 omnium
764 2142 808 2176 de
835 2139 946 2176 rebus
976 2138 1160 2174 Romanis
1191 2137 1437 2174 consiliorum

324 2205 515 2243 habebat:
547 2212 650 2241 totus
678 2206 716 2241 in
736 2205 873 2241 Persea
893 2215 1035 2245 versus,
1056 2214 1141 2238 Cum
1168 2215 1213 2238 eo
1233 2202 1436 2251 cogitatio-

327 2283 392 2309 nes
422 2270 502 2323 ejus
535 2271 590 2307 rei
618 2270 696 2306 dics
734 2282 777 2306 ac
807 2276 937 2305 noctes
975 2265 1157 2315 agitabat.
1214 2265 1436 2307 Redierant,
