1546 2648
355 170 436 223 146
510 190 514 196 ·
809 179 857 209 Τ.
877 178 1011 208 mvn

160 277 204 309 u.
217 276 256 308 C.
269 281 342 309 565.
354 285 428 322 que
446 275 694 309 monumenta
708 271 960 308 ostenduntur
975 277 1014 308 et
1027 277 1174 309 statuae.
1215 271 1318 309 Nam
1337 277 1376 309 et
1394 271 1463 309 Li-

157 320 198 352 Α·
214 319 254 353 C·
271 327 452 373 ¹⁸⁷·terni
472 339 773 378 monumentum,
795 341 1117 385 monumentoque
1139 341 1265 373 statua
1290 336 1462 386 superin-

351 401 480 452 posita
497 399 584 443 fuit,
611 411 723 448 quam
749 405 974 450 tempestate
999 399 1195 450 disjectam
1223 413 1344 452 nuper
1367 399 1465 436 vidi-

350 476 434 501 mus
454 463 538 514 ipsi.
594 463 647 500 Et
664 462 801 499 Romae
820 471 928 500 extra
945 469 1095 514 portam
1109 465 1302 515 Capenam
1320 464 1360 500 in
1381 463 1464 500 Sci-

347 530 507 582 pionum
527 535 775 566 monumento
795 535 870 566 tres
898 536 1033 566 statuae
1057 536 1168 567 sunt:
1201 543 1359 580 quarum
1379 530 1462 568 duae

347 593 392 631 P.
406 600 444 631 et
472 593 519 631 L.
537 593 758 644 Scipionum
787 593 964 630 dicuntur
992 606 1087 638 esse,
1121 595 1234 631 tertia
1261 599 1385 646 poetae
1411 594 1462 634 Q.

347 656 479 696 Ennii.
535 657 619 695 Nee
639 658 738 693 inter
757 657 958 708 scriptores
978 670 1104 695 rerum
1118 658 1308 709 discrepat
1325 657 1462 702 solum,

350 723 416 759 sed
445 722 638 758 orationes
665 734 830 771 quoque,
858 722 889 757 si
916 721 1030 758 modo
1059 723 1230 772 ipsorum
1258 727 1360 766 sunt,
1380 735 1464 771 quae

349 787 538 830 feruntur,
559 786 603 823 P.
617 786 805 836 Scipionis
821 792 860 822 et
876 786 936 823 Ti.
955 786 1119 823 Gracchi
1138 785 1347 822 abhorrent
1362 785 1463 822 inter

351 864 405 889 se.
461 851 580 888 Index
611 850 794 887 orationis
813 851 856 887 P.
873 851 1061 901 Scipionis
1091 863 1230 888 nomen
1259 849 1318 888 M.
1336 849 1464 887 Naevii

349 914 496 952 tribuni
515 914 635 965 plebis
650 913 788 951 habet:
821 915 902 965 ipsa
921 915 1044 951 oratio
1061 915 1142 951 sine
1155 914 1312 951 nomine
1326 920 1384 950 est
1399 927 1462 951 ac-

348 979 558 1016 cusatoris:
585 977 814 1015 nebulonem
842 979 973 1023 modo,
1003 979 1118 1016 modo
1146 986 1373 1028 nugatorem
1396 978 1462 1015 ad·

347 1043 476 1096 pellat.
532 1043 595 1080 Ne
614 1043 779 1079 Gracchi
798 1044 948 1092 quidem
969 1044 1094 1080 oratio
1121 1050 1187 1080 aut
1205 1042 1459 1087 Petilliorum,

348 1114 614 1145 accusatorum
632 1106 818 1150 Africani,
839 1114 905 1144 aut
924 1108 996 1144 diei
1012 1108 1122 1144 dictae
1141 1107 1326 1144 Africano
1346 1107 1462 1146 ullam

347 1173 583 1210 mentionem
618 1171 747 1208 habet.
803 1171 891 1208 Alia
924 1178 1009 1209 tota
1045 1172 1204 1209 serenda
1237 1172 1369 1209 fabula
1405 1178 1463 1209 est
1543 1174 1546 1214 i

349 1236 514 1273 Gracchi
552 1236 716 1272 orationi
748 1236 1000 1272 conveniens:
1033 1243 1071 1273 et
1107 1236 1161 1273 illi
1198 1243 1371 1273 auctores
1403 1249 1462 1274 se·

349 1301 490 1350 quendi
519 1306 622 1344 sunt,
642 1300 721 1350 qui,
752 1313 868 1349 quum
897 1300 943 1338 L.
958 1301 1086 1351 Scipio
1116 1307 1154 1337 et
1182 1308 1394 1345 accusatuS‚
1424 1308 1463 1339 et

350 1366 550 1403 damnatus
581 1365 631 1401 sit
662 1365 832 1415 pecuniae
865 1373 984 1416 captae
1016 1365 1063 1402 ab
1097 1379 1200 1415 rege,
1227 1365 1395 1415 legatum
1422 1367 1463 1403 in

349 1431 507 1469 Etruria
523 1429 640 1466 fuisse
658 1429 882 1466 Africanum
907 1431 1085 1467 tradunt:
1119 1443 1193 1480 quo
1216 1438 1302 1482 post
1321 1431 1463 1468 famam

352 1497 399 1533 de
412 1495 539 1532 fratris
560 1507 649 1530 casu
678 1494 856 1537 adlatam,
878 1495 1011 1532 relicta
1026 1495 1232 1544 legatione,
1254 1496 1464 1534 cucurrisse

353 1573 438 1598 eum
457 1546 648 1604 Romam3
681 1565 732 1602 et,
753 1572 869 1608 quum
898 1572 919 1596 a
938 1567 1049 1610 porta
1078 1567 1181 1596 recta
1210 1560 1258 1597 ad
1275 1560 1402 1598 forum
1423 1574 1463 1599 se

351 1623 590 1666 contulisset,
607 1622 709 1672 quod
722 1624 760 1658 in
772 1622 923 1659 vincula
938 1623 1023 1660 duci
1039 1623 1195 1660 fratrem
1210 1624 1352 1662 dictum
1367 1631 1462 1670 erat,

352 1688 535 1739 repulisse
561 1701 583 1724 a
605 1700 764 1737 corpore
790 1686 870 1737 ejus
889 1688 1095 1724 viatorem:
1126 1693 1163 1724 et
1181 1688 1343 1725 tribunis
1372 1690 1464 1726 reti·
1528 1713 1529 1716 =

352 1752 546 1795 uentibus,
584 1752 704 1800 magis
741 1751 816 1800 pie,
851 1764 963 1800 quam
1000 1750 1172 1794 civiliter,
1207 1752 1282 1788 vim
1316 1751 1464 1792 fecisse.
1525 1746 1528 1751 ⁴

354 1816 460 1854 Hinc
479 1817 578 1853 enim
606 1816 687 1865 ipse
712 1815 906 1851 Gracchus
934 1816 1115 1864 queritur,
1136 1815 1358 1854 dissolutam
1384 1830 1464 1855 esse

354 1895 377 1919 a
394 1883 542 1932 privato
561 1879 804 1916 tribuniciam
822 1886 1072 1929 potestatem:
1096 1887 1134 1916 et
1153 1881 1200 1917 acl
1214 1887 1461 1931 postremum,
1520 1903 1523 1906 <

353 1959 470 1996 quum
486 1944 668 1982 auxilium
683 1944 729 1981 L.
751 1944 919 1995 Scipioni
935 1943 1148 1994 pollicetur,
1165 1944 1309 1995 adjicit,
1325 1947 1465 1984 tolera·
1520 1955 1522 1958 '

354 2010 502 2046 bilioris
529 2008 691 2060 exempli
712 2021 806 2052 esse,
827 2022 850 2045 a
875 2009 1030 2046 tribuno
1055 2009 1174 2060 plebis
1194 2011 1334 2061 potius,
1354 2025 1467 2061 quam

357 2087 380 2111 a
398 2075 561 2124 privato,
582 2074 720 2110 victam
749 2074 865 2111 videri
891 2080 930 2110 et
953 2074 1195 2111 tribuniciam
1222 2081 1466 2125 potestatem,
1516 2091 1517 2094 ¹

356 2143 396 2175 et
415 2137 686 2188 rempublicam
709 2151 801 2175 esse.
859 2139 932 2175 Sed
949 2139 1004 2175 ita
1027 2139 1126 2175 hanc
1153 2152 1266 2176 unam
1289 2140 1467 2191 inpoten-

354 2207 434 2238 tem
467 2200 546 2250 ejus
580 2200 756 2251 injuriam
793 2202 934 2239 invidia
962 2209 1109 2245 onerat,
1147 2209 1202 2245 ut,
1236 2203 1466 2255 increpando

355 2265 458 2316 quod
478 2265 715 2314 degenerarit
731 2271 884 2303 tantum
903 2278 926 2302 a
945 2278 983 2302 se
1006 2266 1100 2317 ipse,
1121 2266 1329 2305 cumulatas
1349 2269 1382 2304 ei
1401 2281 1466 2306 ve·
1511 2263 1512 2267 ¹

355 2335 455 2367 teres
474 2329 601 2366 laudes
621 2330 891 2368 moderationis
912 2336 951 2368 et
968 2331 1228 2383 temperantiae
1248 2343 1319 2384 pro
1338 2343 1464 2386 repre·-
1491 2331 1510 2353 ·’
