1546 2648
350 173 431 213 116
478 215 482 222 ,
805 183 853 213 τ.
877 182 1009 213 mvn

154 273 246 305 ΠΟ·
265 270 568 321 ⁵⁶³·Numquam
604 270 695 308 alias
731 271 876 308 exsules
914 270 1291 308 Lacedaemoniorum
1322 270 1454 307 Achaei

154 316 248 348 A'C'
266 323 476 371 1‘³9’secum
502 335 734 372 adduxerant
764 336 802 371 in
832 335 937 378 fines,
958 336 1047 385 quia
1071 334 1167 372 nihil
1189 347 1293 383 aeque
1313 333 1454 370 aliena-

349 404 477 436 turum
510 400 655 436 animos
689 399 851 435 civitatis
884 399 1103 435 videbatur:
1145 406 1235 435 tunc
1269 398 1455 434 exercitus

351 463 468 499 totius
489 476 606 513 prope
626 463 865 511 antesignani
881 462 1028 499 exsules
1047 469 1166 499 erant.
1223 462 1256 498 Ii
1272 461 1458 498 venienti-

134 522 336 572 Lgceqaerpo-
350 526 421 563 bus
457 526 756 563 Lacedaemoniis
789 526 834 561 ad
872 532 1022 575 portam
1060 532 1268 564 castrorum
1307 525 1458 574 agmine

133 575 327 648 ἒὲὲῐξζὶὲζ,
352 589 455 626 facto
484 589 755 626 obcurrerunt:
788 595 825 624 et
853 589 975 639 primo
1001 588 1183 626 lacessere
1205 589 1362 638 jurgiis:
1395 588 1461 624 de·-

134 651 244 699 tur-ab
257 660 313 681 2¹·
351 654 439 691 inde
458 654 705 691 altercatione
724 659 823 696 orta,
843 666 958 702 quum
986 654 1279 690 accenderentur
1304 654 1383 697 irae,
1401 652 1458 689 fe-

137 693 275 725 suhbus.
351 718 538 754 rocissimi
561 716 731 753 exsulum
761 717 932 767 inpetum
961 717 1001 752 in
1029 716 1340 752 Lacedaemonios
1360 715 1460 753 fece-

351 787 451 818 runt.
508 781 638 820 Quum
656 780 709 816 illi
730 780 835 816 Deos
856 786 894 816 et
912 780 1022 816 fidem
1043 780 1254 829 legatorum
1274 787 1462 816 testaren-

350 851 427 889 tur,
449 852 487 882 et
505 844 621 894 legati
641 852 678 881 et
696 851 837 895 praetor
855 844 1096 881 submoveret
1117 843 1259 887 turbas,
1277 850 1315 880 et
1333 849 1462 895 prote·

352 915 459 959 geret
486 909 813 953 Lacedaemonios,
833 908 1056 958 vinculaque
1069 908 1152 960 jam
1170 909 1353 958 quosdam
1374 907 1463 958 inji-

351 974 495 1011 cientes
524 981 683 1018 arceret,
710 974 903 1011 crescebat
930 971 1095 1010 tumultu
1125 972 1317 1010 concitato
1336 972 1462 1010 turba.

350 1037 404 1075 Et
422 1038 555 1075 Achaei
574 1039 620 1075 ad
640 1038 897 1089 spectaculum
916 1039 1039 1089 primo
1059 1037 1363 1074 concurrebant:
1397 1037 1463 1074 de-

349 1101 440 1139 inde
466 1102 763 1139 vociferantibus
787 1102 993 1144 exsulibus,
1014 1112 1097 1151 quae
1128 1103 1229 1152 passi
1253 1101 1395 1145 forent,
1425 1106 1465 1137 et

351 1165 549 1202 orantibus
579 1178 704 1216 opem,
733 1164 1096 1214 adfirmantibusque
1125 1164 1250 1208 simul,
1270 1174 1466 1214 numquam

352 1230 466 1265 talem
493 1230 712 1265 occasionem
743 1229 939 1273 habituros,
972 1232 1004 1266 si
1035 1242 1113 1266 eam
1137 1230 1467 1278 praetermisissent:

344 1291 484 1341 foedus,
504 1294 601 1341 quod
618 1295 655 1329 in
675 1293 867 1342 Capitolio,
889 1295 983 1342 quod
1002 1295 1188 1343 Olympiae,
1205 1294 1300 1341 quod
1324 1295 1361 1329 in
1385 1302 1468 1329 arce

354 1357 505 1393 Athenis
521 1362 703 1393 sacratum
711 1356 861 1407 fuisset,
881 1359 1029 1395 irritum
1045 1371 1112 1407 per
1130 1359 1211 1394 illos
1229 1369 1324 1394 esse:
1348 1358 1467 1405 prius-

355 1433 464 1470 quam
483 1421 555 1456 alio
574 1422 617 1457 de
635 1423 771 1469 integro
779 1421 921 1470 foeclere
944 1423 1199 1470 obligarentur,
1219 1417 1341 1458 noxioe
1359 1423 1469 1470 pacni*-

356 1485 463 1521 endos
482 1497 553 1521 esse
563 1501 575 1529 ,·
605 1495 763 1521 accensa
786 1486 844 1521 his
870 1486 1026 1522 vocibus
1045 1479 1256 1522 multitudo
1269 1485 1316 1522 ad
1335 1497 1468 1521 vocem

355 1548 482 1591 unius,
509 1549 586 1597 qui,
622 1555 664 1585 ut
692 1548 862 1592 ferirent,
895 1549 1127 1592 inclamavit,
1161 1562 1250 1586 saxa
1274 1548 1463 1599 conjecit:

357 1618 471 1661 atque
490 1612 544 1648 ita
563 1612 842 1662 septemdecim,
859 1613 994 1662 quibus
1011 1613 1162 1650 vincula
1181 1625 1247 1664 per
1261 1612 1466 1649 tumultum

357 1674 497 1726 injecta
517 1684 638 1720 erant,
659 1677 849 1713 interfecti
865 1677 974 1713 sunt:
1007 1678 1205 1726 sexaginta
1221 1684 1296 1713 tres
1311 1682 1467 1727 postero

358 1739 418 1774 die
438 1740 715 1789 comprehensi,
734 1753 756 1776 a
774 1740 909 1789 quibus
931 1748 1072 1791 praetor
1091 1741 1166 1776 vim
1187 1746 1372 1783 arcuerat,
1393 1751 1472 1776 non

357 1803 446 1852 qnia
465 1803 587 1839 salvos
607 1803 732 1846 vellet,
754 1804 819 1840 sed
838 1805 926 1852 quia
944 1805 1066 1854 perire
1086 1817 1218 1841 caussa
1236 1804 1379 1841 indicta
1398 1816 1468 1840 no-

358 1865 477 1909 lebat,
505 1864 648 1916 objecti
676 1867 910 1903 multitudini
935 1868 1056 1911 iratae,
1077 1878 1191 1917 quum
1212 1868 1350 1904 aversis
1371 1867 1471 1903 auri-

356 1927 427 1964 bus
457 1942 579 1979 pauca
605 1929 723 1966 locuti
754 1937 892 1974 essent,
915 1931 1085 1967 damnati
1111 1943 1257 1975 omneS,
1278 1935 1316 1967 et
1341 1931 1471 1968 traditi

358 2001 445 2030 sunt
466 1995 513 2031 ad
533 1995 772 2046 supplicium.

141 2067 238 2107 Leges
254 2069 340 2108 pacis
412 2058 608 2096 XXXIV.
640 2059 728 2096 Hoc
754 2067 856 2096 metu
889 2059 1046 2111 injecto,
1069 2058 1369 2097 Lacedaemoniis
1400 2058 1471 2094 im-

139 2111 347 2185 ἓξὲῗοὲὲξθ·
358 2127 530 2171 peratum
564 2123 741 2173 primum,
778 2130 817 2159 ut
849 2134 977 2160 muros
1010 2124 1224 2160 diruerent:
1257 2121 1402 2165 deinde,
1429 2127 1472 2157 ut

314 2176 322 2185 ⁸
358 2195 489 2220 omnes
511 2185 654 2221 externi
683 2186 898 2229 auxiliares,
919 2188 982 2236 qni
1009 2186 1179 2223 mercede
1211 2185 1310 2236 apud
1339 2190 1470 2234 tyran-

356 2259 427 2284 nos
464 2248 704 2293 militassent,
737 2256 837 2286 terra
865 2250 1060 2287 Laconica
1092 2250 1338 2287 excederent:
1371 2254 1468 2292 tum,

357 2312 428 2356 uti,
443 2324 525 2362 quae
542 2314 695 2351 servitia
713 2315 864 2365 tyranni
883 2315 1124 2360 liberassent,
1144 2318 1206 2366 (ea
1221 2322 1359 2363 magna
1374 2310 1470 2349 mul-
1528 2332 1541 2345 ι
