1546 2648
98 215 141 245 U.
156 214 192 245 C.
208 220 280 251 573-

97 259 137 289 Λ.
152 257 188 289 C.
205 264 277 294 179·

294 117 376 161 282
430 168 434 175 .
732 129 777 157 T.
807 128 940 158 LIV11

293 216 602 268 temporibusque
631 216 769 267 iniquis
799 231 930 268 regum
949 219 1154 263 inminens,
1175 218 1397 266 tolleretur;

290 288 330 318 et
347 282 559 326 Bastarnae,
577 281 716 318 relictis
737 283 775 319 in
795 282 991 320 Dardania
1006 283 1232 335 conjugibus
1252 283 1399 320 liberis-

289 358 375 394 que,
411 347 458 382 ad
493 346 748 396 populandam
781 347 934 384 Italiam
967 354 1122 398 possent
1158 348 1270 384 mitti.
1327 348 1401 384 Per

288 410 490 447 Scordiscos
517 413 585 447 iter
603 423 673 447 esse
692 413 739 447 ad
756 424 857 448 mare
874 410 1132 450 Hadriaticum
1153 413 1372 460 Italiamque
1388 428 1400 448 .-

288 476 362 512 azia
381 477 441 512 via
461 478 600 513 traduci
619 479 814 513 exercitum
831 489 901 513 non
926 490 1028 526 posse
1044 494 1056 514 .·
1074 477 1193 527 facile
1213 478 1400 514 Bastarnis
1459 509 1461 511 .

289 540 492 577 Scordiscos
520 542 588 577 iter
615 542 764 577 daturos
779 558 792 578 :
821 554 883 578 nec
900 543 997 593 enim
1014 547 1079 579 aut
1099 543 1223 590 lingua
1240 547 1305 578 aut
1323 553 1398 578 mo-

289 604 384 640 ribus
402 605 554 652 aequales
572 604 760 640 abhorrere
771 621 784 648 ‚-
813 609 849 640 et
865 606 957 653 ipsos·
975 604 1204 651 adjuncturos
1219 616 1269 646 se,
1290 616 1399 652 quum

290 668 340 702 ad
362 668 526 714 praeclam
554 667 831 715 opulentissimae
856 669 974 714 gentis
1001 669 1053 703 ire
1070 668 1248 703 vidissent.
1304 665 1399 703 Inde

288 730 329 766 in
359 742 511 766 omnem
539 738 716 766 eventum
745 730 905 766 consilia
925 730 1287 767 commodabantur:
1319 730 1397 766 sive

290 794 378 830 caesi
397 793 445 830 ab
457 793 651 831 Romanis
671 793 801 830 forent
817 794 1030 838 Bastarnae,
1050 794 1250 831 Dardanos
1269 800 1397 836 tamen

290 857 475 902 sublatos,
510 859 749 908 praedamque
781 871 829 895 ex
860 858 1027 908 reliquiis
1052 859 1338 901 Bastarnarum,
1359 864 1398 894 et

290 923 569 971 possessionem
598 921 754 959 liberam
782 921 1001 965 Dardaniae,
1023 922 1161 958 solatio
1179 921 1287 958 fore:
1320 922 1397 958 sive

289 997 469 1035 prospere
499 985 715 1034 gessissent,
745 985 930 1021 Romanis
960 986 1098 1021 aversis
1128 986 1167 1021 in
1190 985 1396 1020 Bastarna·

289 1061 374 1085 rum
392 1049 546 1092 bellum,
567 1055 874 1099 recuperaturum
900 1061 940 1085 se
960 1049 999 1085 in
1019 1049 1180 1092 Graecia,
1201 1061 1282 1097 quae
1303 1048 1397 1084 ami-

289 1112 413 1150 sisset.
468 1112 565 1149 Haec
583 1112 750 1163 Philippi
771 1111 929 1149 consilia
947 1112 1110 1149 fuerant.

341 1175 492 1213 LVIII.
521 1176 689 1225 Ingressi
712 1182 801 1212 sunt
820 1183 957 1226 pacato
977 1177 1140 1225 agmine,
1160 1176 1233 1213 fide
1260 1176 1398 1212 Cotto-

288 1239 346 1275 nis
367 1246 405 1275 et
423 1239 634 1288 Antigoni:
667 1240 731 1276 sed
757 1240 858 1276 haud
877 1239 999 1276 multo
1027 1246 1115 1290 post
1135 1239 1275 1276 famam
1292 1251 1396 1276 mor-

285 1302 335 1338 tis
354 1302 523 1353 Philippi
542 1316 664 1352 neque
683 1303 849 1340 Thraces
878 1305 1106 1350 commercio
1125 1303 1253 1340 faciles
1274 1309 1394 1345 erant,

285 1378 408 1415 neque
429 1367 624 1404 Bastarnae
644 1373 746 1404 emto
766 1368 937 1404 contenti
957 1380 1037 1404 esse
1055 1373 1248 1418 poterant,
1270 1373 1336 1403 aut
1353 1367 1393 1402 in

285 1430 437 1479 agmine
471 1431 672 1474 contineri,
691 1444 740 1467 ne
769 1431 994 1469 decederent
1013 1432 1098 1468 via:
1131 1431 1218 1467 inde
1246 1429 1394 1481 injuriae

283 1492 385 1528 ultro
404 1494 575 1540 citroque
596 1494 674 1527 fieri
691 1510 702 1536 3
731 1507 886 1540 quarum
907 1495 947 1527 in
963 1495 1038 1528 dies
1059 1493 1293 1532 incremento
1311 1492 1392 1529 bel-

282 1554 361 1590 lum
379 1556 531 1592 exarsit.
587 1555 790 1591 Postremo
809 1555 992 1598 Thraces,
1009 1568 1124 1605 quum
1142 1556 1218 1592 vim
1234 1568 1277 1593 ac
1295 1555 1392 1592 mul·

280 1617 483 1654 titudinem
520 1619 705 1654 sustinere
737 1618 906 1654 hostium
938 1631 1015 1655 non
1048 1625 1218 1669 possent,
1251 1618 1390 1656 relictis

279 1680 553 1730 campestribus
582 1681 688 1725 vicis,
719 1682 756 1717 in
787 1688 957 1718 montem
985 1682 1149 1730 ingentis
1181 1681 1388 1718 altitudinis

280 1744 499 1792 (Donucam
519 1746 676 1793 vocant)
699 1751 978 1783 concesserunt.
1026 1745 1114 1784 Quo
1134 1744 1199 1781 ubi
1218 1745 1272 1780 ire
1290 1745 1387 1782 Bas·

276 1813 395 1844 tarnae
432 1808 586 1853 vellent,
620 1809 722 1858 quali
759 1815 982 1858 tempestate
1015 1808 1146 1845 Gallos
1180 1808 1385 1858 spoliantes

274 1870 448 1922 Delphos
467 1872 569 1910 fama
588 1879 645 1909 est
672 1879 860 1923 peremtos
882 1885 961 1909 esse
978 1889 988 1918 5
1020 1872 1106 1909 talis
1125 1879 1206 1908 tum
1225 1872 1383 1910 Bastar-

273 1949 356 1980 naS‚
374 1937 626 1986 nequidquam
643 1937 689 1973 ad
701 1936 799 1988 juga
813 1938 1000 1973 montium
1021 1937 1382 1987 adpropinquantes,

272 1999 484 2050 obpressit:
516 2013 637 2050 neque
666 2001 766 2038 enim
796 1999 914 2037 imbre
943 2007 1091 2037 tantum
1129 2000 1260 2043 effuso,
1295 2001 1380 2037 dein

272 2065 498 2102 creberrima
526 2067 708 2115 grandine
737 2066 863 2103 obruti
893 2073 994 2109 sunt,
1016 2079 1101 2102 cum
1130 2065 1275 2114 ingenti
1302 2065 1379 2101 fra-

271 2140 364 2177 gore
380 2128 466 2165 coeli
485 2129 763 2179 tonitribusque
783 2136 820 2167 et
847 2129 1059 2178 fulguribus
1080 2128 1379 2179 praestringenti-

270 2190 340 2228 bus
362 2193 478 2230 aciem
499 2193 718 2240 oculorum5
741 2194 806 2230 sed
828 2194 988 2231 fulmina
1007 2195 1120 2231 etIarn
1141 2194 1193 2230 sic
1214 2193 1377 2242 undique

271 2256 476 2302 micabant,
513 2263 554 2295 ut
586 2259 665 2311 peti
693 2258 908 2297 viderentur
941 2271 1101 2312 corpora
1112 2274 1125 2306 5
1158 2270 1226 2295 nec
1255 2255 1377 2294 solum
