1546 2648
317 184 401 234 264
455 216 460 223 .
772 195 818 224 T.
841 197 975 226 mvn

120 290 214 324 U.C.
232 283 540 326 572·conte1·ruit,
560 282 706 319 animos
724 282 970 322 barbarorum
990 300 998 322 ε
1030 292 1082 330 et,
1103 286 1200 324 clam
1225 298 1422 336 compara-

121 337 162 367 A·
177 335 214 365 C.
232 338 304 364 ¹⁸⁰¹
315 348 363 384 tis
380 347 514 397 copiis,
531 345 668 383 saltum
686 346 941 393 Manlianum,
962 363 1028 400 per
1047 364 1158 400 quem
1172 351 1420 388 transiturum

314 411 520 448 exercitum
540 409 758 447 Romanum
777 413 867 448 satis
888 413 1072 457 sciebant,
1091 415 1333 451 obsederunt.
1374 412 1421 448 In

312 473 541 524 Hispaniam
579 473 795 511 ulteriorem
830 477 935 512 eunti
969 476 1017 514 L.
1042 477 1242 514 Postumio
1277 475 1421 513 Albino

312 537 468 586 collegae
498 536 692 572 Gracchus
721 538 980 584 mandaverat,
1001 547 1043 576 ut
1070 541 1119 580 Q.
1137 540 1312 577 Fulvium
1341 551 1422 575 cer-

310 603 449 638 tiorem
476 602 632 643 faceret,
663 601 920 639 Tarraconem
954 605 1161 641 exercitum
1190 604 1417 641 adduceret:

311 666 360 702 ibi
379 666 514 701 dimitti
529 669 724 706 veteranos,
739 666 1052 714 supplementaque
1071 667 1291 710 distribuere,
1308 671 1343 703 et
1362 678 1421 702 or-

300 730 440 765 ›dinare
466 739 605 763 omnem
632 728 821 763 exercitum
840 739 912 763 sese
929 729 1030 764 velle.
1085 729 1179 765 Dies
1199 740 1363 778 quoque,
1384 733 1423 763 et

313 805 358 828 ea
385 792 612 842 propinqua,
633 790 733 826 edita
760 790 898 827 Flacco
927 798 998 835 est,
1020 805 1094 841 qua
1111 805 1306 829 successor
1323 797 1423 828 esset

119 872 255 911 Hispani
311 862 503 892 venturus.
552 854 646 890 Haec
666 866 765 890 nova
784 854 910 891 adlata
929 868 1001 898 res,
1023 856 1186 899 omissis,
1207 868 1289 905 quae
1309 867 1421 903 agere

119 915 541 964 Flaccoindnstituerat,
570 916 749 953 Flaccum
777 918 914 968 raptim
944 918 1127 955 deducere
1147 919 1353 955 exercitum
1373 929 1419 954 ex

118 959 283 991 summu*
312 982 518 1019 Celtiberia
545 994 661 1030 quum
690 981 891 1029 coegisset,
914 981 1081 1025 barbari,
1112 995 1252 1019 caussae
1281 982 1418 1032 ignari,

310 1058 417 1082 suam
437 1045 688 1081 defectionem
708 1050 744 1080 et
768 1043 865 1080 clam
890 1053 1110 1094 comparata
1138 1058 1241 1082 arma
1260 1045 1420 1081 sensisse

309 1122 410 1151 eum,
430 1114 469 1144 et
496 1107 734 1157 pertimuisse
759 1108 846 1150 rati,
867 1119 912 1144 eo
932 1107 1094 1143 ferocius
1115 1107 1252 1144 saltum
1272 1108 1418 1144 insede-

309 1178 410 1208 runt.
469 1170 547 1207 Ubi
575 1183 660 1206 euru
690 1169 827 1206 saltum
856 1171 979 1220 prima
1006 1170 1089 1207 luce
1119 1183 1255 1220 agmen
1274 1170 1419 1208 Roma-

309 1248 399 1271 num
421 1235 589 1276 intravit,
610 1240 764 1283 repente
793 1246 840 1270 ex
869 1234 1012 1271 duabus
1033 1236 1202 1285 partibus
1222 1234 1331 1272 simul
1353 1248 1418 1273 ex-

309 1299 383 1336 orti
412 1299 541 1334 hostes
571 1296 768 1333 Romanos
799 1297 1030 1335 invaserunt.
1085 1299 1199 1339 Quod
1229 1298 1293 1335 ubi
1325 1298 1418 1334 vidit

308 1363 480 1405 Flaccus,
512 1362 652 1411 primos
690 1361 888 1405 tumultus,
921 1362 960 1397 in
999 1363 1150 1410 agmine
1182 1375 1248 1413 per
1285 1369 1416 1399 centu-

309 1429 433 1463 riones
453 1433 553 1461 stare
582 1437 727 1468 omnes,
748 1437 817 1460 suo
837 1437 1022 1475 quemque
1051 1426 1151 1469 loco,
1172 1432 1210 1462 et
1229 1433 1332 1462 ar'tna
1352 1439 1416 1462 ex-

308 1490 435 1540 pedire
447 1488 635 1539 jubendo,
656 1489 800 1524 sedavit
817 1503 825 1524 :
857 1495 908 1532 et,
929 1490 1085 1525 sarcinis
1098 1488 1358 1539 jumentisque
1378 1479 1416 1524 in

308 1566 426 1590 unum
441 1552 568 1588 locum
587 1552 742 1595 coactis,
759 1552 886 1602 copias
908 1565 1038 1588 onmes
1058 1553 1196 1603 partim
1217 1553 1310 1602 ipse,
1330 1565 1416 1602 par-

309 1621 378 1655 tim
405 1632 470 1668 per
489 1617 634 1666 legatos
655 1617 904 1667 tribunosque
934 1618 1110 1661 militum,
1132 1625 1173 1654 ut
1192 1626 1355 1668 tempus,
1377 1624 1418 1653 ut

307 1685 412 1721 locus
442 1682 676 1734 postulabat,
706 1683 787 1719 sine
817 1682 893 1720 ulla
921 1684 1174 1734 trepidatione
1203 1683 1412 1728 instruxit5

307 1761 388 1784 cum
417 1747 466 1783 bis
494 1747 624 1783 deditis
650 1758 726 1782 rem
753 1758 823 1782 esse
843 1746 1062 1783 admonens.
1119 1747 1241 1782 Scelus
1259 1751 1294 1782 et
1310 1747 1417 1794 perfi-

308 1814 405 1847 diam
425 1812 512 1853 illis,
533 1822 603 1845 non
631 1811 812 1852 virtutem,
833 1822 897 1846 uec
915 1812 1075 1846 animum
1095 1811 1286 1846 accessisses
1343 1809 1417 1845 Re-

307 1877 422 1911 ditum
450 1874 639 1922 ignobilem
668 1876 704 1910 z'n
729 1876 906 1922 patriam,
927 1876 1065 1911 clarum
1094 1888 1136 1911 ac
1154 1874 1417 1912 memorabilem

306 1951 362 1974 eos
375 1939 441 1974 sibi
458 1936 590 1986 fecisse
605 1953 617 1972 .·
645 1943 806 1974 cruentos
825 1950 866 1973 ex
883 1940 1016 1974 recenti
1035 1939 1126 1974 ccede
1154 1937 1307 1974 hostiam
1331 1938 1415 1985 gla-

306 2004 394 2044 dios,
416 2007 450 2038 et
480 2003 666 2037 manantia
694 2003 868 2049 sanguine
895 2002 1025 2049 spolia,
1045 2001 1200 2037 Romam
1219 2002 1268 2037 ad
1287 2003 1414 2038 trium-

303 2066 417 2114 phum
437 2066 629 2110 delaturos.
686 2065 801 2101 Plura
820 2065 892 2102 dici
914 2073 1060 2115 tempus
1080 2078 1158 2101 non
1177 2064 1410 2115 patiebatur:

305 2128 536 2164 invehebant
565 2141 604 2163 se
633 2128 777 2171 hostes,
807 2135 845 2165 et
874 2130 912 2164 in
932 2129 1102 2179 partibus
1132 2129 1308 2164 extremis
1330 2127 1412 2178 jam

304 2190 566 2242 pugnabatur:
599 2191 730 2227 deinde
751 2192 848 2234 acies
870 2198 1156 2228 concurrerunt.

356 2254 445 2291 XL.
474 2255 596 2293 Atrox
635 2254 774 2304 ubique
803 2255 993 2305 proelium,
1031 2255 1096 2291 sed
1125 2255 1229 2291 varia
1257 2254 1410 2291 fortuna

302 2326 383 2356 erat
401 2334 408 2355 :
441 2320 592 2368 egregie
611 2319 794 2368 legiones,
815 2332 885 2356 uec
905 2321 1056 2369 segnius
1076 2320 1158 2356 ‹luae
1178 2318 1245 2357 alae
1264 2331 1408 2369 pugua-
