1546 2648
311 188 397 244 458
751 202 796 232 T.
819 203 951 234 mvn

114 291 158 321 U.
173 291 209 322 C.
225 299 297 327 ⁵84-
309 288 516 339 praebente,
534 288 794 328 versabantur.
849 292 1038 336 Antenor,
1058 293 1187 330 Persei
1206 293 1419 344 praefectuS,

113 335 155 365 Α·
168 334 206 366 C‘
225 341 295 368 ¹⁶⁸·
309 366 425 403 quum
443 353 587 403 aliquas
607 354 684 391 alto
710 355 877 406 praeferri
909 358 1099 394 onerarias
1127 370 1240 395 naves
1268 371 1314 394 ex
1333 370 1417 408 spe-

307 417 400 455 culis
420 418 672 468 significatum
701 419 814 463 foret,
845 427 951 470 parte
970 421 1181 459 lemborum
1207 423 1287 472 ipse
1317 423 1417 458 inse-

306 494 441 531 quens,
470 489 577 532 parte
602 495 668 533 per
688 483 870 532 Cycladas
897 485 1093 535 disposita,
1114 493 1365 536 praeterquam
1384 484 1416 521 si
1537 535 1542 538 ῃ

306 559 389 596 quae
408 546 674 584 Macedoniam
693 554 879 598 peterent,
907 562 1037 586 omnes
1058 557 1122 586 aut
1142 549 1415 600 subprimebat,
1519 554 1535 598 {3⁴

305 616 372 646 aut
391 611 580 661 spoliabat
605 624 742 647 naves:
775 612 910 660 quibus
944 620 1108 662 poterat,
1139 613 1324 662 Popillius
1350 619 1416 649 aut
1519 635 1541 682 θ

301 674 485 711 Eumenis
512 688 627 711 naves
652 675 923 712 subcurrebat:
957 677 1022 712 sed
1050 678 1148 713 vecti
1175 684 1289 713 nocte
1316 677 1416 713 binis

303 748 369 776 aut
397 741 514 777 ternis
544 740 763 790 plerumque
794 741 927 778 lembis
957 742 1188 779 Macedones
1218 742 1414 780 fallebant.

300 803 376 840 Per
394 804 431 840 id
449 803 528 841 fere
548 811 695 855 tempus
712 804 827 854 legati
842 805 1072 843 Macedones
1089 806 1283 856 Illyriique
1302 806 1415 843 simul

301 866 485 904 Rhodum
505 875 701 912 venerunt,
723 868 858 918 quibus
888 872 1155 906 auctoritatem
1175 870 1316 907 addidit
1335 882 1414 906 non

302 932 515 969 lemborum
535 933 649 970 modo
675 934 872 978 adventus,
902 937 1044 986 passim
1063 949 1129 986 per
1149 935 1332 985 Cycladas
1353 941 1412 971 at-

305 1002 378 1046 que
396 997 575 1046 AEgaeum
593 998 812 1047 vagantium
832 1011 948 1042 mare,
970 1000 1033 1035 sed
1054 1000 1167 1036 etiam
1192 998 1415 1049 conjunctio

304 1062 386 1112 ipsa
405 1074 536 1111 regum
555 1062 682 1098 Persei
713 1062 932 1111 Gentiique,
963 1069 1001 1099 et
1030 1063 1132 1099 fama
1161 1075 1245 1099 cum
1273 1075 1415 1111 magno

303 1139 462 1163 numero
488 1127 658 1177 peditum
687 1128 931 1177 equitumque
958 1128 1188 1163 venientium
1205 1127 1416 1164 Gallorum.

300 1188 447 1239 Etjam
463 1203 577 1239 quum
591 1191 837 1227 accessissent
851 1191 967 1226 animi
978 1190 1124 1226 Dinoni
1139 1203 1183 1226 ac
1195 1189 1415 1239 Polyarato,

302 1257 368 1306 qui
381 1256 509 1294 Persei
525 1257 688 1307 partium
709 1263 830 1299 erant,
847 1269 926 1292 non
945 1256 1111 1305 benigne
1126 1257 1239 1292 modo
1258 1268 1416 1306 respon-

302 1333 385 1358 sum
405 1321 556 1370 regibus
576 1327 647 1364 est,
661 1322 724 1358 sed
743 1321 865 1371 palam
883 1321 1190 1371 pronunciatum,
1203 1322 1416 1370 bellofinem

301 1398 338 1423 se
356 1388 573 1423 auctoritate
593 1398 659 1422 sua
685 1388 900 1435 inposituros
921 1398 1019 1423 esse:
1047 1388 1167 1434 itaque
1184 1381 1253 1434 ipsi
1281 1397 1418 1434 quoque

302 1463 400 1499 reges
418 1463 534 1499 aequos
552 1451 759 1487 adhiberent
777 1453 916 1487 animos
934 1452 983 1486 ad
996 1462 1125 1498 pacem
1143 1451 1398 1498 accipiendam.

356 1515 493 1552 XXX.
522 1515 610 1552 Jam
629 1516 726 1552 veris
746 1515 973 1565 principium
1002 1521 1096 1557 erat,
1117 1514 1281 1563 novique
1301 1515 1413 1551 duces

302 1579 342 1616 in
362 1579 595 1630 provinciam
624 1585 829 1624 veneraut3
862 1578 995 1615 consul
1013 1577 1192 1614 AEmilius
1220 1579 1258 1613 in
1283 1577 1415 1614 Mace-

304 1644 471 1688 doniam,
493 1643 674 1680 Octavius
695 1643 838 1679 Oreum
858 1643 905 1679 ad
934 1642 1104 1686 classem,
1125 1643 1283 1678 Anicius
1303 1643 1342 1678 in
1363 1642 1416 1679 Il-

113 1702 256 1752 Gentius·
304 1707 476 1758 lyricum,
512 1708 572 1744 cui
597 1706 814 1743 bellandum
844 1706 1018 1743 adversus
1052 1705 1246 1742 Gentium.
1302 1705 1417 1742 Patre

109 1747 279 1820 ῖῗςέὶὲἶωο
303 1772 483 1809 Pleurato
503 1784 592 1821 rege
611 1771 827 1821 lllyriorum
853 1777 890 1806 et
910 1776 1028 1806 matre
1047 1769 1238 1819 Eurydica
1264 1770 1415 1818 genitus

303 1836 438 1874 fratres
469 1836 577 1879 duos,
609 1835 801 1872 Platorem
832 1842 992 1884 utroque
1022 1841 1192 1885 parente,
1223 1834 1415 1871 Caravan-

303 1901 399 1936 tium
437 1906 557 1936 matre
590 1899 720 1935 eadem
753 1905 899 1941 natum,
937 1898 1083 1934 habuit.
1141 1898 1229 1934 Hoc
1261 1904 1418 1948 propter

304 1964 586 2014 ignobilitatem
618 1968 812 2013 paternam
848 1962 970 1997 minus
1001 1968 1190 2012 suspecto,
1223 1960 1414 1998 Platorem

306 2028 447 2065 occidit
472 2034 508 2063 et
528 2027 622 2063 duos
643 2026 783 2062 amicos
811 2024 905 2075 ejus,
927 2025 1111 2061 Ettritum
1131 2031 1168 2061 et
1187 2024 1414 2075 Epicadum,

304 2092 475 2142 inpigros
509 2092 623 2133 viros,
659 2103 734 2139 quo
766 2090 884 2125 tutius
917 2095 1103 2138 regnaret.
1172 2087 1291 2125 Fama
1326 2088 1414 2132 fuit,

306 2155 467 2192 Honuni
494 2155 761 2190 Dardanorum
784 2153 962 2203 principis
983 2152 1096 2188 filiam
1116 2151 1276 2188 Etutam
1301 2157 1417 2202 pacto
1510 2146 1515 2209 J

287 2215 413 2256 ‘fratri
433 2231 516 2254 eum
537 2218 727 2260 invidisse,
742 2223 934 2265 tamquam
952 2216 1010 2251 his
1031 2215 1172 2264 nuptiis
1193 2214 1417 2265 adjungenti
1509 2215 1512 2242 ¹

300 2282 376 2318 ‘sibi
405 2281 673 2318 Dardanorum
701 2287 879 2329 gentem:
913 2286 951 2315 et
970 2279 1128 2315 similius
1155 2278 1192 2314 id
1218 2291 1307 2315 vero
1323 2278 1415 2315 fecit
1506 2246 1511 2319 l
1543 2299 1546 2336 ]

1504 2358 1508 2406 l

304 2346 419 2382 ducta
438 2358 482 2382 ea
506 2345 628 2395 virgo,
649 2344 802 2384 Platore
827 2342 1042 2381 interfecto.
1100 2341 1234 2379 Gravis
1263 2341 1412 2386 deinde,
