1546 2648
157 291 200 322 U.
211 292 249 324 C.
266 301 338 331 570.

156 334 195 364 Α.
210 335 246 367 C.
265 345 337 370 182.

354 188 435 232 228
493 200 497 208 ·
792 206 837 234 τ.
861 207 998 236 mvn

347 294 599 338 germanitatis
615 297 836 339 memoriam,
855 299 1002 346 puerilis
1019 299 1196 346 quondam
1216 299 1459 347 simplicitatis

349 359 678 407 consuetudinisque
703 361 796 397 inter
819 373 891 404 cos,
912 375 1069 398 meorum
1089 364 1237 411 denique
1259 368 1454 411 praecepto-

347 432 452 464 rum,-
481 434 570 469 quae,
591 435 725 466 vereor,
754 437 798 460 ne
824 436 919 460 vana
945 427 1060 461 surdis
1086 426 1229 462 auribus
1257 429 1453 463 cecinerim.

349 484 494 525 Quoties
511 499 588 534 ego,
615 488 836 524 audientibus
854 489 960 532 vobis,
982 490 1174 525 detestatus
1199 492 1359 538 exempla
1379 491 1452 526 dis-

344 550 820 598 cordiarumfraternarum,
837 552 1028 588 horrendos
1039 557 1181 589 eventus
1195 565 1313 590 eorum
1327 555 1452 596 retuli,

342 613 464 659 quibus
498 626 534 649 se
567 616 781 662 stirpemque
812 627 927 657 suam,
954 617 1086 659 domos,
1124 629 1248 664 regna,
1275 616 1451 665 funditus

340 679 577 714 evertissent?
604 680 761 714 Meliora
780 691 916 726 quoque
940 681 1099 727 exempla
1118 685 1225 727 parte
1243 681 1358 716 altera
1379 693 1446 728 po-

337 742 416 784 sui5
443 742 644 777 sociabilem
674 743 924 777 consortionem
950 743 1043 777 inter
1067 742 1163 778 binos
1181 744 1449 780 Lacedaemoni·

337 816 438 840 orum
457 817 567 852 reges,
585 808 783 842 salutarem
797 818 863 854 per
878 807 990 842 multa
1003 808 1121 843 secula
1137 808 1222 855 ipsis
1235 809 1446 856 patriceque.

335 868 513 905 Eamdem
532 871 725 912 civitatem,
743 875 930 917 postquam
955 882 1028 905 mos
1045 870 1110 905 sibi
1136 872 1260 918 cuique
1283 873 1446 920 rapiendi

336 934 560 980 tyrannidem
577 938 718 968 exortus
745 935 804 974 sit,
825 945 991 968 eversam.
1047 933 1134 969 Jam
1164 933 1224 969 lios
1246 934 1444 971 Eumenem

331 997 570 1045 Attalumque
590 996 746 1045 fratres,
777 1009 798 1031 a
825 1008 932 1044 quam
961 998 1095 1042 exiguis
1121 997 1233 1039 rebus,
1261 1010 1374 1045 prope
1401 1004 1443 1034 ut

326 1060 481 1106 puderet
500 1061 586 1106 regii
605 1061 768 1101 nominis,
786 1059 888 1100 mihi,
902 1059 1092 1101 Antiocho,
1109 1065 1144 1095 et
1162 1060 1305 1096 cuilibet
1316 1073 1439 1108 regum

331 1122 434 1167 liujus
452 1125 580 1165 aetatis,
602 1124 705 1157 nulla
724 1134 762 1157 re
786 1124 913 1168 magis,
934 1134 1039 1168 quam
1055 1122 1231 1169 fraterna
1260 1126 1440 1160 unanimi-

330 1192 417 1228 tate,
444 1199 589 1234 regnum
615 1198 779 1233 (equasse.
836 1186 893 1220 Ne
913 1185 1084 1221 Romanis
1103 1187 1243 1233 quidem
1273 1189 1441 1236 exemplis

327 1239 495 1292 abstinui,
517 1261 592 1297 quae
617 1254 681 1285 aut
705 1250 794 1290 visa,
825 1253 889 1284 aut
917 1250 1043 1284 audita
1073 1249 1245 1286 habeam.-
1279 1251 1319 1287 T.
1332 1256 1367 1287 et
1392 1252 1436 1288 L.

329 1316 591 1356 Quinctiorum,
624 1316 685 1362 qui
711 1314 838 1349 bellum
862 1326 998 1349 ‘mecum
1023 1320 1230 1361 gcsserunt5
1260 1316 1304 1351 P.
1332 1321 1366 1352 et
1390 1317 1434 1353 L.

327 1380 548 1427 Scipionum,
565 1380 626 1426 qui
639 1377 856 1414 Antiochum
872 1379 1074 1414 devicerunt
1086 1395 1098 1422 ,-
1115 1382 1232 1426 patris
1241 1382 1439 1429 patruique

323 1456 459 1485 eorum,
481 1455 630 1491 quorum
653 1446 861 1490 perpetuam
882 1443 963 1477 vitce
988 1445 1211 1480 concordiam
1233 1456 1330 1488 'mors
1348 1457 1436 1492 quo-

323 1522 390 1558 que
408 1509 559 1545 miscuit.
617 1507 740 1554 Neque
757 1518 817 1541 vos
842 1507 984 1542 illorum
1005 1508 1128 1550 scelus,
1147 1509 1340 1556 similisque
1360 1521 1434 1546 sce-

321 1575 389 1610 leri
416 1577 572 1614 eventus,
594 1573 771 1607 deterrere
795 1583 817 1606 a
836 1572 976 1606 vecordi
995 1572 1172 1607 discordia
1196 1575 1342 1620 potuit:
1371 1586 1434 1610 ne-

320 1650 388 1686 que
418 1638 545 1673 horum
578 1636 667 1671 bona
698 1647 808 1676 menS,
839 1634 928 1669 bona
954 1634 1126 1682 fortuna,
1158 1637 1206 1671 acl
1239 1638 1432 1674 sanitatem

318 1705 468 1747 flectere.
521 1700 605 1736 Vivo
623 1704 658 1735 et
674 1701 831 1747 spirante
850 1710 916 1740 me,
938 1698 1181 1735 haereditatem
1197 1712 1313 1735 meam
1327 1701 1432 1737 ambo

305 1747 353 1802 νεἰ
370 1778 430 1814 spe
448 1769 483 1801 et
502 1765 700 1812 cupiditate
719 1761 867 1809 inproba
886 1762 1052 1796 crevistis.
1110 1762 1166 1797 Eo
1182 1774 1287 1810 usque
1302 1775 1358 1798 me
1376 1765 1428 1799 vi-

316 1843 396 1867 vere
413 1830 533 1871 vultis,
555 1829 678 1868 donec,
699 1827 848 1861 alterius
865 1823 1016 1860 vestram
1031 1830 1218 1872 superstes,
1235 1825 1333 1862 haud
1351 1839 1429 1862 am-

315 1896 458 1942 biguum
471 1904 590 1940 regem
604 1891 757 1926 alterum
770 1900 850 1924 mea
862 1893 974 1925 morte
977 1887 1135 1936 facium.
1166 1889 1243 1924 Nec
1247 1888 1425 1937 fratrem,

314 1971 377 1995 nec
392 1962 534 2006 patrem
559 1957 706 2004 potestis
728 1955 834 2002 pati:
861 1954 954 1989 nihil
982 1955 1069 1989 cari.
1091 1954 1183 1989 nihil
1210 1957 1326 1991 sancti
1351 1961 1428 1993 est:

313 2026 349 2059 in
364 2023 521 2058 omnium
539 2021 645 2056 vicem
663 2019 763 2064 regni
778 2018 883 2052 unius
903 2016 1115 2052 insatiabilis
1132 2029 1235 2053 amor
1248 2021 1424 2056 successit.

310 2087 433 2132 Agite,
454 2083 687 2120 conscelerate
715 2092 817 2116 aures
840 2085 1034 2128 paternas:
1063 2081 1238 2116 decernite
1264 2082 1424 2117 crimini-

310 2151 482 2190 bus‚mox
500 2145 607 2195 ferro
626 2145 827 2181 decreturi:
858 2145 966 2180 dicite
992 2143 1132 2191 palam,
1153 2145 1328 2192 quidquid
1357 2150 1422 2181 aut

308 2215 382 2250 ceri
408 2212 568 2260 potestis,
599 2213 664 2245 aut
697 2210 912 2245 comminisci
949 2209 1043 2244 libet.
1101 2208 1282 2245 Reseratae
1318 2221 1423 2246 aures

307 2282 403 2319 sunt,
424 2288 501 2324 quce
515 2274 664 2323 posthac
689 2274 829 2309 secretis
847 2273 996 2308 alterius
1020 2272 1064 2307 ab
1083 2273 1197 2308 altero
1217 2273 1421 2309 criminibus

307 2342 526 2379 claudentur.
574 2337 683 2381 Haec,
700 2337 827 2375 furens
847 2337 915 2380 ira,
937 2349 1052 2385 quum
1065 2336 1234 2381 dixisset,
1252 2335 1415 2375 lacrimae
