1546 2648
132 258 174 290 U.
187 258 225 291 C.
242 264 319 293 ⁵6⁶.

130 303 172 333 A.
187 302 225 333 C.
243 307 316 336 186.

130 1991 216 2023 Galli
233 1991 267 2022 in

130 2035 301 2067 Venetiam

129 2084 232 2110 trans-

131 2123 241 2162 gressi.

330 161 409 214 176
458 175 462 182 ⁸
660 164 663 166 ’
755 177 800 206 τ.
834 176 967 208 mvn

327 262 511 306 exercitu,
533 263 713 301 Celtiberi
734 266 781 302 ad
801 267 1038 317 Calagurrim
1061 269 1240 320 oppidum
1263 269 1362 307 ultro
1380 268 1435 307 la-

328 326 560 363 cessiverunt
588 327 726 378 proelio
755 328 967 369 Romanos.
1022 331 1132 368 Nihil
1157 333 1332 376 traditur,
1352 346 1435 383 quae

325 400 459 427 caussa
470 404 629 429 numero
645 400 758 430 aucto
775 394 997 432 infirmiores
1014 408 1078 433 eos
1091 396 1223 433 fecerit
1239 413 1246 433 :
1270 398 1437 447 superati

324 453 462 502 proelio
491 462 601 491 sunt:
635 457 681 492 ad
709 457 906 494 duodecim
941 459 1061 496 millia
1095 460 1293 497 hominum
1323 474 1434 504 caesa,

324 516 407 567 plus
424 517 499 554 duo
519 525 653 568 capta3
687 525 723 556 et
739 521 870 557 castris
890 521 1084 559 Romanus
1103 524 1247 574 potitus
1264 538 1271 559 :
1294 531 1346 568 et,
1363 524 1436 561 nisi

325 591 520 617 successor
545 581 708 618 adventu
735 595 804 620 suo
825 584 1051 621 inhibuisset
1069 586 1240 635 inpetum
1265 587 1435 630 victoris,

324 643 471 681 subacti
495 644 676 682 Celtiberi
697 646 835 684 forent.
893 648 996 685 Novi
1021 657 1201 699 praetores
1232 650 1346 687 ambo
1371 663 1437 687 ex·

323 709 461 746 ercitus
481 709 520 746 in
539 709 700 746 hiberna
718 711 966 749 deduxerunt.

378 773 517 810 XXII.
547 775 619 811 Per
635 787 698 811 eos
716 775 807 819 dies,
823 775 959 825 quibus
975 777 1056 813 haec
1073 790 1119 814 ex
1135 777 1325 829 Hispania
1337 791 1438 816 nun-

326 838 426 875 ciata
445 845 547 882 sunt,
578 838 655 875 ludi
682 838 814 876 Taurii
843 853 910 891 per
937 840 1094 878 biduum
1122 841 1214 878 facti
1244 842 1438 892 religionis

325 915 458 939 caussa
473 916 484 954 :⁴
516 906 600 954 (per
620 904 716 951 dies)
736 904 863 942 decem
885 905 1085 955 adparatos
1103 905 1237 943 deinde
1252 906 1360 944 ludos
1379 907 1438 946 M.

322 965 492 1010 Fulvius,
523 979 617 1016 quos
647 974 801 1004 voverat
823 967 996 1005 AEtolico
1024 968 1142 1014 bello,
1161 969 1264 1007 fecit.
1320 971 1436 1007 Multi

324 1030 486 1068 artifices
517 1044 562 1068 ex
594 1031 743 1069 Graecia
774 1038 959 1069 venerunt
991 1032 1148 1069 honoris
1179 1033 1260 1084 ejus
1291 1047 1436 1072 caussa.

324 1092 567 1130 Athletarum
593 1107 744 1144 quoque
772 1102 963 1131 certamen
994 1100 1074 1131 tum
1103 1096 1226 1145 primo
1251 1095 1438 1134 Romanis

325 1159 542 1209 spectaculo
561 1159 648 1203 fuit,
669 1167 707 1196 et
725 1160 877 1197 venatio
897 1160 986 1196 data
1004 1159 1157 1196 leonum
1177 1166 1215 1195 et
1234 1160 1439 1210 panthera-

324 1234 431 1268 rnm3
464 1229 501 1259 et
521 1235 640 1274 prope
664 1222 777 1274 hujus
798 1223 914 1260 seculi
941 1223 1052 1274 copia
1071 1236 1115 1260 ac
1134 1223 1316 1260 varietate
1339 1222 1439 1259 ludi-

327 1298 432 1322 crum
465 1285 694 1323 celebratum
728 1293 798 1324 est.
853 1285 1104 1323 Novemdiale
1129 1286 1262 1323 deinde
1291 1298 1439 1324 sacrum

325 1350 464 1394 tenuit,
481 1350 583 1399 quod
597 1351 637 1387 in
651 1350 795 1387 Piceno
814 1362 880 1401 per
894 1350 1059 1387 triduum
1075 1349 1261 1400 lapidibus
1276 1349 1439 1400 pluerat,

326 1413 509 1463 ignesque
524 1413 695 1450 coelestes
713 1413 958 1451 multifariam
973 1414 1049 1450 orti
1068 1413 1254 1450 adussisse
1267 1412 1438 1464 complu-

325 1479 424 1514 rium
438 1477 510 1514 levi
528 1477 666 1514 adflatu
682 1478 908 1515 vestimenta
918 1477 1082 1515 maxime
1093 1475 1329 1514 dicebantur.
1356 1477 1438 1514 Ad-

326 1542 406 1578 dita
423 1548 462 1578 et
482 1554 598 1578 unum
618 1542 716 1578 diem
744 1541 971 1593 supplicatio
991 1547 1048 1578 est
1073 1554 1120 1578 ex
1139 1541 1290 1578 decreto
1308 1542 1439 1591 ponti-

325 1605 453 1649 ficum,
473 1606 575 1655 qnod
604 1606 698 1641 aedes
719 1605 814 1656 Opis
842 1606 883 1641 in
907 1604 1100 1656 Capitolio
1129 1604 1175 1641 de
1203 1603 1302 1641 coelo
1335 1611 1438 1641 tacta

327 1678 406 1707 erat
422 1684 430 1706 :
453 1671 587 1707 hostiis
601 1669 808 1720 majoribus
822 1669 994 1707 consules
1007 1676 1272 1720 procurarunt,
1286 1667 1438 1706 urbem-

326 1747 399 1785 que
421 1734 689 1772 lustraverunt.
746 1734 824 1771 Sub
852 1735 950 1770 idem
978 1740 1127 1784 tempus
1147 1739 1185 1769 et
1210 1745 1256 1769 ex
1277 1731 1440 1770 Umbria

325 1800 546 1835 nunciatum
580 1806 651 1842 est,
681 1799 917 1835 semimarem
940 1797 1139 1834 duodecim
1167 1797 1285 1833 ferme
1317 1808 1438 1832 annos

325 1870 458 1900 natum
476 1864 694 1900 inventum:
727 1862 765 1898 id
784 1862 1000 1914 prodigium
1019 1860 1297 1903 abominantes,
1318 1860 1438 1897 arceri

325 1926 506 1965 Romano
519 1940 611 1976 agro
624 1927 824 1976 necarique
837 1926 1111 1976 quamprimum
1118 1923 1328 1974 jusserunt.
1356 1923 1437 1961 Eo-

327 1993 412 2030 dem
430 2005 531 2029 anno
547 1991 649 2028 Galli
663 1990 920 2041 Transalpini,
940 1988 1164 2037 transgressi
1184 1988 1222 2024 in
1238 1987 1440 2025 Venetiam

328 2060 409 2096 sine
437 2057 686 2110 populatione
719 2063 784 2094 aut
811 2056 928 2098 bello,
958 2055 1058 2091 haud
1087 2051 1219 2104 procul
1247 2052 1348 2096 inde,
1373 2050 1438 2088 ubi

327 2136 429 2162 nunc
458 2122 637 2172 Aquileia
670 2129 741 2164 est,
772 2121 897 2157 locum
928 2119 1069 2169 oppido
1103 2116 1301 2154 condendo
1331 2128 1441 2166 cepe-

328 2195 429 2226 runt.
476 2187 632 2235 Legatis
652 2184 854 2228 Romanis,
868 2184 914 2219 de
930 2196 974 2219 ea
989 2194 1028 2218 re
1044 2188 1147 2218 trans
1164 2180 1281 2230 Alpes
1302 2180 1440 2223 missis,

327 2263 550 2304 responsum
577 2256 648 2293 est,
670 2250 794 2297 Neque
818 2246 1000 2297 profectos
1025 2258 1066 2282 ex
1092 2245 1311 2281 anctoritate
1326 2246 1442 2291 gentis

327 2330 399 2363 eoS‚
419 2328 497 2361 nec,
523 2315 609 2364 quid
636 2315 670 2350 in
691 2313 803 2350 Italia
819 2311 1005 2363 jacerent,
1033 2322 1068 2347 se
1093 2311 1194 2347 scire.
1252 2307 1298 2345 L.
1315 2307 1443 2358 Scipio
