1546 2648
304 164 386 219 256
452 217 456 224 .
607 184 621 201 ,Δ
756 174 803 203 Τ.
827 176 961 205 mvn

108 268 151 299 U.
165 268 201 299 C.
216 262 477 312 571.Equites‚
509 259 693 311 bipartito
721 261 761 297 in
791 275 858 299 eos
895 262 1034 306 emissi,
1065 275 1242 312 magnam
1272 263 1410 300 caedem

107 311 149 342 A·
167 311 287 343 C·¹⁸¹'
304 326 476 362 edidere:
509 325 555 360 ad
573 324 709 373 viginti
725 325 798 361 tria
816 325 935 362 millia
952 326 1122 362 hostium
1142 339 1187 362 eo
1207 326 1266 362 die
1285 339 1382 362 caesa
1399 340 1409 362 :

304 398 416 440 capta
434 395 597 438 quatuor
615 388 734 425 millia
758 395 796 425 et
822 390 1066 438 septingenti,
1088 402 1173 425 cum
1193 390 1297 438 equis
1327 388 1411 439 plus

304 453 536 503 quingentis,
557 458 595 488 et
614 453 722 501 signa
740 452 918 489 militaria
937 454 1137 501 octoginta
1155 461 1256 489 octo.
1296 452 1411 500 Mag-

303 530 355 554 na
372 517 544 559 victoria,
560 528 638 551 non
666 522 794 552 tamen
814 516 1011 552 incruenta
1039 516 1124 552 fuit.
1179 516 1347 552 Romani
1366 515 1412 551 de

303 579 447 617 duabus
476 578 690 627 legionibus
720 578 857 614 milites
887 578 1014 628 paullo
1043 579 1125 629 plus
1155 579 1322 621 ducenti,
1348 591 1411 615 so-

301 645 404 682 cifim
433 644 564 680 Latini
591 643 756 678 nominis
785 644 997 691 octingenti
1025 644 1196 692 triginta,
1233 650 1410 679 externo-

300 719 384 745 rum
413 706 652 743 auxiliarium
681 707 756 742 duo
789 705 907 741 millia
934 706 1052 742 ferme
1077 713 1116 742 et
1145 707 1410 755 quadringenti

302 770 529 807 ceciderunt.
586 769 733 805 Praetor
762 769 798 804 in
829 775 953 804 castra
988 769 1171 805 victorem
1202 771 1410 807 exercitum

300 833 462 870 reduxit.
518 832 662 868 Acilius
683 845 834 868 manere
854 833 892 867 in
913 833 1044 868 castris
1067 832 1113 868 ab
1135 845 1173 868 se
1193 832 1410 884 captisjus-

301 909 386 932 sus:
420 903 573 946 postero
605 896 665 930 die
693 895 816 944 spolia
847 896 893 930 de
925 894 1099 930 hostibus
1126 893 1237 938 lecta,
1270 902 1308 932 et
1339 907 1410 946 pro

301 960 487 996 concione
506 959 651 1001 donati,
668 971 828 1007 quorum
848 959 964 994 virtus
986 959 1144 1007 insignis
1165 959 1300 996 fuerat.

354 1022 556 1059 XXXIII.
587 1023 730 1058 Sauciis
767 1022 901 1058 deinde
938 1023 976 1057 iu
1009 1023 1190 1072 oppidum
1219 1022 1407 1060 AEburam

301 1087 479 1129 devectis,
499 1099 566 1137 per
587 1086 854 1135 Carpetaniam
885 1086 931 1122 ad
948 1086 1195 1122 Contrebiam
1214 1087 1336 1123 ductae
1354 1087 1409 1123 le-

301 1151 453 1198 giones:
477 1162 520 1185 ea
543 1148 629 1185 urbs
650 1150 908 1191 circumsessa,
928 1161 1043 1197 quum
1060 1161 1082 1184 a
1097 1149 1297 1186 Celtiberis
1317 1162 1410 1186 aux-

301 1214 365 1250 ilia
395 1213 622 1254 arcessisset,
644 1212 879 1248 morantibus
902 1212 962 1256 iis,
993 1225 1071 1248 non
1097 1214 1184 1261 quia
1203 1214 1276 1263 ipsi
1295 1227 1409 1251 cunc-

301 1279 371 1314 tati
398 1283 498 1319 sunt,
520 1276 584 1312 sed
613 1276 701 1324 quia
725 1275 917 1326 profectos
937 1289 959 1312 a
983 1276 1096 1312 domo
1124 1277 1406 1327 inexplicabiles

301 1341 492 1377 continuis
510 1338 694 1375 imbribus
724 1339 794 1374 viae
827 1345 864 1374 et
894 1339 1015 1375 inflati
1045 1352 1174 1376 amnes
1208 1341 1404 1384 tenebant,

300 1405 499 1455 desperato
535 1402 677 1439 auxilio
724 1416 891 1446 suorum,
940 1405 978 1439 in
1025 1404 1269 1440 deditionem·
1294 1405 1408 1441 venit.

298 1467 456 1504 Flaccus
479 1479 642 1515 quoque,
662 1466 950 1516 tempestatibus
970 1467 1080 1503 foedis
1111 1474 1279 1511 coactus,
1299 1480 1406 1504 exer·

298 1532 415 1567 citum
431 1542 581 1566 omnem
602 1531 640 1566 in
661 1530 792 1566 urbem
812 1531 1033 1568 introduxit.
1083 1531 1278 1575 Celtiberi,
1299 1533 1363 1581 qui
1383 1545 1406 1568 a

298 1597 412 1632 domo
438 1595 598 1645 profecti
628 1600 749 1637 erant,
781 1594 982 1630 deditionis
1014 1595 1151 1643 ignari,
1176 1607 1291 1643 quum
1320 1601 1411 1638 tan-z

296 1661 394 1703 dem,
415 1660 614 1709 superatis,
636 1658 700 1694 ubi
720 1659 882 1708 primum
901 1659 1125 1694 remiserunt
1154 1658 1306 1702 imbres,
1326 1672 1405 1696 am-

297 1723 422 1766 nibus,
445 1722 692 1758 Contrebiam
714 1723 919 1765 venissent,
940 1729 1139 1772 postquam
1160 1731 1283 1758 castra
1303 1723 1407 1760 nulla

297 1795 405 1823 extra
423 1786 564 1821 moenia
582 1786 770 1828 viderunt,
791 1792 856 1821 aut
876 1786 915 1821 in
941 1785 1097 1821 alteram
1116 1791 1260 1835 partem
1282 1793 1410 1822 trans·-

296 1850 374 1888 lata
393 1851 479 1893 rati,
501 1856 566 1885 aut
584 1850 781 1887 recessisse
799 1850 943 1892 hostes,
964 1862 1030 1899 per
1059 1848 1330 1897 negligentiam
1350 1849 1405 1886 ef-

296 1915 368 1951 fusi
391 1915 438 1950 ad
459 1914 639 1964 oppidum
662 1920 913 1950 accesserunt.
970 1913 1017 1949 Iu
1037 1925 1101 1949 eos
1121 1913 1265 1949 duabus
1286 1914 1405 1962 portis

296 1978 464 2014 Romani
497 1978 735 2026 eruptionem
765 1977 949 2020 fecerunt,
971 1983 1008 2012 et
1037 1977 1312 2026 incompositos
1338 1977 1410 2012 ad-·

296 2042 370 2077 orti
389 2041 579 2077 fuderunt.
609 2041 704 2080 Quae
725 2053 782 2076 res
803 2040 850 2076 ad
869 2040 1119 2088 resistendum
1139 2052 1202 2075 eos
1219 2046 1257 2075 et
1276 2039 1322 2075 ad
1342 2053 1404 2076 ca-

295 2104 517 2155 pessendam
546 2109 710 2154 pugnam
731 2105 902 2154 inpediit,
925 2104 1024 2153 quod
1046 2115 1122 2138 non
1143 2115 1218 2138 uno
1237 2103 1410 2152 agmine,

293 2182 364 2206 nec
394 2169 439 2204 ad
469 2169 576 2217 signa
604 2169 820 2217 frequentes
850 2168 1066 2211 veniebant,
1097 2167 1226 2203 eadem
1255 2179 1404 2216 niagnae

293 2232 392 2283 parti
413 2231 459 2267 ad
474 2231 602 2280 fugam
623 2232 735 2267 saluti
755 2232 839 2268 fuit.
897 2231 1024 2281 Sparsi
1041 2231 1140 2266 enim
1159 2236 1244 2266 toto
1263 2231 1409 2280 passim

292 2307 428 2346 campo
465 2307 504 2332 se
535 2295 788 2332 diffuderunt:
821 2306 890 2332 nec
924 2306 1080 2345 usquam
1114 2293 1304 2334 confertos
1337 2305 1411 2330 eos.
