1546 2648
330 172 411 226 184
471 180 476 186 ·
781 186 827 215 τ.
849 185 981 216 mvn

127 269 219 301 ΨΟ·
237 275 311 307 567·
323 275 478 311 multum
495 275 544 311 ad
561 275 716 324 reliquos
734 275 954 312 Macedonas
981 275 1210 311 continendos
1237 276 1436 324 exemplum

124 314 165 345 A'
181 313 218 345 C'
238 321 310 347 ¹⁹5'
317 338 523 387 pertinebat
536 355 548 375 .·
576 344 745 387 negatum
759 344 810 375 est
826 339 924 375 mihi.
969 339 1073 375 Bello
1087 339 1251 375 AEtolico
1266 338 1436 376 Lamiam

321 403 525 451 obpugnare
541 401 662 450 jussus
679 416 703 439 a
729 405 870 440 consule
888 403 955 439 M'.
971 404 1104 446 Acilio,
1123 416 1232 452 quum
1252 405 1314 440 diu
1332 403 1434 453 fati-

316 473 426 515 gatus
444 468 492 504 ibi
508 469 643 516 proeliis
661 469 890 517 operibusque
914 480 1034 511 essem,
1057 470 1360 505 transcendentem
1377 480 1435 505 me

309 531 393 580 jam
412 547 529 570 muros
548 547 571 570 a
598 539 706 582 capta
723 546 835 583 prope
853 534 939 571 urbe
965 536 1144 571 revocavit
1163 536 1296 578 consul,
1318 540 1352 571 et
1370 535 1432 571 ab·

319 599 448 635 ducere
467 600 587 647 copias
611 600 695 635 inde
714 600 836 647 co'e'git.
892 601 954 635 Aa
978 598 1082 645 hujus
1108 600 1274 635 solatium
1295 598 1433 646 injuriae

315 664 524 711 permissum
543 667 606 705 est,
623 668 665 699 ut
689 663 878 699 Thessaliae
897 663 1176 710 Perrhaebioeque
1199 668 1235 698 et
1252 663 1433 699 Athama-

319 738 405 762 num
432 727 624 774 reciperem
653 727 813 774 qucedam
844 726 992 762 castella
1019 727 1147 773 magis,
1177 738 1281 773 quam
1312 726 1435 762 urbes.-

318 802 361 826 ea
386 802 522 838 quoque
549 792 628 838 ipsa
655 802 715 826 vos
742 791 844 833 mihi,
868 790 911 831 Q.
927 789 1057 831 Caecili‚
1085 802 1220 838 paucos
1246 795 1331 826 ante
1359 791 1434 826 dies

316 855 512 890 ademistis.
570 854 644 890 Pro
663 866 733 890 non
752 854 859 890 dubio
874 854 1002 902 paullo
1020 858 1115 895 ante,
1135 855 1165 889 si
1183 854 1270 890 Diis
1296 854 1431 902 placet,

320 918 430 964 legati
446 918 618 954 Eumenis
629 917 825 960 sumebant,
841 929 917 966 quoe
931 917 1101 953 Antiochi
1109 915 1279 966 suerunt,
1297 917 1431 954 Eume-

316 994 396 1018 nem
416 984 550 1030 aequz'us
567 994 652 1025 esse,
673 994 780 1030 quam
799 994 867 1024 me,
885 981 1036 1018 habere:
1064 982 1103 1017 id
1121 993 1184 1029 ego
1199 982 1307 1018 aliter
1328 983 1433 1030 longe

307 1045 436 1093 judico
454 1058 536 1082 esse.
585 1047 761 1082 Eumenes
779 1047 886 1088 enim,
904 1058 972 1082 non
991 1047 1059 1082 nisi
1076 1048 1238 1082 vicissent
1257 1047 1428 1090 Romani,

312 1112 374 1146 secl
394 1112 462 1147 nisi
482 1111 609 1146 bellum
627 1112 824 1159 gessissent,
845 1122 988 1146 manere
1008 1113 1043 1145 in
1061 1122 1170 1158 regno
1187 1122 1251 1147 suo
1275 1123 1347 1147 non
1361 1123 1430 1159 po-

316 1177 398 1212 tuit.
456 1176 585 1224 Itaque
617 1176 679 1211 ille
705 1181 861 1211 vestrum
886 1176 1054 1211 meritum
1079 1175 1196 1219 habet,
1216 1187 1286 1212 non
1304 1187 1364 1213 vos
1385 1177 1430 1212 il-

314 1241 408 1276 lius.-
437 1242 508 1276 mei
525 1245 645 1276 autem
666 1242 780 1288 regni,
803 1244 945 1276 tantum
969 1240 1105 1282 aberat,
1127 1245 1166 1276 ut
1184 1241 1264 1291 ulla
1288 1253 1375 1290 pars
1394 1241 1430 1276 in

313 1306 516 1341 discrimine
533 1303 670 1353 fuerit,
693 1309 732 1341 ut
752 1306 823 1341 tria
842 1305 958 1341 millia
984 1303 1172 1347 talentdm,
1193 1309 1228 1341 et
1252 1307 1429 1353 quinqua-

309 1370 414 1416 ginta
442 1373 551 1404 tectas
587 1381 706 1411 naves,
741 1374 775 1405 et
809 1380 927 1405 omnes
960 1369 1106 1405 Graectae
1137 1371 1309 1412 civitates,
1340 1381 1430 1418 quas

311 1437 420 1469 antea
439 1435 640 1475 tenuissem,
660 1434 885 1481 pollicentem
912 1434 1008 1469 ultro
1027 1433 1253 1470 Antiochum·
1269 1436 1306 1470 in
1334 1446 1428 1470 mer-

311 1499 429 1534 cedem
447 1499 626 1534 societatis
644 1499 709 1534 sim
729 1499 965 1546 adspernatus
977 1514 989 1534 .·
1017 1498 1220 1547 hostemque
1237 1500 1269 1535 ei
1283 1510 1340 1535 me
1357 1509 1429 1535 esse

306 1562 411 1610 prius
438 1563 561 1603 etiam,
582 1573 690 1610 quam
712 1561 932 1598 Mamilius
959 1563 1152 1598 exercitum
1180 1564 1217 1598 in
1251 1563 1427 1599 Graeciam

311 1623 507 1672 trajiceret,
525 1639 603 1675 prae
622 1639 678 1663 me
698 1628 790 1663 tuli:
809 1632 843 1663 et
860 1639 940 1663 cum
959 1639 1000 1663 eo
1019 1628 1159 1664 consule
1169 1627 1252 1664 belli
1266 1633 1425 1676 partem,

310 1703 569 1739 quamcumque
598 1691 685 1728 mihi
705 1692 895 1739 delegavit,
913 1694 1031 1739 gessi:
1058 1697 1094 1728 et
1119 1694 1315 1741 insequenti
1339 1705 1423 1729 con-

308 1756 380 1790 suli
399 1755 442 1791 L.
458 1755 632 1803 Scipioni,
654 1768 760 1804 quum
780 1761 876 1791 terra
893 1757 1074 1792 statuisset
1088 1756 1215 1792 ducere
1232 1757 1426 1792 exercitum

310 1820 360 1854 ad
378 1819 665 1867 Hellespontum,
682 1831 752 1855 non
772 1821 840 1855 iter
857 1824 998 1854 tantum
1014 1831 1082 1866 per
1101 1831 1245 1866 regnum
1264 1824 1426 1855 nostrum

310 1884 407 1926 dedi,
434 1884 495 1919 sed
523 1885 599 1920 vias
625 1885 735 1919 etiam
763 1885 911 1926 munivi,
940 1888 1065 1932 pontes
1085 1883 1178 1932 feci,
1210 1890 1425 1920 commeatus

303 1947 441 1995 praebui
454 1963 466 1983 .·
485 1959 548 1983 nec
559 1959 624 1995 per
638 1947 892 1983 Macedoniam
908 1952 1062 1990 tantum,
1074 1949 1136 1984 sed
1146 1960 1213 1996 per
1233 1947 1426 1984 Thraciam

307 2012 430 2054 etiam,
452 2011 511 2047 ubi
530 2014 623 2047 inter
647 2017 763 2048 cetera
779 2024 855 2061 pasc
873 2024 1010 2061 quoque
1031 2013 1237 2061 praestanda
1256 2025 1280 2048 a
1298 2012 1424 2049 barba-

307 2076 358 2111 ris
377 2080 466 2112 erat.
528 2077 600 2112 Pro
619 2076 683 2113 hoc
699 2078 818 2113 studio
838 2089 914 2113 meo
928 2089 1014 2125 erga
1032 2089 1103 2119 vos,
1124 2089 1167 2113 ne
1185 2079 1303 2113 dicam
1318 2078 1424 2113 meri-

308 2143 358 2182 to,
379 2144 502 2175 utrum
520 2138 674 2186 adjicere
691 2153 763 2183 vos,
786 2141 956 2183 Romani,
977 2143 1130 2190 aliquid,
1147 2146 1182 2177 et
1200 2142 1424 2190 amplificare

305 2207 339 2238 et
359 2215 487 2251 augere
508 2215 654 2252 regnum
682 2216 798 2240 meum
819 2206 1058 2254 munficentia
1086 2210 1204 2241 vestra
1223 2205 1420 2253 oportebat,
1545 2255 1546 2258 Ἴ

304 2279 366 2309 an,
394 2280 470 2315 quae
498 2269 657 2304 haberem
687 2274 752 2305 aut
780 2281 857 2305 meo
876 2268 974 2316 jure,
1006 2275 1071 2306 aut
1100 2270 1262 2319 beneficio
1290 2274 1418 2313 vestro,
1529 2270 1546 2311 ,ἶ

303 2333 441 2381 eripere
454 2334 477 2369 ,θ
508 2334 545 2370 id
564 2335 658 2383 quod
675 2346 770 2371 nunc
786 2333 930 2383 facitis.
988 2335 1227 2373 Macedonum
1244 2336 1418 2379 civitates,
