1546 2648
379 193 534 222 mnan
557 192 663 220 xm.
697 189 804 218 cAr.
828 192 898 219 1v.
1120 177 1197 233 298

76 281 179 318 mille
207 281 359 319 ducenti
378 295 425 318 ex
449 287 558 318 tauta
576 279 833 322 multitudine,
854 279 918 328 qui
947 291 1050 316 arma
1068 278 1185 316 habe-
1199 282 1241 313 U.
1254 282 1291 313 C.
1306 288 1378 318 574.

76 353 174 389 rent,
195 345 372 396 perpauci
398 345 556 394 equites,
577 345 641 393 qui
670 356 786 393 equos
807 356 935 379 secum
953 344 1184 386 eduxissent,
1198 327 1236 356 Α·
1251 326 1288 357 C·
1306 331 1376 361 ¹⁷⁸·

77 410 220 446 inventi
249 416 363 446 sunt:
396 416 522 445 cetera
550 408 728 445 deformis
759 408 883 451 turba,
904 407 1007 444 velut
1024 407 1186 445 lixarum

75 475 339 525 calonumque,
359 476 486 525 praeda
514 488 600 512 vere
618 474 759 518 futura,
781 475 812 510 si
839 473 931 511 belli
958 475 1087 510 hostes
1107 487 1186 511 me-

73 540 286 576 minissent.
340 540 451 576 Tunc
480 540 630 576 demum
659 540 820 576 nuncius
849 539 896 575 ad
915 539 1066 575 tertiam
1091 538 1186 587 legi-

74 615 186 640 onem
216 605 480 646 revocandam,
513 610 551 640 et
579 603 778 640 Gallorum
806 604 1045 654 praesidium:
1078 609 1116 638 et
1135 603 1185 638 si-

74 667 154 704 mul
182 680 229 704 ex
257 667 433 704 omnibus
456 667 549 704 locis
570 667 617 703 ad
647 673 771 704 castra
798 668 1013 717 recipienda
1032 667 1184 703 demen-
1199 672 1400 711 Recuperant
1438 705 1444 708 ,
1464 689 1466 692 v

73 731 234 781 damque
271 732 520 781 ignominiam
557 731 669 767 rediri
700 738 866 782 coeptum
899 738 968 769 est.
1023 731 1185 767 Tribuni
1199 723 1299 790 {3}th
1314 715 1378 746 ΒΨ

74 796 238 833 militum
264 797 384 832 tertiae
414 796 576 845 legionis
602 795 783 846 pabulum
803 795 981 846 lignaque
1000 795 1187 847 projicere

68 859 231 910 jubent:
265 860 549 896 centurionibus
579 861 781 910 imperant,
803 868 844 896 ut
863 861 1053 909 graviores
1075 867 1187 898 aetate

73 923 212 960 milites
242 924 353 960 binos
384 925 423 960 in
457 937 501 960 ea
523 924 714 974 jumenta,
736 937 784 961 ex
812 925 948 974 quibus
979 936 1096 961 onera
1122 925 1185 961 de-

66 985 174 1037 jecta
193 995 313 1031 erant,
333 989 519 1039 inponant
538 1004 546 1024 ι
579 989 723 1037 equites
744 994 786 1024 ut
805 987 974 1037 singulos
996 1001 1015 1024 e
1031 987 1184 1037 juveni-

72 1050 142 1087 bus
163 1052 306 1101 pedites
328 1065 454 1089 secum
483 1053 521 1088 in
552 1065 668 1102 equos
689 1051 838 1089 tollant.
896 1053 1092 1100 Egregiam
1104 1053 1185 1099 glo-

73 1117 164 1151 riam
187 1118 334 1164 legionis
341 1117 440 1166 fore,
459 1120 490 1153 st
509 1123 641 1161 castra,
661 1122 757 1154 metu
774 1119 1058 1154 secundanorum
1077 1119 1185 1153 amis-

73 1191 127 1222 sa,
158 1192 222 1216 sua
250 1182 384 1217 virtute
414 1182 592 1229 recipiunt
611 1198 623 1217 .·
652 1186 687 1218 et
718 1183 828 1230 recipi
849 1181 970 1229 facile
997 1193 1079 1223 esse,
1100 1183 1129 1217 si
1150 1183 1187 1216 in

69 1244 197 1290 praeda
225 1247 389 1292 occupati
417 1245 557 1281 barbari
583 1246 676 1282 subit
695 1246 991 1294 oobprimantur:
1018 1247 1110 1281 sicut
1130 1258 1185 1281 ce-

68 1308 203 1354 perint,
231 1320 332 1356 posse
359 1311 452 1356 capi.
510 1309 666 1345 Summa
693 1309 856 1345 militum
886 1308 1082 1345 alacritate
1118 1309 1183 1345 ad-

73 1370 240 1406 hortatio
261 1371 389 1408 audita
409 1378 477 1409 est.
533 1372 676 1409 Ferunt
696 1373 803 1408 citati
832 1373 954 1420 signa,
975 1385 1044 1408 nec
1063 1373 1182 1420 signi-

72 1432 172 1470 feros
206 1435 340 1470 armati
368 1442 588 1472 morantur:
620 1437 764 1486 priores
795 1442 924 1472 tamen
954 1435 1088 1471 consul
1116 1449 1181 1472 co-

70 1498 230 1548 piaeque,
253 1512 335 1549 quae
356 1514 377 1536 a
396 1501 490 1538 mari
508 1500 798 1544 reducebantur,
821 1501 868 1537 ad
887 1500 1026 1536 vallum
1054 1513 1180 1537 acces-

71 1570 212 1600 serunt.
268 1563 315 1599 L.
334 1564 462 1607 Atius,
492 1564 665 1600 tribunus
696 1565 837 1614 primus
868 1565 1040 1600 secundae
1059 1564 1180 1613 legio-

71 1626 143 1668 nis,
164 1638 242 1661 non
267 1626 493 1663 hortabatur
517 1628 631 1663 modo
659 1628 812 1670 milites,
840 1628 906 1664 sed
933 1628 1095 1666 docebat
1124 1634 1181 1664 et·

71 1691 160 1733 iam,
180 1690 222 1727 Si
239 1692 389 1726 victores
402 1692 501 1733 Istri,
519 1692 642 1739 quibus
658 1695 766 1728 armis
781 1694 949 1740 cepissent
967 1697 1097 1735 castra,
1119 1695 1181 1728 iis·

72 1755 152 1791 dem
171 1760 279 1803 capta
297 1757 450 1791 retinere
468 1757 504 1792 in
524 1757 644 1791 animo
660 1757 842 1800 haberent,
859 1759 1018 1805 primum
1038 1762 1181 1794 exutum

70 1820 195 1854 eastris
213 1818 347 1854 hostem
366 1820 414 1854 ad
431 1830 530 1854 mare
543 1825 792 1867 persecuturos
800 1820 933 1869 fuisse,
955 1822 1081 1857 deinde
1105 1826 1179 1857 sta-

71 1884 182 1918 tiones
199 1887 292 1919 certe
307 1896 376 1931 pro
397 1884 496 1919 vallo
515 1883 720 1921 habituros:
747 1887 830 1922 vino
848 1898 1039 1934 somnoque
1055 1887 1178 1922 verisi-

68 1948 153 1983 mile
172 1960 243 1983 esse
259 1960 390 1984 mersos
403 1946 538 1994 jacere.

122 2009 190 2046 IV.
222 2011 298 2047 Sub
330 2012 410 2047 haec
438 2012 486 2048 A.
506 2011 770 2050 Baeculonium
801 2013 1023 2061 signiferum
1054 2027 1177 2058 suum,

69 2079 170 2110 notae
190 2074 424 2111 fortitudinis
444 2076 579 2119 virum,
601 2076 739 2112 inferre
755 2077 904 2127 signum
917 2077 1046 2127 jussit.
1094 2079 1178 2124 Ille,

68 2138 99 2173 si
131 2150 244 2174 unum
275 2151 313 2174 se
342 2148 600 2189 sequerentur,
623 2153 698 2190 quo
728 2140 884 2177 celerius
914 2141 1034 2186 fieret,
1054 2143 1178 2180 factu-

67 2213 151 2238 rum
171 2200 288 2238 dixit:
321 2204 587 2253 connisusque‚
609 2217 724 2254 quum
743 2212 848 2242 trans
868 2205 1006 2243 vallum
1027 2208 1177 2256 signum

69 2263 294 2314 trajecisset,
331 2268 471 2316 primus
508 2269 679 2305 omnium
715 2276 866 2320 portam
903 2271 1070 2308 intravit.
1125 2272 1178 2308 Et

70 2336 176 2379 parte
205 2328 279 2365 alia
307 2329 353 2367 Τ.
370 2339 408 2367 et
436 2331 603 2377 c,AElii,
623 2333 767 2371 tribuni
796 2334 958 2373 militum
977 2336 1098 2372 tertiae
1124 2335 1190 2375 lca

121 2391 221 2429 Vot.
243 2392 310 2430 IV.
633 2395 669 2431 O
