1546 2648
365 174 520 205 LIBER
546 173 698 202 xmu.
721 173 829 202 CAP.
853 173 900 201 V.
1114 172 1194 212 401

90 263 174 303 tiati
204 270 314 308 esset,
338 274 548 313 aquamque
574 274 622 298 ex
647 262 833 298 manubiis
861 261 1022 297 Antium
1052 273 1097 297 ex
1128 261 1196 297 flu-
1211 274 1252 303 U.
1266 272 1301 302 c,
1318 271 1391 303 532,

91 332 192 367 mine
219 330 417 366 Loracinae
440 327 606 364 duceret.
661 326 707 362 Id
735 339 830 376 opus
860 333 1012 362 centum
1041 326 1198 374 triginta
1211 319 1249 346 A.
1264 317 1300 346 C·
1320 321 1392 350 ¹⁷⁰·

91 394 254 431 millibus
276 393 357 428 aeris
383 391 529 427 locasse
553 389 713 426 dicitur:
746 388 884 425 tabulis
912 401 1062 437 quoque
1087 389 1196 437 pictis

91 471 136 493 ex
156 456 281 507 praeda
299 455 429 491 fanum
448 453 660 503 AEsculapii
680 453 890 490 exornavit.
934 451 1119 487 Invidiam
1140 453 1197 487 in·
1210 465 1374 496 Abderita-

89 520 317 568 famiamque
346 518 393 555 ab
422 517 604 554 Lucretio
632 522 851 553 averterunt
879 516 916 551 in
947 514 1196 551 Hortensium
1210 519 1283 581 {ung
1302 516 1415 581 <ill-¹10¹&

89 595 344 619 successorem
373 581 453 632 ejus
481 580 676 617 Abderitae
704 579 834 628 legati,
855 578 986 614 flentes
1016 583 1104 613 ante
1133 590 1197 613 cu-
1211 560 1322 624 {15ss-
1353 560 1403 581 Οἷ-

87 646 196 688 riam,
216 651 504 694 querentesque,
525 644 700 692 oppidum
726 655 830 679 suum
857 642 899 678 ab
924 642 1115 677 Hortensio
1141 653 1199 676 ex·-

81 715 287 760 pugnatum
314 722 357 745 ac
385 711 567 756 direptum
595 719 675 744 esse.
735 706 907 743 Caussam
934 706 1066 742 excidii
1083 704 1202 754 fuisse

88 775 181 817 urbi,
211 775 318 822 quod,
350 785 457 821 quum
488 776 626 808 centum
657 771 775 807 millia
807 768 994 806 denariam
1023 775 1057 805 et
1087 770 1202 805 tritici

88 839 349 885 quinquaginta
366 837 483 872 millia
502 833 660 872 modizim
679 836 883 883 imperaret,
903 836 1059 883 spatium
1084 835 1200 882 pet-ie-

86 905 187 943 runt,
207 912 276 948 quo
298 901 342 936 de
366 911 409 936 ea
432 911 471 936 re
495 904 530 935 et
555 900 604 935 ad
628 899 827 934 Hostilium
852 900 1042 941 consulem,
1063 903 1097 934 et
1123 898 1199 933 Ro-

86 976 185 1001 mam
199 965 383 1000 mitterent
401 965 547 1011 legatos.
609 962 762 998 Vixdum
781 964 830 998 ad
855 963 1032 998 consulem
1057 973 1092 997 se
1113 973 1199 1009 per-

86 1029 232 1071 venisse,
252 1033 288 1065 et
311 1028 451 1064 audisse
475 1027 648 1075 oppidum
674 1030 931 1074 expugnatum,
950 1027 1129 1073 principes
1145 1036 1199 1061 se-

87 1093 167 1128 curi
180 1103 374 1140 percussos,
387 1091 452 1128 sub
471 1103 602 1127 corona
621 1096 752 1127 ceteros
769 1091 911 1126 venisse.
958 1089 1123 1137 Indigna
1140 1101 1199 1124 se-

89 1156 197 1193 natui
233 1156 334 1193 visa:
384 1155 704 1204 decreveruntque
740 1154 871 1191 eadem
907 1153 953 1190 de
989 1153 1197 1195 Abderitis,

88 1232 174 1269 quae
192 1219 238 1256 de
257 1219 453 1256 Coronaeis
473 1218 716 1254 decreverant
734 1218 860 1267 priore
888 1229 989 1253 anno
1006 1233 1016 1262 3
1050 1216 1199 1252 eadem-

88 1294 162 1332 que
181 1295 251 1333 pro
264 1283 455 1319 concione
474 1282 620 1318 edicere
635 1281 684 1320 Q,
698 1280 883 1317 Maenium
903 1287 1102 1331 praetorem
1116 1277 1205 1329 jus·

89 1351 231 1383 serunt.
285 1345 340 1382 Et
357 1345 474 1395 legati
495 1345 584 1389 duo,
606 1345 649 1381 C.
668 1345 912 1395 Sempronius
932 1343 1093 1386 Blaesus,
1115 1343 1201 1380 Sex.

89 1407 214 1445 Julius
235 1409 376 1453 Caesar,
397 1409 444 1446 ad
462 1398 715 1446 restituendos
738 1408 776 1444 in
795 1408 1009 1444 libertatem
1039 1406 1202 1442 Abderi-

91 1477 150 1508 tas
169 1472 286 1509 missi.
333 1472 472 1510 Iisdem
490 1472 724 1520 mandatum,
745 1477 787 1507 ut
806 1476 844 1507 et
862 1469 1034 1507 Hostilio
1055 1468 1201 1505 consuli

93 1541 132 1571 et
150 1534 362 1572 Hortensio
381 1537 535 1586 praetori
560 1535 800 1578 nunciarent,
822 1540 995 1571 senatum
1009 1532 1202 1569 Abderitis

93 1597 276 1648 injustum
296 1598 437 1635 bellum
454 1598 629 1642 inlatum,
650 1599 897 1648 conquirique
916 1610 1062 1639 omnes,
1083 1596 1203 1646 quiin

94 1662 274 1698 servitute
293 1662 382 1705 sint,
404 1668 442 1699 et
460 1662 608 1698 restitui
635 1661 674 1698 in
696 1661 926 1705 libertatem,
948 1673 1095 1709 aequum
1115 1672 1203 1696 cen·
1229 1683 1235 1687 „

92 1737 187 1762 sere.

144 1788 191 1826 V.
220 1789 368 1826 Eodem
386 1796 557 1839 tempore
583 1789 628 1825 de
649 1788 692 1824 C.
708 1788 855 1830 Cassio,
876 1788 941 1837 qui
968 1785 1098 1824 consui
1126 1786 1202 1836 pri-
1218 1787 1365 1837 Guefelae
1381 1785 1420 1816 de

92 1866 157 1889 ore
177 1866 278 1890 anno
297 1853 434 1896 fuerat,
451 1859 532 1889 tum
548 1853 722 1889 tribunus
743 1852 905 1890 militum
921 1853 960 1887 in
974 1850 1205 1887 Macedonia
1216 1831 1335 1861 Casfflo.

92 1929 177 1953 cum
205 1917 253 1954 A.
273 1917 445 1954 Hostilio
474 1925 569 1960 erat,
599 1916 760 1965 querelae
791 1916 838 1952 ad
866 1922 1041 1951 senatum
1070 1913 1204 1950 delatae

92 1986 194 2023 sunt,
225 1987 262 2016 et
293 1980 410 2029 legati
439 1982 537 2030 regis
571 1980 769 2017 Gallorum
799 1979 976 2016 Cincibili
1008 1987 1203 2014 venerunt.

93 2041 225 2079 Frater
254 2042 333 2093 ejus
353 2043 468 2080 verba
495 2045 534 2080 in
564 2050 697 2080 senatu
726 2044 832 2085 fecit,
853 2048 1020 2091 questus,
1041 2041 1203 2091 Alpino-

97 2117 179 2141 rum
205 2107 433 2156 populorum
458 2120 568 2157 agros
598 2107 788 2143 sociorum
817 2118 971 2142 suorum
996 2104 1204 2155 depopula-

96 2176 177 2204 tum
197 2169 240 2205 C.
260 2170 432 2208 Cassium
451 2183 545 2214 esse,
567 2178 604 2207 et
624 2171 711 2207 inde
732 2169 850 2207 multa
869 2169 987 2208 millia
1007 2169 1204 2205 hominum

95 2232 134 2267 in
155 2232 372 2270 servitutem
390 2235 610 2284 abripuisse.
667 2221 803 2273 Sub'id
816 2241 969 2283 tempus
992 2233 1204 2270 Carnorum

96 2294 354 2346 Istrorumque
374 2302 410 2334 et
431 2298 614 2349 Iapydum
633 2298 750 2349 legati
770 2303 975 2338 venerunt:
999 2297 1120 2333 Duces
1134 2295 1201 2333 sibi
