1546 2648
139 291 181 322 U.
195 291 232 322 C.
248 296 321 323 562.

138 335 179 364 Α.
192 335 228 366 C.
249 342 320 368 190.

132 800 245 840 Regia.

333 190 388 242 48
484 219 488 226 .
790 203 835 232 T.
861 204 993 234 LIVII

335 290 412 326 cuti
432 296 552 328 erant.
607 289 662 328 Hi
687 292 860 341 praesidio
888 293 1008 337 relicti
1034 301 1122 330 sunt
1147 296 1292 333 castris.
1348 297 1442 333 Sex-

334 354 456 390 decim
485 353 707 404 elephantos
736 362 823 405 post
853 357 1002 393 triarios
1032 358 1068 393 in
1100 359 1266 396 subsidio
1296 360 1443 396 locave-

332 423 444 454 runt:
476 430 579 460 nam,
599 426 850 467 praeterquam
880 420 981 468 quod
1011 421 1289 459 multitudinem
1317 425 1442 472 regio-

331 495 415 518 rum
444 481 732 532 elephantorum
765 485 890 538 (erant
919 491 1043 520 autem
1073 494 1235 534 quatuor
1264 493 1302 523 et
1330 488 1440 536 quin-

331 546 530 595 quaginta)
553 545 738 580 sustinere
762 558 841 582 non
870 547 1095 585 videbantur
1127 563 1252 600 posse,
1283 564 1331 587 ne
1360 552 1442 601 pari

330 609 478 658 quidem
512 620 670 644 numero
700 608 840 644 Indicis
870 610 990 647 Africi
1020 613 1223 659 resistunt3
1257 615 1333 650 sive
1352 615 1441 663 quia

330 673 606 721 magnitudine,
634 672 766 721 (longe
785 674 886 710 enim
906 675 958 710 illi
980 679 1180 726 praestant)
1203 679 1280 714 sive
1304 679 1443 715 robore

330 741 543 775 animorum
564 739 777 775 vincuntur.

383 804 471 841 XL.
502 803 626 851 Regia
659 804 757 840 acies
791 805 895 841 varia
928 805 1047 854 magis
1080 806 1208 842 multis
1246 806 1437 856 gentibus,

328 868 634 905 dissimilitudine
653 881 842 904 armorum
864 870 1166 919 auxiliorumque
1183 878 1286 907 erat:
1309 871 1438 907 decem

326 939 364 969 et
380 946 444 969 sex
460 932 578 968 millia
590 933 759 982 peditum
774 946 879 969 more
898 934 1154 970 Macedonum
1167 915 1298 971 armffti
1317 935 1436 978 fuere,

323 998 387 1046 qui
407 997 638 1047 phalangitae
660 997 969 1048 adpellabantur:
1002 999 1083 1035 haec
1105 1000 1225 1036 media
1244 1000 1341 1036 acies
1362 999 1436 1036 fuit.

323 1062 362 1098 in
382 1062 522 1105 fronte,
543 1063 581 1098 in
601 1062 730 1098 decem
749 1069 874 1111 partes
895 1063 1025 1100 divisa.
1083 1063 1214 1099 Partes
1237 1076 1298 1100 eas
1316 1065 1436 1100 inter-

323 1127 458 1176 positis
486 1126 586 1162 binis
615 1127 826 1177 elephantis
857 1127 1137 1175 distinguebat:
1171 1141 1193 1163 a
1221 1127 1348 1164 fronte
1375 1130 1434 1164 in-

323 1196 468 1226 trorsus
491 1191 526 1226 in
548 1190 642 1226 duos
668 1197 706 1226 et
732 1190 890 1239 triginta
910 1191 1060 1227 ordines
1084 1198 1314 1229 armatorum
1335 1193 1433 1230 acies

322 1254 497 1304 patebat:
520 1255 594 1291 hoc
614 1262 650 1291 et
671 1255 818 1291 roboris
839 1256 875 1291 in
898 1257 1010 1304 regiis
1030 1257 1149 1306 copiis
1169 1263 1262 1299 erat,
1281 1264 1331 1300 et,
1348 1270 1433 1307 per-

322 1319 410 1355 inde
430 1332 545 1368 quum
565 1319 638 1355 alia
658 1320 797 1369 specie,
818 1325 897 1355 tum
921 1319 1173 1356 eminentibus
1198 1327 1346 1356 tantum
1373 1322 1432 1357 in-

321 1389 380 1419 ter
399 1390 565 1420 armatos
586 1384 811 1434 elephantis,
831 1397 1011 1432 magnum
1028 1391 1208 1420 terrorem
1226 1385 1432 1434 praebebat-

324 1447 502 1496 Ingentes
527 1448 598 1498 ipsi
627 1456 754 1484 erant:
787 1447 976 1483 addebant
996 1448 1157 1497 speciem
1179 1438 1372 1502 frontalia,
1393 1456 1432 1485 et

321 1512 458 1555 cristae,
480 1518 517 1548 et
543 1520 651 1560 tergo
677 1512 852 1560 inpositae
881 1517 1016 1553 turm,
1037 1512 1276 1560 turribusque
1302 1525 1432 1562 super-

321 1582 479 1619 stantes,
500 1583 636 1626 praeter
660 1583 859 1619 rectorem,
891 1576 1063 1624 quaterni
1092 1576 1239 1612 armati.
1295 1577 1356 1613 Ad
1376 1577 1430 1613 la-

321 1647 381 1677 tus
419 1641 613 1677 dexterum
651 1640 956 1690 phalangitarum
992 1639 1094 1675 mille
1127 1645 1165 1674 et
1201 1640 1428 1689 quingentos

320 1706 465 1755 equites
500 1705 823 1754 Gallograecorum
858 1704 1060 1753 obposuit:
1111 1704 1167 1739 his
1202 1705 1275 1740 tria
1311 1705 1429 1742 millia

320 1772 487 1819 equitum
523 1770 766 1806 loricatorum
799 1769 1080 1818 (cataphractos
1115 1769 1184 1818 ipsi
1216 1769 1424 1817 adpellant)

319 1834 515 1885 adjunxit:
549 1835 676 1871 addita
694 1835 752 1870 his
773 1834 833 1870 ala
851 1833 953 1869 mille
972 1833 1089 1869 ferme
1109 1834 1275 1882 equiturn
1297 1849 1303 1868 :
1337 1848 1426 1881 age-

317 1913 379 1936 ma
399 1913 480 1936 eam
501 1899 702 1936 vocabant.
748 1899 852 1934 Medi
875 1905 982 1934 erant
998 1897 1085 1934 lecti
1106 1899 1188 1941 viri,
1206 1905 1242 1934 et
1258 1898 1425 1948 ejusdcm

317 1964 483 2012 regionis
517 1963 625 1999 mixti
663 1962 865 1998 multarum
899 1962 1069 2010 gentium
1100 1962 1264 2010 equites:
1300 1963 1424 1998 conti—

315 2040 410 2064 nens
440 2029 498 2063 his
527 2040 618 2076 grex
646 2027 805 2063 sedecim
837 2026 1122 2075 elephantorum
1151 2034 1207 2061 est
1226 2026 1424 2075 obpositus

316 2092 356 2127 in
382 2091 577 2127 subsidiis:
612 2090 658 2127 ab
689 2091 816 2126 cadem
851 2098 970 2139 parte,
1002 2089 1209 2139 paullulum
1237 2089 1422 2138 producto

316 2168 449 2197 cornu,
480 2157 583 2202 regia
615 2156 750 2190 cohors
785 2161 882 2191 erat:
926 2154 1198 2203 Argyraspides
1234 2167 1255 2189 a
1287 2167 1424 2203 genere

315 2231 505 2254 armorum
527 2218 825 2267 adpellabantur.
882 2217 1002 2253 Dahze
1031 2217 1180 2259 deinde,
1201 2218 1344 2266 equites
1364 2230 1424 2254 sa-

314 2282 472 2329 gittarii,
501 2282 600 2317 mille
621 2290 656 2317 et
678 2282 827 2317 ducenti
845 2297 851 2317 :
884 2288 964 2316 tuin
985 2281 1075 2316 levis
1096 2287 1286 2316 armatura
1305 2281 1419 2318 trium

313 2345 486 2390 millium,
518 2346 596 2397 pari
630 2346 748 2382 ferme
780 2358 937 2381 nurnero
969 2358 1053 2396 pars
1089 2346 1302 2388 Cretenses,
1336 2357 1420 2395 pars

1538 286 1546 526 ἰ

1537 530 1546 682 ’ᾗ

1471 679 1544 872 Ὗ

1530 973 1536 1089 ἕ

1526 1099 1534 1312 f

1508 2131 1513 2226 ἑ

1506 2245 1510 2328 ,⁵
