1546 2648
391 183 548 212 Lmen
574 182 681 211 xm.
716 182 823 210 CAP.
849 180 920 209 Χῖ.
1126 179 1204 222 297

91 271 177 316 bus,
200 284 275 308 uno
295 273 464 308 omnium
489 273 650 308 certiore
668 271 772 307 facto
802 270 961 319 collega,
981 277 1093 306 nocte
1113 282 1200 319 pro·
1213 268 1310 342 ξιξ·
1325 275 1399 305 ⁵7⁵·

88 336 223 379 fectus,
244 349 409 387 praeceps
439 337 478 372 in
508 337 741 387 provinciam
763 335 878 372 abiit:
912 334 974 370 ubi
1007 334 1199 371 inconsul·
1249 334 1255 343 '
1296 319 1391 348 '¹⁷⁷'

87 400 176 443 tius,
197 413 308 449 quam
328 406 496 442 venerat,
519 412 558 435 se
577 401 716 448 gessit:
751 411 851 441 nam,
872 410 987 447 quum
1014 399 1199 434 concione

87 463 270 500 advocata
288 463 417 512 fugam
444 476 464 499 e
484 464 615 499 castris
637 464 684 499 A.
700 461 838 498 Manlii
859 462 1023 497 adversis
1044 460 1197 497 auribus

83 527 245 563 militum
269 528 425 578 (quippe
445 529 509 576 qui
536 528 646 577 primi
676 528 748 577 ipsi
768 526 973 575 fugissent)
996 523 1196 574 jactasset,

83 591 375 640 ingessissetque
405 592 544 642 probra
571 591 628 628 M.
645 590 777 633 Junio,
804 590 905 639 quod
935 602 973 625 se
1003 589 1195 625 dedecoris

83 655 228 690 socium
248 655 402 703 collegae
423 656 587 699 fecisset,
609 656 655 691 ad
682 661 891 690 extremum
913 661 1112 702 utrumque
1132 653 1195 689 de-

85 718 215 754 cedere
232 719 423 768 provincia
438 718 565 768 jussit.
613 719 728 758 Quod
743 731 858 767 quum
875 717 1011 753 milites
1028 717 1194 754 consulis

83 781 241 830 imperio
263 782 364 818 dicto
392 783 583 818 audientes
600 782 747 818 futuros
777 794 857 817 esse
876 781 1056 823 dicerent,
1078 794 1201 830 quum-

81 845 112 880 is
131 857 236 880 more
257 845 455 894 majorum,
483 846 687 881 secundum
707 853 796 881 vota
824 846 861 880 in
883 844 1076 894 Capitolio
1095 857 1197 881 nun-

83 913 233 956 cupata,
255 921 338 943 cum
359 908 570 951 lictoribus,
591 908 790 957 paludatus
818 907 1011 958 profectus
1032 908 1079 943 ab
1101 908 1194 944 urbe

82 978 180 1006 esset
193 987 204 1016 3
236 971 364 1007 furens
385 973 454 1014 ira,
471 978 662 1015 vocatum,
680 972 742 1020 qui
764 983 833 1020 pro
849 977 1036 1019 quaestore
1054 970 1194 1007 Manlii

81 1043 175 1077 erat,
198 1042 348 1071 catenas
369 1036 558 1085 poposcit,
580 1036 727 1071 vinctos
749 1047 788 1071 se
807 1034 965 1071 Junium
982 1034 1194 1071 RIanlium-

81 1111 153 1147 que
189 1099 368 1135 minitans
406 1099 570 1136 Romam
608 1101 821 1137 missurum.
878 1100 939 1136 Ab
966 1113 1013 1136 eo
1043 1113 1193 1150 quoque

80 1171 246 1212 spretum
268 1163 432 1199 consulis
460 1165 658 1214 imperium
680 1171 758 1200 est:
791 1171 828 1200 et
848 1165 1094 1201 circumfusus
1124 1178 1192 1202 ex-

81 1227 233 1269 ercitus,
254 1226 383 1262 favens
413 1228 684 1276 imperatorum
714 1241 869 1271 caussae,
891 1234 929 1264 et
957 1228 1104 1264 consuli
1134 1230 1201 1265 iri-2

78 1289 211 1332 festus,
229 1291 375 1326 animos
393 1291 439 1327 ad
455 1304 532 1327 non
549 1293 755 1341 parendum
770 1292 943 1330 addebat.
989 1293 1191 1329 Postremo

78 1355 259 1403 fatigatus
280 1356 413 1391 consul
443 1363 480 1391 et
500 1357 738 1393 contumeliis
766 1357 1015 1405 singulorum,
1036 1365 1074 1393 et
1093 1357 1191 1394 mul-

76 1419 247 1455 titudinis
285 1422 390 1467 (nam
422 1421 575 1470 insuper
608 1421 840 1468 inridebant)
871 1421 1057 1465 ludibriis,
1094 1434 1191 1458 nave

77 1483 220 1525 eadem,
242 1496 315 1532 qua
334 1492 502 1527 venerat,
518 1484 733 1533 Aquileiam
752 1485 875 1522 rediit.
922 1485 1016 1521 Inde
1033 1485 1188 1534 collegae

77 1548 239 1596 scripsit,
264 1555 303 1583 ut
333 1548 494 1584 militum
519 1562 706 1585 novorum
735 1549 767 1584 ei
788 1550 901 1599 parti,
931 1562 1014 1598 quae
1047 1551 1189 1600 scripta

77 1611 114 1646 in
136 1610 286 1646 Isti-iam
313 1613 546 1661 provinciam
577 1619 689 1655 esset,
710 1613 886 1656 ediceret,
907 1614 1122 1663 Aquileiam
1146 1623 1188 1651 ut

75 1675 317 1720 conveniret,-
350 1688 398 1711 ne
417 1676 505 1724 quid
534 1688 572 1711 se
601 1675 735 1712 Romae
762 1683 921 1719 teneret,
943 1690 1018 1725 quo
1047 1679 1186 1721 minus,

75 1740 173 1774 votis
201 1740 442 1789 nuncupatiS,
472 1740 672 1790 paludatus
703 1741 749 1777 ab
783 1742 872 1777 urbe
902 1743 1032 1779 exiret.
1090 1742 1188 1779 Haec

75 1803 229 1851 collegae
253 1802 507 1852 obsequenter
525 1804 640 1847 facta,
661 1804 859 1853 brevisque
879 1805 956 1841 dies
983 1806 1028 1841 ad
1047 1818 1185 1842 conve-

74 1868 252 1904 niendum
273 1867 395 1904 edicta
415 1874 482 1904 est.
540 1868 720 1905 Claudius
746 1882 864 1919 prope
884 1878 1108 1907 consecutus
1128 1876 1186 1907 est

73 1932 201 1968 literas
221 1944 318 1968 suas,
376 1932 572 1969 Concione
595 1933 795 1970 adveniens
816 1934 861 1970 de
889 1934 1038 1970 Manlio
1058 1941 1095 1970 et
1114 1935 1184 1971 Ju-

72 1997 139 2033 nio
158 1996 302 2038 habita,
324 2009 401 2032 non
424 1997 520 2033 ultra
540 1998 705 2034 triduum
721 2005 889 2035 moratus
908 1998 1058 2041 Romae,
1076 1999 1184 2048 palu-

75 2062 197 2105 datus,
219 2075 302 2098 cum
328 2062 539 2105 lictoribus,
561 2064 734 2112 votisque
763 2065 802 2099 in
825 2063 1017 2113 Capitolio
1036 2077 1183 2101 nuncu-

75 2125 188 2173 patis,
210 2126 247 2160 in
272 2126 520 2174 provinciam,
541 2139 646 2175 aeque
675 2140 718 2163 ac
737 2128 854 2177 prius,
874 2128 1060 2179 praecipiti
1086 2127 1193 2165 cele--

76 2188 189 2223 ritate
209 2187 300 2224 abit.

131 2252 205 2288 XI.
235 2252 370 2288 Paucis
391 2260 477 2290 ante
497 2255 626 2291 diebus
647 2255 783 2292 Junius
810 2255 1054 2306 Manliusque
1073 2258 1182 2307 oppi'-
1196 2255 1388 2288 Nesattium.

21 2347 24 2348 γ
75 2316 163 2353 dum
183 2316 415 2361 Nesattium,
437 2331 511 2368 quo
532 2332 570 2356 se
596 2321 784 2371 principes
804 2320 990 2358 Istrorum
1011 2328 1049 2358 et
1072 2334 1183 2373 regu·
1197 2298 1353 2374 ξὲὲἒὲξὲε

604 2382 684 2437 05
