1546 2648
394 166 549 194 LIBER
573 162 781 192 xxxvn.
815 161 923 190 CAP.
945 161 1017 189 xl.
1207 155 1257 202 15

140 269 213 307 que
242 256 394 307 raptim,
430 269 512 306 quae
546 254 742 291 subductae
775 258 897 295 erant,
928 250 1103 294 navibus,
1142 263 1259 299 quum
1273 250 1457 282 U.C.562.

139 321 238 357 diem
258 334 338 357 non
357 328 434 357 tam
457 321 496 356 iu
521 319 704 369 adparatu
734 317 994 358 absumsisset,
1016 327 1128 364 quain
1157 314 1261 364 quod

139 385 310 436 conspici
339 384 645 436 proficiscentem
668 381 826 418 classem
847 379 1027 425 nolebat3
1060 385 1149 429 post
1168 377 1258 414 solis

139 462 316 486 occasum
337 449 531 500 profectus
553 446 797 497 septuaginta
816 443 975 480 navibus
996 443 1122 486 tectis,
1143 448 1259 478 vento

1272 296 1310 325 A.
1328 294 1365 325 C.
1383 302 1458 327 190.

141 514 312 557 adverso,
327 520 415 550 ante
430 513 554 549 lucem
569 510 712 560 Pygela
724 514 877 559 portum
894 507 1038 543 tenuit:
1061 506 1127 543 ubi
1143 519 1258 556 quum
1273 509 1358 538 Eum
1376 506 1426 537 in-

141 579 306 615 interdiu
327 578 376 615 ob
394 578 564 615 eamdem
580 587 752 613 caussam
768 574 947 623 quiesset,
961 578 1075 608 nocte
1089 572 1129 607 in
1144 584 1259 622 prox-

141 644 218 680 ima
238 643 372 680 Samiae
392 649 502 679 terrae
522 641 687 692 trajecit.
749 638 854 675 Hinc
873 637 1072 674 Nicandro
1094 637 1260 686 quodam

143 708 372 758 archipirata
391 708 558 757 quinque
579 705 739 742 navibus
767 704 876 740 tectis
905 702 1128 739 Palinurum
1145 702 1258 752 jusso

143 777 285 821 petere,
307 777 419 820 atque
435 771 522 806 inde
538 776 720 812 armatos,
742 781 816 817 qua
831 767 1047 818 proximum
1066 779 1133 817 per
1148 779 1259 815 agros

142 835 216 870 iter
237 841 350 877 esset,
379 834 610 870 Panormum
645 833 693 869 ad
725 839 874 881 tergum
908 831 1078 867 hostium
1108 830 1260 873 ducere,

143 899 224 949 ipse
243 899 410 942 interim,
432 898 550 934 classe
570 898 703 941 divisa,
725 903 767 932 ut
793 909 839 932 ex
861 903 1018 945 utraque
1044 901 1151 945 parte
1177 894 1262 931 fau-

146 976 206 999 ces
230 970 361 1014 portus
393 971 554 1006 teneret,
574 963 808 999 Panormum
838 961 946 1010 petit.
1003 960 1263 996 Pausistratus

146 1028 283 1078 primo,
305 1034 345 1064 ut
370 1029 409 1064 in
435 1041 475 1064 re
501 1028 745 1077 necopinata,
765 1025 941 1062 turbatus
961 1036 1177 1074 parumper,
1199 1023 1265 1059 de-

148 1093 234 1129 inde
251 1100 355 1130 vetus
372 1093 494 1136 miles,
516 1092 688 1129 celeriter
708 1091 883 1128 conlecto
904 1090 1047 1132 animo,
1065 1095 1165 1124 terra
1185 1100 1265 1124 me-

148 1158 218 1196 lius
240 1160 372 1202 arceri,
395 1172 508 1208 quam
534 1159 642 1201 mari,
663 1159 792 1194 hostes
820 1168 932 1207 posse
957 1161 1076 1198 ratus,
1097 1160 1264 1191 armatos

151 1223 296 1259 duobus
325 1223 540 1272 agminibus
574 1223 623 1259 ad
654 1221 932 1272 promontoria,
970 1232 1052 1268 quae
1086 1218 1266 1255 cornibus

150 1286 311 1336 objectis
343 1287 390 1323 ab
417 1287 495 1323 alto
523 1292 676 1336 portum
702 1285 863 1326 faciunt,
884 1283 1012 1328 ducit,
1046 1282 1133 1318 inde
1155 1282 1268 1318 facile

150 1350 234 1387 telis
265 1351 494 1401 ancipitibus
529 1351 680 1386 hostem
706 1348 970 1385 submoturus:
1010 1346 1046 1382 id
1073 1347 1271 1397 inceptum

149 1414 229 1464 ejus
249 1415 444 1452 Nicander
464 1429 486 1452 a
505 1421 607 1451 terra
625 1415 726 1450 visus
747 1426 862 1463 quum
886 1411 1091 1455 turbasset,
1113 1419 1270 1462 repente

150 1487 298 1516 mutato
331 1480 506 1523 consilio,
544 1492 658 1516 naves
694 1477 948 1514 conscendere
983 1489 1114 1512 omnes
1142 1476 1270 1527 jubet.

152 1544 251 1580 Tum
272 1557 360 1580 vero
380 1543 682 1594 ingens'pariter
711 1543 875 1580 militum
895 1548 1174 1591 nautarumque
1193 1549 1270 1579 tre-

126 1649 129 1651 >
153 1609 298 1658 pidatio
318 1616 416 1651 orta,
438 1615 476 1645 et
505 1608 607 1644 velut
635 1608 729 1657 fuga
755 1608 795 1644 in
828 1619 941 1643 naves
971 1608 1067 1650 fieri,
1089 1621 1204 1657 quum
1231 1622 1270 1646 se

155 1674 248 1709 mari
269 1679 444 1723 terraque
464 1673 576 1710 simul
602 1679 801 1709 cernerent
822 1673 1112 1711 circumventos.
1169 1674 1271 1711 Pau-

155 1738 344 1780 sisti-atus,
363 1751 476 1773 unam
497 1739 595 1774 viam
616 1737 747 1774 salutis
768 1750 849 1773 esse
868 1744 987 1781 ratus,
1006 1739 1037 1773 si
1054 1739 1127 1775 vim
1146 1739 1272 1777 face‘re

153 1815 220 1852 per
238 1802 365 1839 fauces
386 1810 533 1853 portuS,
555 1809 668 1852 atque
697 1815 892 1853 erumpere
918 1804 955 1839 in
976 1816 1080 1840 mare
1099 1812 1274 1855 apertum

156 1873 298 1917 posset,
319 1874 523 1917 postquam
550 1867 815 1903 conscendisse
842 1879 930 1903 suos
957 1868 1064 1911 vidit,
1086 1870 1192 1918 sequi
1212 1884 1275 1907 ce-

155 1932 245 1967 teris
268 1931 401 1981 jussiS,
430 1932 510 1981 ipse
539 1932 714 1982 princeps
746 1932 940 1968 concitata
964 1944 1060 1968 nave
1090 1934 1201 1970 remis
1229 1935 1277 1972 ad

157 1996 296 2032 ostium
323 2003 454 2047 portus
482 1996 615 2032 tendit.
673 1997 923 2047 Sapei-antem
943 1996 1025 2047 jam
1053 1997 1181 2034 fauces
1205 2011 1274 2036 na-

155 2074 238 2097 vem
255 2061 334 2112 ejus
351 2060 605 2111 Polyxenidas
625 2061 746 2098 tribus
763 2062 1096 2112 quinqueremibus
1113 2064 1277 2100 circum-

159 2126 271 2162 sistit,
316 2125 436 2161 Navis
457 2126 588 2162 rostris
609 2126 685 2162 icta
705 2126 976 2177 subprimitur:
999 2126 1089 2163 telis
1104 2127 1275 2164 obruun-

160 2197 221 2224 tur
241 2198 566 2240 propugnatores:
599 2192 699 2227 inter
717 2204 811 2241 quos
833 2198 871 2228 et
889 2191 1147 2228 Pausistratus
1174 2193 1276 2242 inpi-

161 2266 227 2302 gre
252 2267 423 2304 pugnans
450 2256 688 2294 interficitur.
744 2257 911 2293 Navium
938 2256 1166 2306 reliquarum
1188 2264 1277 2294 ante

159 2326 313 2370 portum
342 2320 438 2366 aliae,
461 2321 543 2359 aliae
571 2323 610 2360 in
642 2329 757 2375 portu
782 2322 1040 2374 deprehensae,
1061 2322 1270 2373 quaedama

1273 559 1407 582 cautum
1420 549 1481 582 ob·

1272 601 1393 636 pnmxt,
