1546 2648
334 139 419 190 604
723 147 1060 180 FRAGMENTA.

331 238 463 275 Tertia
477 250 639 287 namque
657 237 735 274 Titi
755 238 866 275 simul
885 245 922 276 et
942 240 1147 277 centesima
1164 239 1252 277 Livi

334 303 477 338 Charta
497 303 622 345 docet,
640 302 741 338 ferro
761 302 875 338 talem
896 303 1080 340 candente
1099 304 1269 341 dolorem

331 365 535 407 Exactum,
557 371 622 402 aut
642 373 734 415 poto
753 379 930 416 raporum
949 368 1091 404 semine
1110 368 1257 418 pulsum
1273 381 1282 405 t

331 428 469 464 Infecti
490 429 615 465 dicens
636 429 697 465 vix
716 435 859 478 septem
878 442 989 480 posse
1008 431 1138 466 diebus

329 491 458 529 Vitam
478 492 633 543 produci
650 507 658 528 ε
690 499 798 529 tanta
817 500 873 529 est
894 493 1075 530 violentia
1095 493 1229 530 morbi.

495 556 538 597 Q.
554 556 677 593 Seren.
698 556 843 592 Samon.
865 557 908 591 de
925 557 1058 593 Medic.
1074 569 1154 606 cap.
1169 558 1235 594 39.
1250 569 1282 594 υ.
1300 555 1389 595 725.

700 661 777 698 EX
805 660 912 698 LIB.
943 660 1069 699 CVII.

366 748 442 787 Qui
455 747 678 798 Pompeium
699 748 871 785 morbum
888 761 1085 785 excusasse
1097 748 1238 791 ferunt,
1251 760 1313 790 ne,
1327 759 1443 796 quum

325 811 526 848 interesset
544 811 741 855 deditioni,
759 812 905 848 animos
921 811 1247 848 Numantinorum
1265 810 1441 848 irritaret.

325 876 501 912 Priscian.
520 875 579 913 lib.
598 876 702 913 xviii.
736 877 896 912 Gramm.
914 889 1001 924 pag.
1027 875 1139 914 1198.

695 981 773 1019 ΕΧ
801 982 906 1019 LIB.
937 982 1068 1019 CXII.

374 1068 509 1104 Castra
528 1079 678 1116 quoque
698 1067 853 1104 diversis
882 1067 1053 1118 partibus
1075 1066 1227 1104 Cassius
1247 1072 1285 1104 et
1300 1066 1441 1117 Bogud

320 1131 443 1169 adorti
473 1131 575 1167 haud
604 1131 765 1167 multum
785 1131 954 1175 abfuere,
975 1131 1066 1181 quin
1087 1144 1202 1182 opera
1220 1144 1439 1184 perrumpe-

321 1202 418 1232 rent.

375 1261 464 1299 Quo
484 1266 654 1309 tempore
673 1258 845 1296 firmandi
865 1259 971 1309 regni
992 1259 1160 1308 Bogudis
1181 1272 1313 1296 caussa
1331 1272 1439 1298 exer-

321 1324 439 1361 eitum
460 1325 497 1360 in
518 1324 687 1361 Africam
707 1324 888 1361 velociter
907 1323 1081 1374 trajicere
1101 1320 1258 1360 conatus
1279 1324 1340 1362 sit.

378 1388 528 1425 Cassius
555 1388 733 1437 gessisset
755 1401 840 1424 cum
855 1388 1049 1424 Trebonio
1069 1387 1223 1430 bellum,
1250 1388 1281 1424 si
1307 1387 1440 1438 Bogu-

322 1450 406 1489 dem
426 1452 574 1488 trahere
594 1452 632 1487 in
652 1452 874 1488 societatem
894 1451 1032 1488 furoris
1053 1452 1252 1502 potuisset.

510 1517 687 1552 Priscian.
708 1515 765 1552 lib.
785 1515 833 1552 vi.
859 1517 1020 1552 Gramm.
1038 1527 1124 1564 pag.
1145 1515 1221 1551 686
1240 1519 1276 1551 et
1294 1513 1383 1554 687.

684 1621 760 1658 Ex
792 1607 894 1658 ΜΒ.
925 1621 1077 1658 οΧΠΙ.

372 1707 524 1756 Bogud,
541 1707 726 1756 Bogudis,
743 1720 882 1744 nomen
900 1707 1118 1751 barbarum,
1133 1707 1234 1757 quod
1250 1705 1381 1744 Livius
1398 1706 1437 1744 in

317 1771 419 1808 cxiii.
449 1771 651 1808 declinavit
683 1772 865 1822 Bogudis.
923 1774 1101 1810 Priscian.
1135 1773 1193 1808 lib.
1213 1784 1246 1808 v.
1271 1771 1435 1810 Gramm-

313 1846 400 1883 pag.
423 1835 511 1871 643,

368 1897 422 1934 Et
441 1898 520 1947 ipse
535 1898 636 1934 circa
655 1897 804 1948 Pulpud
823 1911 928 1936 oram
946 1897 1135 1936 tuebatur.
1179 1899 1354 1936 Priscian.
1371 1899 1432 1936 lib.

317 1961 365 1999 vi.
400 1963 560 1999 Gramm.
577 1975 663 2012 pag.
685 1963 775 2002 687.

665 2067 741 2105 EX
770 2067 875 2105 LIB.
907 2067 1096 2105 CXVIII.

367 2151 557 2188 Adversus
584 2153 844 2191 interfectores
877 2155 919 2191 C.
942 2154 1100 2190 caesaris
1131 2151 1317 2190 ultoribus
1349 2165 1432 2190 ma·

313 2227 404 2252 num
425 2229 646 2268 comparans
667 2219 856 2258 concibat.
904 2220 1085 2257 Priscian.
1106 2218 1165 2256 lib.
1184 2218 1236 2256 ix.
1271 2218 1433 2256 Gramm.

316 2291 400 2328 vag.
421 2280 512 2319 865.
