1546 2648
318 139 403 193 526
777 148 822 176 T.
847 149 978 178 mvn

128 238 219 268 U.C.
235 242 446 277 ⁵8⁵·castris
464 238 620 280 haberet,
643 238 779 273 nullam
811 240 848 274 in
878 240 1034 275 exercitu
1057 241 1266 276 seditionem
1293 240 1429 276 habuit.

123 282 163 312 A'
179 281 216 311 C'
235 286 307 316 ¹⁵7'
321 305 459 340 Eadem
477 304 643 340 severitas
661 303 816 350 imperii,
836 315 944 350 quam
969 315 1065 339 nunc
1089 304 1254 347 oderunt,
1276 309 1358 340 tunc
1375 316 1431 340 eos

318 369 506 404 continuit.
563 367 718 418 diuque,
755 368 905 414 antiqua
937 368 1127 415 disciplina
1157 367 1283 410 habiti,
1317 379 1430 416 neque

305 432 489 481 fecerunt.
545 431 622 468 Ser.
643 431 785 479 quidem
811 431 939 473 Galba,
971 432 1003 466 si
1031 433 1068 467 iu
1095 431 1140 467 L,
1160 432 1294 468 Paullo
1322 443 1428 467 accu-

315 498 428 533 sando
462 497 663 532 tirocinium
691 507 835 543 ponere,
873 500 908 531 et
941 497 1191 532 documentum
1223 497 1430 544 eloquentiae

316 564 404 598 dare
420 562 548 602 voluit,
569 573 637 596 non
667 559 889 607 triumphum
915 561 1076 607 inpedire
1107 560 1239 603 debuit,
1261 572 1377 608 quem,
1397 561 1429 595 si

315 627 407 663 nihil
425 626 540 668 aliud,
556 630 698 661 senatus
708 623 846 670 justum
861 636 931 659 esse
939 623 1169 669 judica-verat
1181 641 1193 660 .·
1210 625 1270 660 secl
1285 629 1427 672 postero

316 692 387 732 die,
409 702 515 738 quam
538 688 799 736 triumphatum
824 693 887 730 est,
914 690 1098 736 privatum
1116 700 1196 724 eum
1219 689 1356 724 visurus
1373 700 1426 723 es-

311 760 377 797 set,
397 766 522 790 nomen
542 752 712 802 deferret,
735 758 770 788 et
792 752 926 800 legibus
943 754 1179 800 interrogaret
1194 769 1205 795 ‚·
1234 756 1299 788 aut
1315 753 1428 788 serius

312 819 452 867 paullo,
483 830 592 867 quum
619 819 776 866 primum
795 819 1028 864 magistratus
1052 818 1127 864 ipse
1156 818 1312 864 cepisset,
1333 817 1426 852 diem

313 885 458 925 diceret,
479 884 660 919 inimicum
678 883 727 918 ad
751 883 927 930 populum
945 886 1140 918 accusaret.
1199 882 1259 916 Ita
1283 886 1319 916 et
1341 892 1425 928 pre-

313 951 402 985 tium
432 953 526 984 recte
550 947 652 996 sacti
684 946 904 994 triumphum
939 946 1082 981 haberet
1111 946 1155 981 L.
1176 946 1332 981 Paullus
1355 957 1426 992 pro

311 1015 450 1060 egregie
462 1013 553 1048 bello
562 1017 661 1060 gesto
669 1027 682 1055 ,·
697 1016 733 1047 et
742 1011 935 1059 poenarn,si
950 1011 1036 1057 quid
1052 1014 1087 1045 et
1102 1014 1218 1045 vetere
1229 1009 1348 1056 gloria
1359 1020 1425 1044 sua

310 1083 346 1113 et
364 1089 457 1113 nora,
475 1073 660 1124 indignum
677 1075 838 1124 fecisset.
895 1075 969 1110 Sed
998 1075 1174 1115 videlicet,
1205 1075 1263 1109 cui
1291 1075 1425 1109 crimen

312 1143 465 1183 nullum,
486 1141 623 1176 nullum
643 1140 814 1188 probrum
834 1139 951 1174 dicere
968 1141 1124 1185 poterat,
1138 1135 1211 1183 ejus
1229 1136 1425 1172 obtrectare

312 1207 433 1241 laudes
451 1206 576 1240 voluit.
634 1204 744 1239 Diem
772 1204 948 1250 integrum
976 1201 1138 1238 hesterno
1157 1202 1216 1236 die
1240 1201 1290 1236 ad
1317 1213 1424 1236 accu-

309 1271 461 1306 sandum
493 1269 536 1304 L.
559 1269 732 1304 Paullum
759 1269 890 1316 petiit:
918 1271 1073 1314 quatuor
1101 1265 1220 1307 horas,
1245 1269 1424 1313 quantum

308 1338 495 1383 supererat
514 1334 598 1375 diei,
619 1333 768 1369 dicendo
795 1332 975 1368 absumsit.
1034 1331 1122 1372 Quis
1149 1341 1319 1378 umquam
1348 1333 1424 1366 tam

310 1412 435 1435 nocens
452 1410 533 1434 reus
549 1397 644 1446 fuit,
665 1396 764 1443 cujus
781 1397 869 1432 vitia
887 1397 970 1432 vitae
989 1400 1040 1432 tot
1058 1395 1154 1431 horis
1177 1396 1335 1442 eaepromi
1353 1406 1424 1430 nou

306 1464 478 1512 possent.9
515 1463 612 1503 Quid
641 1463 783 1497 interim
818 1458 957 1506 objecit,
994 1460 1090 1508 quod
1124 1459 1169 1494 L.
1199 1458 1366 1500 Paullus,
1394 1459 1425 1494 si

310 1539 469 1564 caussam
489 1527 602 1567 dicat,
622 1529 793 1571 negatum
807 1525 893 1559 velit
906 1525 928 1559 ,9
955 1523 1063 1559 Duas
1081 1522 1171 1558 mihi
1193 1522 1324 1569 aliquis
1338 1533 1422 1557 con-

309 1593 424 1627 ciones
450 1601 647 1638 parumper
664 1587 789 1636 faciat
805 1604 816 1624 :
854 1599 964 1622 una-m
991 1576 1148 1622 militum
1172 1585 1423 1621 Macedonico-

312 1669 390 1691 rum
405 1672 416 1698 ‚·
443 1667 574 1703 puram
594 1654 762 1694 alteram,
783 1652 985 1698 integrioris
1007 1648 1153 1696 judicii,
1186 1654 1222 1685 et
1247 1661 1269 1684 α
1287 1647 1424 1697 favore

309 1726 345 1757 et
380 1721 476 1760 odio,
510 1720 672 1755 universo
698 1715 890 1763 judic-ante
914 1715 1050 1762 populo
1079 1713 1257 1749 Romano.
1311 1712 1438 1759 Apud.

310 1785 509 1820 concionem
545 1786 708 1827 togatam
740 1784 775 1815 et
809 1779 981 1814 urbanam
1019 1779 1123 1826 prius
1164 1788 1244 1812 reus
1280 1779 1422 1823 agatur.

313 1849 409 1888 Quid
428 1847 526 1894 apud
547 1845 705 1886 Quirites
724 1843 918 1883 Romanos,
940 1841 1018 1877 Ser.
1028 1840 1157 1882 Galba,
1174 1841 1306 1875 diceres
1318 1840 1339 1874 ,9
1357 1839 1424 1874 illa

310 1914 402 1948 enim
423 1911 484 1947 tibi
505 1914 580 1946 tota
606 1909 741 1945 abscisa
769 1907 886 1943 oratio
904 1910 1016 1942 esset:
1045 1909 1072 1925 “
1093 1907 1131 1940 in
1154 1905 1309 1940 statione
1326 1914 1422 1939 seve-

312 1978 433 2012 “rius
461 1979 495 2010 et
526 1974 694 2009 intentius
722 1971 912 2013 institisti,·
942 1970 1072 2016 vigiliae
1102 1967 1259 2004 acerbius
1285 1971 1320 2002 et
1337 1967 1423 2002 dili-

311 2046 338 2061 “
356 2041 498 2087 gentius
528 2039 722 2074 circumitae
749 2039 830 2071 sunt
844 2051 856 2078 ,-
896 2034 1010 2082 operis
1034 2033 1131 2080 plus,
1162 2042 1268 2078 quam
1300 2035 1422 2073 antea,

312 2109 339 2124 ·‘
349 2103 490 2152 fecisti,
511 2114 620 2149 quiem
646 2103 720 2148 ipse
745 2101 943 2146 imperator
972 2101 1006 2132 et
1034 2101 1178 2132 exactor
1197 2095 1424 2137 circumirem

312 2174 336 2189 ‘⁴
359 2169 481 2204 codem
500 2168 558 2202 die
577 2171 613 2202 et
641 2167 710 2201 iter
726 2163 866 2212 fecisti,
886 2167 922 2197 et
940 2163 975 2196 in
994 2161 1107 2196 aciem
1127 2171 1169 2194 ex
1188 2160 1314 2195 itinere
1333 2159 1423 2194 dux-

311 2232 337 2253 “‘
360 2234 430 2268 isti.
486 2231 544 2267 Ne
561 2232 728 2266 victorem
747 2228 888 2276 quidem
914 2231 947 2261 te
966 2226 1188 2272 adquiescere
1204 2234 1328 2272 passus
1345 2227 1396 2258 est
1411 2237 1424 2258 .-

313 2302 338 2317 “
359 2298 482 2333 statim
517 2295 567 2331 ad
607 2294 866 2343 persequendos
901 2291 1016 2327 hostes
1052 2289 1166 2326 duxit.
1238 2287 1356 2329 Quum
1387 2290 1421 2321 te
