1546 2648
338 180 496 208 Limia
520 177 662 206 κων.
696 176 803 204 CAP.
828 175 935 204 x1v.
1107 174 1191 217 439

84 271 195 307 unius
221 269 323 306 urbis
353 268 566 310 obsidione,
597 265 880 301 Demetriadem
907 264 1098 314 extemplo
1125 263 1193 300 du-
1205 268 1248 299 U.
1261 268 1298 298 C.
1315 273 1389 299 583.

86 336 160 371 cit:
193 347 262 371 nec
285 340 365 369 tum
391 332 533 368 moenia
562 329 691 372 modo,
713 329 777 365 sed
802 341 914 378 agros
942 329 1056 365 etiam
1076 327 1195 364 confi-

87 400 222 437 derunt
247 413 285 437 se
305 414 327 437 a
352 397 662 451 populationibus
683 397 779 433 tueri
799 408 929 447 posse:
963 401 1000 431 et
1027 396 1196 446 eruptio-

86 477 152 500 nes
174 466 213 501 in
225 476 339 513 vagos
352 462 595 514 populatores
608 474 687 498 non
703 461 784 497 sine
798 459 1014 496 vulneribus
1030 460 1198 496 hostium

87 528 196 565 factae
217 536 317 565 sunt.
372 527 626 565 Circumvecti
644 532 774 562 tamen
793 526 934 562 moenia
951 532 1038 560 sunt
1058 531 1200 574 praetor

87 600 125 629 et
143 606 222 636 rex,
244 594 357 629 situm
375 593 476 629 urbis
497 590 814 641 contemplantes,
836 591 867 626 si
887 602 962 640 qua
988 595 1096 639 parte
1114 594 1199 624 ten-

88 663 169 694 tare
188 665 253 694 aut
280 671 394 709 opere
420 665 486 694 aut
504 658 541 693 vi
560 662 727 707 possent.
783 655 903 692 Fama
920 654 1007 697 fuit,
1038 666 1104 704 per
1124 653 1201 702 Cy-

88 720 241 758 dantem
263 722 482 758 Cretensem
513 727 550 757 et
568 720 855 762 Antimachum,
875 719 940 768 qui
963 717 1203 754 Demetriadi

88 793 261 835 praeerat,
301 793 481 823 tractatas
512 786 612 822 inter
639 784 853 821 Eumenem
878 789 917 820 et
946 783 1084 819 Persea
1109 794 1202 818 con—

88 849 252 886 ditiones
275 851 473 886 amicitiae:
507 849 554 886 ab
583 848 827 885 Demetriade
856 854 958 884 certe
987 846 1204 883 abscessum

1205 313 1246 344 A.
1264 311 1300 342 C.
1317 316 1389 344 169.

90 920 159 950 est.
214 914 405 951 Eumenes
444 915 491 951 ad
527 914 723 951 consulem
759 913 937 962 navigat:
975 911 1200 961 gratulatuS‚
1215 922 1379 952 Eumenes

90 977 192 1026 quod
211 990 391 1028 prospere
408 978 679 1014 Macedoniam
703 978 896 1020 intrasset,
916 976 1144 1024 Pergamum
1163 975 1202 1010 in

90 1053 250 1089 regnum
270 1041 362 1078 abit.
416 1041 586 1078 Marcius
603 1040 760 1090 Figulus
781 1046 934 1091 praetor,
950 1045 1058 1090 parte
1074 1039 1204 1075 clasms

90 1104 132 1140 in
155 1104 316 1142 hiberna
349 1106 546 1142 Sciathum
576 1107 706 1149 missa,
741 1118 826 1142 cum
860 1104 1013 1154 reliquiS
1046 1101 1206 1139 navibus

92 1167 236 1205 Oreum
256 1169 421 1207 Boeotiae
446 1171 556 1220 petit,
577 1182 660 1206 eam
681 1168 812 1205 urbem
832 1168 1067 1219 aptissimam
1085 1173 1206 1210 ratus,

91 1232 192 1269 unde
211 1234 453 1279 exercitibus,
467 1235 532 1284 qui
551 1235 590 1270 in
609 1233 851 1276 Macedonia,
867 1233 1006 1282 quique
1025 1233 1064 1268 in
1083 1231 1207 1267 Thes-

92 1295 186 1333 salia
205 1305 327 1342 erant,
349 1300 449 1335 mitti
473 1302 705 1334 commeatus
732 1302 900 1347 possent.
955 1295 1016 1332 De
1034 1295 1208 1331 Eumene

92 1372 182 1409 rege
200 1360 315 1411 longe
333 1362 481 1399 diversa
500 1362 667 1399 tradunt.
725 1361 765 1397 Si
784 1360 938 1396 Valerio
959 1360 1108 1396 Antiati
1129 1370 1210 1395 cre-

93 1425 174 1469 das,
194 1439 264 1463 nec
284 1426 402 1464 classe
422 1426 594 1478 adjutum
616 1426 663 1463 ab
684 1438 730 1462 eo
757 1431 959 1476 praetorem
979 1437 1074 1467 esse,
1096 1436 1212 1473 quum

93 1501 192 1540 saepe
211 1504 297 1527 eum
316 1491 434 1528 literis
462 1492 692 1534 arcessisset,
712 1490 853 1536 tradit3
885 1502 956 1526 nec
984 1501 1069 1525 cum
1089 1488 1213 1537 gratia

94 1551 142 1590 ab
162 1555 319 1591 consule
348 1556 562 1606 profectum
591 1556 631 1591 in
650 1555 796 1597 Asiam,
817 1554 1072 1602 indignatum,
1093 1551 1210 1601 quod,

95 1625 139 1654 ut
156 1619 288 1656 iisdem
307 1621 438 1657 castris
458 1620 645 1663 tenderet,
660 1620 885 1670 permissum
902 1631 978 1654 non
992 1618 1107 1654 fuerit
1122 1631 1130 1654 z
1163 1629 1212 1653 ne
1230 1618 1237 1622 ”

95 1688 137 1717 ut
157 1683 301 1731 equites
315 1684 466 1733 quidem
486 1683 633 1726 Gallos,
652 1696 746 1733 quos
767 1694 895 1719 secum
910 1682 1130 1724 adduxerat,
1151 1693 1211 1716 re—

94 1744 296 1795 linqueret,
314 1748 497 1798 inpetrari
513 1747 560 1784 ab
576 1761 622 1784 eo
638 1747 820 1798 potuisse.
866 1745 1040 1782 Attalum
1055 1745 1212 1781 fratrem

94 1808 174 1859 ejus
196 1816 234 1846 et
253 1812 478 1847 remansisse
506 1811 607 1862 apud
626 1810 835 1853 consulem,
857 1817 896 1846 et
924 1810 1109 1845 sinceram
1130 1807 1210 1858 ejus

95 1874 206 1911 fidem
226 1876 360 1926 aequali
380 1884 512 1913 tenore
532 1876 797 1926 egregiamque
810 1886 965 1925 operam
984 1874 1023 1909 in
1044 1886 1090 1909 eo
1108 1871 1211 1909 bello

94 1938 222 1976 fuisse.

148 2002 260 2040 XIV.
288 2003 392 2040 Dum
422 2003 563 2040 bellum
593 2004 631 2039 in
660 2002 892 2038 Macedonia
911 2000 1068 2049 geritur,
1095 1998 1213 2047 legati

95 2065 338 2117 Transalpini
358 2067 405 2104 ab
426 2067 558 2116 regulo
572 2067 769 2103 Gallorum
792 2064 977 2113 (Balanos
998 2063 1113 2114 ipsius
1135 2068 1212 2098 tra-

98 2128 199 2165 ditur
225 2142 389 2177 nomen3
421 2132 561 2180 gentis,
592 2144 639 2167 ex
657 2143 732 2179 qua
756 2128 885 2172 fuerit,
919 2140 997 2164 non
1031 2126 1209 2171 traditur)

98 2190 265 2230 Romam
284 2203 480 2240 venerunt,
503 2195 728 2246 pollicentes
755 2194 802 2230 ad
819 2192 1113 2231 Macedonicum
1130 2190 1212 2227 bel-

98 2257 175 2295 lum
207 2259 359 2298 auxilia.
415 2261 558 2299 Gratiae
592 2262 639 2298 ab
674 2266 809 2297 senatu
841 2269 950 2303 actae,
981 2269 1213 2306 muneraque

615 2326 697 2363 U4

1215 966 1248 995 in
1266 973 1403 1003 regnum

1174 1039 1181 1046 ,
1216 1009 1293 1039 abit.
