1546 2648
321 102 475 132 LIBER
501 101 616 130 XLV.
649 102 758 131 CAP.
778 102 1007 132 xxxvux.
1130 103 1213 148 527

105 197 133 214 “
149 195 277 242 pra-da
301 196 495 243 partienda
515 195 724 243 locupletem
734 195 865 243 facere
878 201 1010 245 posset,
1028 200 1217 246 pecuniam
1231 199 1272 229 U·
1285 199 1322 228 C·
1340 205 1413 230 ⁵8⁵·

103 263 129 279 “
149 261 285 307 regiam
306 260 546 296 translaturus
573 262 610 295 in
637 260 819 308 triumpho
837 266 900 303 est,
932 266 968 297 et
994 263 1030 298 in
1049 243 1267 300 cerarium*
1286 242 1323 272 C’
1342 247 1415 278 ¹⁶⁷⁰

104 326 132 343 “
152 324 325 360 laturus.''
378 324 467 361 Haec
484 326 576 361 sicut
594 326 642 360 ad
656 325 811 361 militum
830 327 967 362 animos
980 328 1219 365 stimulandos

100 389 255 437 aliquem
280 390 444 425 aculeum
477 389 618 432 habent,
650 391 711 438 qui
735 402 868 438 parum
889 391 1054 434 licentiae,
1084 405 1219 440 parum

101 454 264 489 avaritia?
293 467 364 491 suae
392 455 600 490 inser-vitum
629 459 792 498 censent5
833 456 888 490 ita
917 457 1016 503 apud
1041 458 1217 504 populum

100 517 303 554 Romanum
334 517 426 554 nihil
455 518 676 554 valuissent:
704 519 779 566 qui,
799 522 840 554 ut
872 523 994 554 vetera.
1024 523 1131 567 atque
1150 532 1217 556 au-

100 583 178 618 dita
198 595 220 617 a
245 582 452 630 parentibus
479 583 550 617 suis
578 592 647 616 non
665 586 818 629 repetat,
840 593 918 630 quoe
937 582 1130 619 ambitione
1147 585 1217 619 im-

95 651 306 694 peratorum
326 647 445 682 clades
472 650 626 694 acceptae
643 647 728 689 sint,
753 658 830 694 quae
854 648 1041 682 severitate
1071 649 1217 695 imperii

98 712 256 746 victoriae
280 714 411 758 partoe,
428 711 594 757 proximo
620 714 714 745 certe
732 710 873 746 Punico
892 710 996 752 bello,
1018 712 1105 759 quid
1123 712 1216 747 inter

99 775 154 810 M.
171 775 373 810 Minucium
404 775 615 821 magistrum
646 775 803 822 equitum
823 779 858 810 et
879 775 922 815 Q.
935 775 1083 811 Fabium
1104 776 1215 812 Max-

98 839 208 874 imum
235 840 443 874 dictatorem
475 837 697 886 interfuerit,
728 840 902 875 meminit,
959 840 1087 888 Itaque
1106 852 1214 877 accu-

97 907 251 937 satorem
266 903 303 937 id
319 903 409 937 scire
422 902 593 949 potuisse,
610 905 645 937 et
657 913 959 949 supervacaneam
975 902 1214 951 defensionem

98 967 225 1002 Paulli
233 965 363 1014 fuisse.
425 967 645 1002 Transeatur
663 966 712 1002 ad
730 967 885 1002 alteram
904 969 1104 1003 concionem
1116 984 1129 1004 .·
1149 980 1214 1004 nec

101 1029 258 1070 Quirites
276 1041 349 1073 vos,
368 1031 430 1065 sed
448 1030 579 1065 milites
603 1031 727 1065 videor
752 1030 1017 1078 adpellaturus,
1037 1033 1067 1066 si
1086 1043 1213 1067 nomen

97 1093 163 1128 hoc
188 1094 315 1129 saltem
344 1094 505 1129 ruborem
525 1095 696 1136 incutere,
717 1099 752 1129 et
774 1095 1023 1130 verecundiam
1049 1096 1211 1143 aliquam

97 1160 322 1206 imperatoris
339 1159 500 1194 violandi
517 1157 663 1205 adferre
683 1160 806 1207 possit.

149 1222 389 1260 XXXVIII.
436 1223 616 1270 Equidem
650 1224 725 1271 ipse
754 1224 861 1259 aliter
889 1223 1053 1273 adfectus
1088 1225 1210 1260 animo

94 1299 184 1329 sum,
218 1290 279 1335 qui
310 1288 408 1335 apud
439 1289 633 1324 exercitum
668 1289 758 1324 mihi
791 1290 889 1336 loqui
924 1290 1063 1332 videar,
1101 1301 1210 1337 quam

93 1352 220 1398 paullo
239 1356 322 1387 ante
341 1363 453 1393 eram,
474 1363 582 1400 quum
599 1353 650 1387 ad
675 1352 812 1400 plebem
837 1352 1010 1388 urbanam
1024 1353 1210 1400 spectabat

93 1417 221 1452 oratio.
267 1417 362 1457 Quid
379 1418 488 1452 etiam
510 1417 642 1458 dicitis,
664 1417 795 1452 milites
808 1417 828 1452 ,9
846 1417 990 1464 Aliquis
1004 1421 1055 1452 est
1071 1416 1209 1458 Romae,

88 1484 222 1528 praeter
241 1480 387 1521 Persea,
415 1481 476 1528 qui
502 1480 720 1527 triumphari
748 1481 793 1516 de
811 1480 1068 1516 Macedonibus
1085 1481 1212 1516 nolit?

93 1549 128 1579 et
146 1556 225 1580 eum
254 1556 324 1580 non
352 1545 475 1580 iisdem
505 1545 668 1589 manibus
696 1546 908 1593 discerpitis,
936 1545 1060 1592 quibus
1083 1544 1211 1580 Mace·
1247 1539 1253 1543 l

96 1609 208 1644 donas
234 1609 367 1644 vicistis
385 1609 406 1643 .9
439 1607 585 1643 Vincere
603 1620 662 1644 vos
688 1608 936 1656 prohibuisset,
962 1609 993 1643 si
1018 1609 1208 1655 potuisset,

91 1674 151 1720 qui
181 1672 439 1720 triumphantes
457 1673 576 1708 urbem
605 1674 696 1708 inire
721 1673 897 1721 prohibet.
955 1673 1112 1714 Erratis,
1139 1673 1208 1707 mi-

92 1737 182 1779 lites,
202 1738 234 1773 si
254 1736 474 1784 triumphum
494 1738 721 1785 imperatoris
739 1743 895 1780 tantum,
912 1741 947 1772 et
961 1748 1032 1772 non
1050 1737 1210 1772 militum

89 1812 225 1849 quoque
248 1805 282 1836 et
301 1802 455 1836 universi
478 1801 607 1848 populi
634 1800 804 1842 Romani,
824 1812 897 1836 esse
922 1802 1027 1836 decus
1051 1801 1209 1836 censetis.

91 1865 173 1900 Non
198 1866 305 1901 unius
333 1864 398 1901 hoc
424 1865 562 1901 Paulli.
619 1865 733 1901 Multi
765 1867 889 1907 etiam,
924 1866 983 1913 qui
1010 1865 1054 1900 ab
1081 1868 1209 1900 senatu

89 1941 158 1965 non
191 1931 420 1977 inpetrarunt
452 1929 689 1977 triumphum,
713 1931 749 1964 in
774 1935 896 1965 monte
914 1929 1056 1964 Albano
1077 1929 1206 1964 trium-

86 1993 257 2040 pharunt.
315 1994 430 2030 Nemo
459 1994 505 2030 L.
527 1995 663 2030 Paullo
689 1995 803 2041 magis
826 1995 962 2041 eripere
991 1994 1096 2028 decus
1120 2004 1205 2040 per-

79 2056 176 2106 fecti
205 2058 285 2094 belli
311 2059 537 2094 Macedonici
563 2063 692 2106 potest,
721 2070 830 2106 quam
857 2058 896 2094 C.
917 2058 1070 2093 Lutatio
1097 2058 1208 2104 primi

92 2122 223 2157 Punici
241 2121 337 2164 belli,
359 2135 466 2170 quam
486 2122 533 2159 P.
551 2123 715 2159 Cornelio
732 2123 892 2165 secundi,
913 2134 1020 2169 quam
1040 2121 1124 2162 illis,
1145 2122 1207 2168 qui

85 2189 170 2232 post
197 2197 254 2220 eos
285 2186 608 2234 triumphaverunt.
664 2187 743 2222 Nec
761 2186 806 2222 L.
828 2186 1004 2222 Paullum
1035 2186 1207 2220 minorem

93 2253 157 2284 aut
176 2247 345 2295 majorem
375 2250 627 2297 imperatorem
653 2249 856 2299 triumphus
871 2248 1020 2298 faciet.-
1048 2249 1206 2284 militum
