1546 2648
394 117 549 148 LIBER
574 116 757 146 XXXIX·
791 116 899 145 CAP.
923 117 1046 147 XXV.
1197 117 1275 162 179

137 223 140 229 “
156 223 240 247 rum
258 207 419 259 querelae
436 207 482 244 de
498 206 654 243 urbibus
671 206 747 243 suis
768 205 815 242 ab
831 218 877 241 eo
896 206 1095 255 possessis,
1111 213 1149 243 et
1167 206 1271 257 lega·
1286 215 1328 245 U.
1342 215 1379 246 C.
1395 220 1469 251 ⁵67.

156 281 283 310 torum
312 272 494 308 Eumenis
525 270 624 319 regIS
653 270 699 306 de
727 269 902 305 Thraciis
923 268 1072 319 oppidis
1101 283 1169 320 per
1197 272 1270 308 vim
1286 258 1377 289 A·C·
1395 265 1469 292 ¹⁸⁵·

155 337 366 387 occupatis,
386 335 637 384 traductaque
662 334 702 370 in
722 333 992 370 Macedoniam
1012 334 1270 379 multitudine,
1282 313 1439 388 ffiffissagt

154 402 210 438 ita
228 401 367 438 auditae
387 406 509 442 erant,
530 405 573 435 ut
593 410 654 434 eas
681 411 760 434 non
779 398 924 447 negligi
943 399 1034 434 satis
1061 399 1270 450 adpareret.
1283 398 1424 429 aliorum

156 465 330 503 BIaxime
350 469 522 500 moverat
542 469 731 506 senatum,
752 462 853 511 quod
867 461 948 512 jam
969 461 1064 498 AEni
1082 469 1119 498 et
1138 463 1271 500 Maro·
1283 442 1424 516 {2355

152 543 234 567 neae
254 528 437 565 adfectari
452 528 730 578 possessionem
751 527 972 573 audierant3
1002 528 1126 564 minus
1150 528 1271 565 Thes·
1285 530 1382 570 lippo.

153 594 253 630 salos
274 593 470 630 curabant.
517 593 753 629 Athamanes
767 605 918 642 quoque
934 599 1120 629 venerunt
1139 592 1270 643 legati,

152 671 232 695 non
251 659 369 709 partis
399 659 560 701 amissae,
590 670 667 693 non
688 657 820 694 finium
842 656 1036 707 jacturam
1055 666 1271 706 querentes,

152 723 218 759 sed
247 728 368 758 totam
397 721 670 757 Athamaniam
699 720 767 757 sub
790 719 855 771 jus
877 720 1142 771 judiciumque
1170 723 1269 771 regis

150 787 310 823 venisse.
365 786 419 822 Et
437 785 718 821 Maronitarum
739 785 884 822 exsules
906 787 1031 834 (erant
1051 785 1163 836 pulsi,
1180 787 1271 836 quia

150 853 337 892 libertatis
359 865 529 889 caussam
550 851 806 888 defendissent
831 852 878 889 ab
899 853 1004 901 regio
1025 853 1218 902 praesidio)
1241 853 1269 888 ii

150 931 228 955 non
244 917 470 954 Maroneam
492 917 620 960 modo,
641 916 705 953 sed
725 917 840 953 etiam
855 916 1002 954 AEnum
1022 917 1060 952 in
1076 922 1268 967 potestate

148 982 383 1019 nunciabant
414 981 579 1031 Philippi
610 993 703 1018 esse.
760 981 955 1017 Venerant
982 988 1020 1018 et
1047 995 1068 1017 a
1088 981 1267 1031 Philippo

150 1047 266 1097 legati
288 1048 333 1083 ad
354 1047 550 1097 purganda
570 1059 636 1083 ea:
669 1046 732 1095 qui
752 1046 862 1088 nihil,
884 1046 956 1082 nisi
979 1046 1164 1096 permissu
1182 1045 1266 1082 Ro-

153 1124 350 1148 manorum
370 1112 656 1161 imperatorum,
676 1110 821 1146 factum
848 1109 1112 1147 adfirmabant.
1171 1111 1267 1148 Civi-

153 1182 243 1212 tates
278 1176 540 1218 Thessalorum,
585 1181 620 1211 et
649 1175 935 1218 Perrhaeborum,
966 1180 1002 1212 et
1037 1176 1266 1224 Magnetum,

147 1246 184 1277 et
220 1253 300 1277 cum
328 1241 565 1288 Amynandro
598 1240 847 1276 Athamanum
879 1246 1036 1287 gentem,
1076 1242 1113 1276 iu
1145 1242 1269 1277 eadem

148 1317 286 1347 caussa,
308 1317 377 1352 qua
398 1304 559 1346 AETtolos,
578 1303 709 1352 fuisse.
763 1304 942 1340 Antiocho
964 1316 1046 1351 rege
1070 1306 1187 1352 pulso,
1209 1318 1268 1341 oc-

148 1375 319 1418 cupatum
353 1370 597 1417 obpugnandis
624 1369 798 1404 AEtolicis
832 1369 972 1404 urbibus
1005 1371 1184 1406 consulem
1219 1371 1269 1407 ad

147 1434 372 1482 recipiendas
390 1445 448 1468 eas
469 1434 630 1468 civitates
645 1432 858 1480 Philippum
870 1434 1003 1468 misisse
1015 1450 1027 1469 .·
1056 1435 1167 1469 armis
1184 1435 1266 1470 sub-

148 1504 247 1535 actos
273 1510 411 1546 parere.
470 1497 646 1539 Senatus,
675 1509 721 1532 ne
742 1497 831 1545 quid
856 1495 1014 1534 absente
1034 1510 1122 1546 rege
1142 1505 1263 1535 statu·
1277 1500 1466 1552 Legati-Rp-

149 1569 242 1604 eret,
260 1562 405 1610 legatos
423 1561 468 1597 ad
485 1573 546 1597 eas
565 1561 842 1597 controversias
859 1561 1122 1611 disceptandas
1143 1563 1260 1606 misit,
1275 1554 1436 1629 Ξέωῐὲὶῗ]

147 1626 195 1664 Q.
213 1625 407 1662 Caecilium
422 1624 637 1667 Metellum,
658 1624 714 1660 M.
733 1624 906 1660 Baebium
924 1625 1182 1675 Tamphilum,
1200 1627 1260 1665 Ti.
1274 1639 1368 1665 tores.

145 1690 409 1739 Sempronium
427 1703 434 1724 ε
468 1701 629 1738 quorum
656 1688 725 1724 sub
746 1688 948 1724 adventum
973 1690 1019 1725 ad
1039 1689 1260 1729 Thessalica

143 1754 288 1805 Tempe
307 1754 483 1790 omnibus
503 1755 547 1790 iis
569 1753 799 1797 civitatibus,
814 1753 949 1802 quibus
970 1768 1055 1791 cum
1074 1769 1162 1806 rege
1182 1757 1259 1794 dis-

144 1819 310 1869 ceptatio
330 1824 426 1861 erat,
448 1817 651 1854 concilium
672 1817 856 1854 indictum
875 1824 944 1855 est.

196 1883 328 1920 XXV.
360 1883 417 1919 Ibi
432 1895 547 1931 quum
562 1882 729 1919 Romani
750 1883 864 1931 legati
881 1883 1182 1933 disceptatorum
1200 1885 1259 1922 lo-

143 1959 203 1991 co,
224 1947 398 1984 Thessali
426 1947 695 1996 Perrhaebique
721 1953 759 1983 et
778 1948 1013 1983 Athamanes
1034 1948 1135 1984 haud
1153 1949 1258 1986 dubii

143 2018 396 2055 accusatores,
413 2011 611 2062 Philippus
629 2011 673 2047 ad
691 2011 875 2047 audienda
890 2012 1046 2048 crimina
1062 2018 1256 2062 tamquam

141 2088 241 2118 reuS,
262 2077 544 2121 consedissent3
577 2088 647 2126 pro
667 2076 822 2125 ingenio
841 2076 998 2125 quisque
1024 2089 1169 2121 eorum,
1191 2079 1255 2127 qui

143 2139 330 2190 principes
349 2140 584 2189 legationum
615 2147 738 2183 erant,
759 2146 796 2177 et
819 2142 941 2190 gratia
960 2154 1044 2178 cum
1074 2142 1253 2194 Philippo

141 2210 208 2240 aut
227 2203 329 2247 odio,
351 2205 520 2242 acerbius
543 2205 711 2242 leniusve
737 2212 908 2254 egerunt.
965 2205 1011 2243 In
1032 2213 1251 2244 controver-

139 2267 233 2304 siam
253 2273 380 2306 autem
395 2269 611 2314 veniebant,
628 2269 923 2322 Philippopolis,
941 2270 1090 2315 Tricca,
1107 2270 1251 2308 Phalo-

661 2332 680 2370 I
703 2333 724 2371 6
