1546 2648
368 217 454 272 436
824 232 871 262 τ.
896 234 1030 263 L1v11

176 322 219 355 U.
232 323 269 353 C.
286 331 356 356 583.
371 330 487 368 quum
506 319 670 371 recipere
690 333 729 358 se
754 327 840 359 tuto
866 324 911 360 ad
937 337 1051 362 naves
1071 325 1376 376 prohiberentur,
1397 329 1478 365 ani-

176 367 268 399 A·C·
285 374 451 418 1⁶⁹·nios
476 382 638 419 militum
666 384 945 431 Romanorum,
977 388 1088 426 simul
1108 390 1372 440 desperatione
1403 392 1479 428 alia

370 446 516 491 salutis,
537 448 648 485 simul
668 450 908 500 indignitate,
925 453 1097 491 irritavit.
1144 454 1421 505 Redintegrata
1438 457 1478 493 in

367 511 480 548 litore
499 525 627 563 pugna
647 521 726 552 est:
758 516 934 567 adjuvere
960 525 1010 562 et,
1032 520 1095 569 qui
1115 520 1153 556 in
1174 520 1331 557 navibus
1358 526 1478 558 erant.

367 578 428 615 Ibi
453 579 711 618 Macedonum
740 579 892 617 ducenti
916 581 1033 619 ferme
1062 584 1172 629 caesi3
1204 597 1272 634 par
1300 597 1476 620 numerus

366 651 511 695 captus.
569 645 629 682 Ab
649 645 868 693 Antigonea
895 645 1022 682 classis
1052 647 1237 697 profecta,
1268 648 1315 684 ad
1344 661 1477 697 agrum

364 709 629 746 Pallenensem
647 709 935 747 exscensionem
952 711 997 747 ad
1010 711 1267 762 populandum
1280 712 1382 749 fecit.
1411 712 1444 748 F
1445 713 1477 748 i-

363 774 468 811 nium
487 774 517 810 is
548 787 638 823 ager
658 774 995 811 Cassandrensium
1025 781 1119 819 erat,
1150 775 1264 825 longe
1287 775 1475 812 fertilissi-

180 837 342 888 Eumenes
363 850 445 874 mus
465 839 587 874 omnis
608 851 698 881 orae,
719 851 831 888 quam
847 839 1080 889 praetervecti
1100 839 1262 876 fuerant.
1318 839 1377 876 lbi
1393 839 1473 876 Eu·

176 889 335 963 ἐῖἑῇζὶξε
361 915 489 939 menes
509 915 588 946 rex,
610 903 745 952 viginti
763 904 873 939 tectis
899 904 1057 941 navibus
1078 904 1125 941 ab
1145 904 1240 941 Elea
1265 904 1471 955 profectus,

361 966 495 1004 obvius
515 966 613 1014 fuit3
646 973 684 1004 et
708 967 874 1018 quinque
899 969 1021 1005 missae
1052 982 1074 1005 a
1092 968 1226 1006 Prusia
1245 981 1333 1017 rege
1361 975 1471 1005 tectae

357 1044 485 1069 naves·

411 1095 486 1133 XI.
515 1094 603 1132 Hac
618 1096 752 1132 virium
766 1096 984 1133 accessione
1002 1096 1148 1132 animus
1165 1097 1282 1132 crevit
1300 1096 1468 1146 praetori,

356 1166 399 1196 ut
420 1160 694 1197 Cassandream
713 1160 965 1210 obpugnaret.
1007 1161 1173 1196 Condita
1192 1165 1249 1195 est
1268 1173 1290 1196 a
1306 1160 1468 1197 Cassan-

357 1224 426 1260 dro
445 1236 533 1273 rege
552 1224 591 1260 in
618 1223 708 1274 ipsis
727 1222 915 1267 faucibus,
936 1237 1018 1273 quae
1047 1223 1308 1259 Pallenensem
1337 1235 1468 1272 agrum

355 1294 491 1325 ceterae
518 1288 759 1325 Macedoniae
784 1287 970 1338 jungunt,
990 1288 1090 1324 -hinc
1118 1287 1352 1330 Toronaico,
1377 1288 1467 1324 hinc

353 1351 609 1388 Macedonico
629 1358 736 1403 septa
759 1353 868 1390 mari.
922 1352 1077 1388 Eminet
1096 1363 1259 1400 namque
1289 1352 1327 1387 in
1347 1351 1466 1388 altum

352 1416 499 1466 lingua,
520 1417 559 1453 in
579 1408 654 1466 qua
681 1417 754 1453 sita
784 1422 863 1453 est:
895 1429 965 1453 nec
984 1417 1123 1460 minus,
1143 1404 1256 1466 quam
1284 1416 1322 1452 in
1347 1415 1466 1453 altum

352 1481 616 1530 magnitudine
633 1482 740 1518 Atho
759 1494 884 1525 mons,
903 1482 1081 1524 excurrit,
1104 1480 1262 1517 obversa
1280 1480 1317 1516 in
1339 1481 1464 1529 regio-

351 1558 438 1583 nem
450 1545 660 1595 Magnesiae
677 1545 824 1582 duobus
844 1545 1038 1596 inparibus
1051 1544 1322 1595 promontoriis
1336 1560 1346 1589 3
1369 1556 1464 1593 quo-

349 1622 433 1647 rum
462 1609 598 1660 majori
627 1610 831 1646 Posideum
866 1617 923 1646 est
951 1622 1107 1651 nomen,
1146 1608 1284 1644 minori
1318 1608 1461 1644 Canas·

349 1682 496 1711 traeum.
552 1674 695 1710 Divisis
715 1673 884 1724 partibus
902 1674 1124 1724 obpugnare
1139 1673 1285 1710 adorti:
1316 1671 1462 1709 Roma-

348 1751 419 1775 nus
440 1739 485 1775 ad
506 1738 639 1782 Clitas,
661 1751 752 1788 quas
773 1746 925 1781 vocant,
947 1738 1195 1780 munimenta,
1213 1736 1330 1774 cervis
1347 1737 1460 1773 etiam

348 1802 526 1853 objectis,
541 1809 582 1839 ut
598 1804 694 1839 viam
715 1803 997 1846 intercluderet,
1014 1815 1035 1838 a
1049 1801 1303 1838 Macedonico
1319 1800 1365 1836 ad
1380 1800 1460 1837 To-

346 1869 543 1904 ronaicum
556 1880 660 1903 mare
675 1867 847 1917 perducit
862 1882 870 1902 :
893 1867 940 1903 ab
958 1866 1076 1902 altera
1092 1871 1198 1916 parte
1211 1865 1360 1915 euripus
1376 1871 1432 1901 est
1448 1880 1456 1900 :

345 1931 434 1967 inde
452 1931 642 1968 Eumenes
662 1929 922 1980 obpugnabat.
970 1929 1154 1965 Romanis
1176 1929 1212 1964 in
1233 1928 1336 1965 fossa
1352 1940 1458 1964 com-

343 1994 496 2046 plenda,
530 2007 643 2045 quam
673 2007 793 2045 nuper
823 1993 1016 2043 objecerat
1049 1992 1222 2036 Perseus,
1257 1992 1460 2042 plurimum

343 2065 425 2095 erat
451 2059 605 2096 laboris.
663 2058 723 2095 lbi
754 2058 937 2107 quaerenti
965 2057 1134 2107 praetori,
1156 2056 1245 2105 quia
1273 2068 1459 2104 nusquam

342 2122 483 2158 cumuli
512 2121 758 2172 adparebant,
781 2134 856 2170 quo
882 2127 1030 2169 regesta
1051 2132 1070 2156 e
1089 2119 1196 2156 fossa
1225 2125 1325 2155 terra
1344 2118 1457 2162 foret,

341 2187 544 2222 monstrati
571 2192 659 2221 sunt
675 2185 864 2222 fornices:
897 2197 965 2222 non
993 2186 1041 2220 ad
1061 2185 1221 2220 eamdem
1251 2184 1458 2220 crassitudc'-
1502 2228 1504 2230 q

290 2300 293 2301 ⁷
339 2262 434 2293 nem,
456 2263 527 2298 qua
545 2255 697 2286 veterem
715 2263 870 2293 murum,
890 2251 951 2287 sed
968 2251 1124 2298 simplici
1145 2251 1296 2286 laterum
1317 2250 1453 2292 ordine,

337 2320 491 2351 structos
505 2327 585 2352 esse.
643 2313 853 2350 Consilium
880 2315 998 2362 igitur
1017 2315 1132 2364 cepit,
1154 2313 1364 2350 transfosso
1384 2325 1452 2363 pa-

337 2379 430 2415 riete
451 2379 521 2416 iter
541 2379 579 2415 in
599 2378 729 2416 urbem
760 2379 973 2431 patefacere
990 2394 996 2416 :
1030 2378 1162 2415 fallere
1182 2383 1309 2415 autem
1340 2378 1393 2414 ita
1413 2390 1452 2414 se
