1546 2648
280 185 436 214 LIBER
459 184 688 213 xxxvln.
721 183 828 211 CAP.
851 184 1050 213 XXXIII.
1143 183 1220 228 115

109 284 221 321 quum
239 272 326 316 alia,
340 273 430 309 satis
448 272 649 309 ambitiose
664 281 810 323 partem
829 277 1027 322 utramque
1042 273 1220 317 fovendo,
1235 282 1277 311 U.
1288 281 1324 311 C.
1344 286 1418 312 563.

108 336 253 372 incerta
271 337 540 386 respondisset,
561 349 634 373 una
649 337 959 380 denunciatione,
978 344 1019 373 ut
1038 337 1139 373 bello
1156 338 1222 374 ab-
1234 326 1274 356 A·
1287 324 1325 355 C·
1344 329 1417 356 ¹⁸⁹·

108 400 306 444 stinerent,
328 401 447 437 donec
467 401 633 441 Romam
652 400 799 449 legatos
827 401 874 437 ad
900 408 1073 437 senatum
1099 402 1222 437 misis-

107 470 205 508 sent,
227 464 339 501 finem
360 466 542 515 inposuit.
601 465 804 514 Utrimque
830 465 972 513 legatio
998 466 1112 502 missa
1138 465 1220 501 Ro·
1235 467 1339 515 Legati
1354 465 1395 495 ab

103 540 203 564 mam
230 535 312 565 est:
346 529 492 566 exsules
522 542 674 579 quoque
704 530 1083 566 Lacedaemoniorum
1113 543 1218 566 suam
1231 518 1376 583 ἓξὲξ

103 604 274 629 caussam
297 592 603 642 legationemque
624 594 774 630 Achaeis
803 593 1064 644 injunxerunt.
1120 593 1219 629 Dio·
1232 597 1418 627 mittuntur.

102 657 246 707 phanes
267 665 304 693 et
322 657 523 707 Lycortas,
540 657 863 708 Megalopolitani
883 658 1011 701 ambo,
1030 659 1219 709 principes

102 721 304 770 legationis
334 722 563 758 Achaeorum
591 722 768 758 filerunt:
810 723 888 772 qui,
920 722 1141 758 dissidentes
1179 723 1220 759 in

101 785 309 835 republica,
330 791 410 821 tum
428 799 578 835 quoque
598 787 752 823 minime
772 787 871 823 inter
890 799 929 823 se
949 788 1219 823 convenientes

103 850 295 884 orationes
323 849 552 886 habuerunt.
608 849 835 899 Diophanes
862 851 1008 886 senatui
1033 850 1219 901 discepta-

100 913 247 950 tionem
264 914 435 949 omnium
451 926 574 950 rerum
590 914 836 963 permittebat
853 930 860 950 :
884 927 948 950 eos
966 915 1110 964 optime
1126 927 1218 951 con-

100 978 302 1014 troversias
331 978 430 1014 inter
455 979 618 1015 Aehaeos
640 992 683 1015 ac
709 978 1023 1015 Lacedaemonios
1044 978 1217 1015 finituros

98 1054 194 1079 esse.
241 1041 428 1092 Lycortas
449 1056 494 1079 ex
512 1044 710 1094 praeceptis
731 1043 1032 1093 Philopoemenis
1048 1042 1218 1093 postula·

99 1106 182 1151 bat,
203 1113 246 1143 ut
264 1107 415 1143 Achaeis
443 1120 488 1144 ex
518 1108 662 1145 foedere
691 1121 735 1144 ac
760 1107 908 1156 legibus
935 1108 1025 1150 suis,
1047 1120 1130 1156 quae
1153 1107 1219 1149 def

97 1177 277 1214 cressent,
299 1183 410 1220 agere
429 1171 578 1208 liceret:
602 1171 894 1220 libertatemque
911 1171 983 1207 sibi
1000 1170 1216 1215 inlibatam,

98 1234 208 1285 cujus
229 1235 301 1284 ipsi
321 1241 495 1272 auctores
517 1244 656 1279 essent,
677 1242 914 1286 praestarent.
953 1235 1110 1284 Magnae
1130 1248 1220 1272 auc-

102 1299 270 1335 toritatis
290 1299 390 1349 apud
415 1299 615 1336 Romanos
639 1307 721 1336 tum
747 1312 840 1348 gens
861 1299 1091 1336 Achaeorum
1112 1305 1217 1336 erat:

100 1363 234 1400 novari
253 1369 381 1399 tamen
401 1364 498 1400 nihil
522 1364 568 1401 de
596 1364 900 1403 Lacedaemoniis
926 1363 1125 1414 placebat:
1158 1376 1220 1406 cer

100 1432 224 1463 terum
249 1439 473 1477 responsum
502 1428 558 1464 ita
585 1427 808 1479 perplexum
837 1427 924 1470 fuit,
948 1435 989 1463 ut
1017 1433 1055 1463 et
1086 1427 1221 1463 Achaei

100 1490 172 1527 sibi
193 1490 239 1526 de
258 1490 534 1527 Lacedaemone
559 1492 783 1541 permissum
810 1492 1027 1542 acciperent
1040 1507 1050 1536 3
1084 1499 1122 1527 et
1139 1490 1217 1527 La-

99 1555 322 1591 cedaemonii
342 1568 418 1591 non
440 1556 571 1592 omnia
590 1568 773 1592 concessa
791 1557 836 1592 iis
854 1557 1214 1606 interpretarentur:

100 1619 172 1656 hac
191 1625 381 1669 potestate
401 1619 591 1656 inmodice
611 1621 744 1656 Achaei
763 1633 807 1657 ac
827 1620 988 1670 superbe
1009 1620 1064 1656 usi
1086 1626 1187 1656 sunt.

153 1683 356 1720 XXXIII.
386 1683 669 1734 Philopoemeni
685 1685 933 1720 continuatur
950 1684 1214 1732 magistratus3
1250 1733 1256 1738 s

98 1748 163 1797 qui
189 1748 286 1784 veris
312 1748 438 1791 initio,
471 1749 639 1785 exercitu
668 1749 828 1792 indicto,
860 1755 983 1784 castra
1009 1749 1047 1783 in
1078 1747 1215 1785 finibus

95 1811 476 1848 Lacedaemoniorum
505 1812 657 1862 posuit:
689 1812 836 1861 legatos
867 1811 1001 1848 deinde
1031 1812 1135 1847 misit
1170 1811 1217 1848 ad

96 1875 354 1924 deposcendos
389 1882 564 1912 auctores
602 1875 843 1918 defectionis,
879 1883 917 1912 et
953 1876 1145 1912 civitatem
1176 1876 1215 1910 in

95 1951 188 1989 pace
207 1938 390 1982 futuram,
411 1939 442 1974 si
462 1939 498 1976 id
518 1939 712 1982 fecissent,
733 1939 933 1989 pollicens,
955 1946 992 1974 et
1014 1939 1097 1974 illos
1119 1937 1215 1973 nihil

94 2002 238 2039 indicta
258 2015 389 2038 caussa
414 2015 604 2053 passurOS.
662 2003 867 2040 Silentium
890 2016 967 2053 prae
988 2008 1090 2038 metu
1112 2007 1212 2037 cete-

94 2080 222 2104 rorum
240 2067 337 2104 fuit:
370 2080 464 2117 quos
491 2068 721 2104 nominatim
752 2069 1042 2118 depoposcerat,
1073 2068 1144 2117 ipsi
1172 2079 1211 2102 se

94 2132 215 2167 ituros
246 2130 408 2182 professi
444 2137 556 2177 sunt3
589 2132 662 2168 fide
694 2138 851 2182 accepta
883 2131 931 2169 ab
956 2131 1107 2181 legatis,
1135 2131 1210 2166 vim

96 2193 326 2238 abfuturam,
364 2195 485 2232 donec
522 2207 694 2232 caussam
731 2195 939 2231 dixissent:
985 2195 1111 2230 ierunt
1147 2192 1212 2229 alii

93 2258 209 2295 etiam
227 2257 403 2295 inlustres
423 2260 507 2303 viri,
525 2266 564 2296 et
582 2260 756 2297 advocati
774 2260 946 2310 privatis,
963 2265 1002 2295 et
1017 2259 1105 2307 quia
1125 2270 1211 2307 per-

92 2321 215 2360 tinere
243 2334 414 2360 caussam
447 2336 578 2363 eorum
609 2324 658 2362 ad
690 2323 963 2377 rempublicam
989 2321 1212 2361 censebant,
