1546 2648
292 207 447 236 LIBER
473 205 654 234 xxxlx.
687 204 795 232 CAP.
816 204 947 232 XVI!-
1096 201 1171 244 171

57 311 137 335 nem
149 298 373 347 disciplinam
384 296 622 345 sacrificandi,
635 298 878 343 praeterquam
888 305 984 329 more
996 292 1176 337 Romano,
1189 295 1231 327 U.
1242 294 1281 326 C.
1296 298 1371 326 ⁵66.

57 364 270 400 abolerent?
296 361 518 399 Judicabant
542 362 637 396 enim
669 360 940 408 prudentissimi
966 359 1036 394 viri
1063 360 1176 395 omnis
1187 340 1226 371 A·
1243 339 1282 371 C'
1298 343 1372 371 ¹⁸⁶⁸

56 430 170 465 divini
187 428 403 476 humanique
418 424 528 472 juris,
548 425 762 473 nihiliaeque
780 424 1010 460 dissoloendae
1027 424 1173 471 religio-

51 497 108 531 nis
125 506 206 537 esse,
225 506 331 542 quam
348 493 406 529 ubi
424 505 493 528 non
508 493 646 540 patrio,
662 491 724 526 sed
741 494 886 526 externo
902 491 975 525 ritu
989 490 1170 538 sacrifica-

51 564 164 596 retur.
220 558 310 595 Haec
335 558 428 594 vobis
453 557 684 606 praedicenda
712 560 814 591 ratus
840 567 932 597 sum,
952 566 997 591 ne
1017 567 1088 603 qua
1111 566 1173 590 su-

49 624 216 673 perstitio
235 624 393 670 agitaret
412 623 548 657 animos
566 625 710 662 vestros,
732 632 842 668 quum
861 620 1091 656 demolientes
1108 631 1171 656 nos

54 688 304 726 Bacchanalia
331 688 623 734 discutientesque
650 684 808 734 nefarios
837 689 944 721 coetus
972 687 1173 721 cerneretis.

56 754 198 795 Omnia,
219 753 307 789 Diis
322 753 489 800 propitiis
507 750 785 798 volentibusque,
805 762 849 786 ea
859 749 1068 799 faciemus:
1097 751 1172 798 qui,

54 819 140 866 quia
155 830 258 854 suum
283 829 413 854 numen
437 816 623 852 sceleribus
642 815 912 863 libidinibusque
931 816 1173 851 contaminari

0 901 1 904 =
53 883 202 930 indigne
218 880 402 930 ferebant,
432 893 475 916 esc
502 881 651 917 occultis
678 892 721 915 ea
751 880 902 916 tenebris
920 881 958 916 in
981 881 1095 917 lucem
1113 892 1175 917 ex-

55 950 265 982 traxerunt:
293 957 356 981 nec
372 944 548 993 patefieri,
569 948 610 980 ut
629 945 797 992 inpunita
815 948 938 986 essent,
957 945 1020 980 sed
1036 949 1078 981 ut
1094 946 1175 981 vin-

53 1012 261 1047 dicarentur
278 1014 313 1046 et
331 1009 630 1058 obprimerentur,
646 1009 848 1045 voluerunt.
904 1009 1058 1045 Senatus
1076 1023 1174 1059 quae-

51 1077 202 1112 stionem
221 1080 324 1112 extra
351 1075 514 1111 ordinem
542 1075 585 1110 de
613 1086 656 1110 ea
684 1086 724 1110 re
750 1074 840 1110 milii
865 1075 1078 1124 collegaeque
1096 1089 1174 1113 meo

54 1143 265 1178 mandavit:
278 1153 353 1184 nos,
367 1153 444 1190 quoe
459 1141 544 1190 ipsis
554 1140 652 1177 nobis
664 1141 803 1188 agenda
813 1144 909 1183 sunt,
924 1141 1065 1188 inpigre
1076 1152 1172 1177 exse-

55 1217 215 1254 quemur.
254 1204 469 1253 Vigiliarum
483 1209 739 1241 nocturnarum
754 1217 877 1241 curam
892 1217 957 1253 per
968 1205 1091 1241 urbem
1103 1207 1172 1242 mi-

50 1270 195 1306 noribus
208 1270 480 1318 magistratibus
493 1270 753 1306 mandavimus.
787 1270 856 1306 Vos
867 1281 1017 1318 quoque,
1031 1282 1172 1319 <equum

51 1341 116 1380 est,
146 1349 223 1385 quae
249 1341 368 1372 vestra
391 1338 518 1373 munia
543 1340 639 1379 sunt,
667 1349 736 1385 quo
766 1338 910 1385 quisque
935 1337 1012 1373 loco
1034 1339 1172 1385 positus

49 1403 130 1444 erit,
145 1402 238 1450 quod
250 1401 495 1449 imperabitur,
513 1402 653 1450 inpigre
664 1406 850 1450 proestare,
860 1406 895 1438 et
909 1402 997 1438 dare
1008 1413 1169 1450 operam,

49 1479 94 1504 ne
108 1467 195 1516 quid
202 1466 346 1516 fraude
358 1469 544 1504 noxiorum
557 1468 711 1516 periculi
725 1471 790 1503 aut
809 1468 985 1504 tumultus
999 1469 1152 1504 oriatur.

104 1530 238 1569 XVII.
266 1530 438 1568 Recitari
456 1531 590 1568 deinde
609 1531 940 1568 senatusconsulta
951 1530 1164 1582 jusserunt,

48 1595 239 1644 indicique
258 1595 452 1645 praemium
468 1602 763 1647 proposuerunt,
784 1596 815 1632 si
834 1596 916 1646 quis
931 1608 1042 1645 quem
1062 1597 1108 1633 ad
1125 1609 1166 1634 se

48 1659 280 1703 deduxisset,
300 1672 488 1696 nomenve
507 1660 673 1697 absentis
691 1659 898 1698 detulisset.
958 1662 1030 1703 Qui
1047 1665 1164 1700 nomi-

45 1729 152 1760 natus
173 1723 408 1773 profugisset,
430 1725 524 1761 diem
552 1730 686 1761 certam
711 1738 748 1762 se
761 1726 961 1775 finituros,-
990 1728 1038 1763 ad
1055 1739 1165 1776 quam

43 1789 113 1825 nisi
145 1790 277 1825 citatus
310 1790 555 1838 respondisset,
585 1790 706 1827 absens
741 1792 1000 1828 damnaretur:
1026 1793 1056 1828 si
1083 1794 1163 1842 quis

42 1864 178 1896 eorum,
198 1854 260 1901 qui
278 1857 354 1889 tum
371 1858 473 1890 extra
493 1858 628 1890 terram
643 1855 796 1892 Italiam
810 1861 936 1900 essent,
956 1859 1160 1895 nominare-

45 1922 116 1961 tur,
135 1918 168 1954 ei
187 1918 359 1954 laxiorem
378 1919 473 1955 diem
488 1919 651 1962 daturos,
670 1922 700 1956 si
717 1922 838 1958 venire
855 1923 904 1957 ad
923 1934 1083 1958 caussam
1103 1924 1160 1959 di-

44 1983 191 2019 cendam
207 1983 323 2020 vellet.
378 1976 592 2020 Edixerunt*
611 1984 761 2029 deinde,
791 1998 836 2022 ne
861 1988 939 2035 quis
957 1989 1044 2036 quid
1053 1987 1161 2036 fugae

44 2059 168 2083 caussa
178 2049 390 2091 vendidisse,
410 2061 496 2086 neve
514 2051 636 2087 emisse
654 2051 762 2087 vellet
773 2067 786 2087 .·
812 2064 857 2087 ne
872 2053 950 2100 quis
968 2054 1158 2102 reciperet,

42 2111 186 2154 celaret,
203 2124 268 2161 ope
282 2114 360 2149 ulla
370 2112 519 2160 juvaret
525 2113 726 2163 fugientes.
773 2115 971 2152 concione
988 2117 1156 2161 dimissa,

41 2180 164 2211 terror
183 2187 338 2225 magnus
359 2177 451 2214 urbe
476 2184 561 2215 tota
579 2178 676 2215 fuit:
708 2193 778 2216 nec
797 2181 985 2218 moenibus
1011 2195 1051 2219 se
1070 2190 1155 2220 tan-

40 2243 123 2274 tum
143 2238 246 2275 urbis
276 2247 342 2277 aut
362 2241 499 2279 finibus
519 2242 707 2280 Romanis
735 2245 949 2291 continuit3
982 2248 1047 2283 sed
1069 2261 1154 2298 pas-

42 2302 113 2339 sim
130 2315 198 2353 per
216 2310 338 2341 totam
364 2305 530 2351 Italiam,
550 2307 669 2344 literis
695 2309 891 2361 hospitum
910 2311 956 2348 de
982 2320 1154 2350 senatus-

39 2368 230 2413 consulto,
249 2377 289 2423 et
312 2372 512 2417 concione,
532 2379 571 2410 et
599 2374 723 2412 edicto
743 2377 944 2414 consulum
972 2380 1152 2430 acceptis,
