1546 2648
340 158 494 187 LIBER
518 156 624 185 XLI.
656 155 764 184 CAP.
789 154 947 183 XVIII.
1112 152 1195 198 305

84 245 276 283 montibus
297 259 336 284 se
354 246 550 289 tenebant,
572 252 623 289 et,
644 259 692 282 ne
711 246 750 281 in
771 251 874 281 metu
895 245 1044 294 quidem
1066 245 1198 282 ferita-
1212 245 1254 275 U·
1268 242 1304 273 C·
1320 245 1394 276 ⁵7⁶·

85 310 131 346 tis
152 310 330 359 ingenitae
351 310 475 354 obliti,
497 311 656 347 saeviunt
675 310 713 345 in
731 309 910 359 praedam,
932 322 1014 358 quae
1033 309 1197 346 Mutinae
1212 288 1251 318 A'
1270 285 1391 320 Ο”176’

85 380 193 423 parta
214 381 316 411 erat:
349 375 518 424 captivos
541 388 625 410 curn
645 373 747 410 foeda
767 373 997 408 laceratione
1016 372 1198 408 interfici-

86 443 177 483 unt3
210 451 348 488 pecora
369 440 409 475 in
428 438 525 475 fanis
554 438 744 474 trucidant
766 437 886 472 verius
911 437 1064 486 passim,
1087 449 1199 485 quam

85 502 156 538 rite
175 502 400 540 sacrificant.
458 503 592 538 Satiati
609 500 709 538 caede
730 501 995 542 animantium,
1013 512 1095 549 quae
1117 501 1199 536 ina-

85 565 189 602 nima
208 573 330 610 erant,
351 566 558 616 parietibus
583 565 780 614 adfligunt,
802 577 889 600 vasa
909 564 1031 600 omnis
1052 565 1199 613 generis

87 630 170 665 usui
189 631 324 679 magis,
342 644 454 680 quam
475 636 701 667 ornamento
723 630 761 665 in
781 629 959 679 speciem,
981 627 1094 664 faeta.
1152 628 1201 667 Q.

85 692 256 729 Petillius
287 694 433 737 consul,
455 707 503 730 ne
532 692 689 730 absente
718 705 758 729 se
778 691 1043 736 debellaretur,
1074 691 1203 728 literas

86 757 133 792 ad
153 758 197 794 C.
212 758 412 794 Claudium
432 759 550 801 misit,
571 765 613 794 ut
632 771 718 794 cum
738 758 905 793 exercitu
926 757 972 792 ad
992 769 1030 792 se
1050 756 1089 792 in
1111 755 1204 792 Gal-

85 819 176 856 liam
196 822 362 857 veniret:
397 823 537 871 campis
558 822 701 857 Macris
723 834 762 857 se
783 834 868 857 eum
884 826 1204 870 exspectaturum.

87 882 227 920 Literis
244 885 424 936 acceptis,
443 885 623 921 Claudius
642 897 687 920 ex
703 884 911 932 Liguribus
928 891 1052 920 castra
1071 883 1204 925 movit,

88 949 370 998 exercitumque
399 948 447 985 ad
483 961 637 998 campos
670 948 824 984 Macros
856 947 1003 984 consuli
1036 947 1205 983 tradidit.

88 1011 237 1049 Eodem
268 1014 398 1063 paucis
426 1020 522 1067 post·
535 1013 666 1049 diebus
688 1012 918 1050 C.Valerius
949 1011 1082 1047 consul
1112 1010 1207 1046 alter

89 1078 206 1114 venit.
262 1078 337 1121 lbi,
359 1079 485 1115 divisis
513 1079 646 1128 copiis,
667 1079 884 1128 priusquam
905 1077 1205 1126 digrederentur,

87 1142 344 1177 communiter
363 1141 476 1178 ambo
500 1142 686 1178 exercitus
714 1126 997 1177 lustraverunt:⁸
1023 1145 1104 1175 tum
1125 1151 1206 1174 sor-

91 1205 167 1248 titi,
183 1206 272 1254 quia
286 1218 364 1242 non
384 1205 431 1242 ab
453 1207 582 1242 eadem
601 1212 801 1255 utrumque
820 1211 927 1254 parte
944 1204 1097 1252 adgredi
1115 1203 1208 1239 hos-

90 1273 170 1304 tem
205 1268 394 1318 placebat,
432 1270 605 1318 regiones
643 1282 734 1317 quas
773 1274 956 1318 peterent.
1015 1266 1209 1302 Valerium

92 1333 290 1384 auspicato
311 1335 486 1369 sortitum
512 1338 677 1375 constat,
698 1332 799 1381 quod
821 1332 858 1368 in
886 1330 1028 1380 templo
1048 1330 1180 1365 fuisset
1198 1344 1206 1364 ;

91 1399 130 1434 in
149 1398 304 1435 Petillio
325 1399 362 1434 id
382 1398 475 1434 vitio
495 1398 652 1439 factum,
670 1403 803 1446 postea
823 1407 982 1444 augures
1003 1393 1209 1444 responde-

90 1468 201 1508 runt3
225 1462 326 1511 quod
342 1467 449 1498 extra
460 1460 642 1511 templum
660 1467 801 1496 sortem
821 1460 860 1495 in
877 1457 1038 1494 sitellam
1055 1458 1093 1493 in
1113 1462 1209 1492 tem-

92 1525 198 1576 plum
216 1525 332 1562 latam
348 1525 440 1561 foris
460 1526 542 1575 ipse
559 1525 742 1574 posuerit.
800 1522 969 1559 Profecti
989 1521 1075 1557 inde
1095 1521 1132 1556 in
1154 1521 1211 1556 di-

94 1602 218 1625 versas
238 1590 425 1637 regiones.
482 1587 654 1624 Petillius
685 1588 859 1623 adversus
882 1585 1037 1621 Balistae
1059 1591 1096 1620 et
1123 1584 1213 1620 Leti

88 1653 240 1705 jugum,
255 1655 354 1703 quod
373 1666 436 1690 eos
454 1660 605 1689 montes
622 1659 806 1703 perpetuo
824 1652 937 1687 dorso
954 1652 1053 1686 inter
1068 1649 1213 1700 sejun-

96 1720 165 1768 git,
186 1725 309 1754 castra
327 1718 474 1754 habuit.
533 1718 593 1753 Ibi
624 1718 890 1753 adhortantem
915 1728 1001 1751 eum
1031 1727 1100 1764 pro
1121 1726 1213 1750 con-

96 1784 206 1819 cione
226 1782 379 1825 milites,
409 1783 657 1817 inmemorem
686 1779 946 1827 ambiguitatis
977 1778 1095 1820 verbi,
1117 1778 1214 1813 omi-

96 1854 229 1883 natum
249 1847 390 1889 ferunt,
410 1859 447 1883 se
467 1858 509 1882 eo
526 1847 583 1882 die
602 1845 733 1881 Letum
753 1849 941 1892 capturum
970 1854 1050 1878 esse.
1107 1841 1215 1877 Dua-

97 1909 167 1946 bus
188 1910 299 1946 simul
317 1909 488 1960 partibus
509 1909 635 1945 subire
654 1909 693 1943 in
713 1908 888 1943 adversos
909 1912 1058 1941 montes
1086 1905 1215 1954 coepit.

98 1974 156 2010 Ea
175 1987 275 2024 pam,
290 1975 329 2010 in
345 1988 419 2023 qua
438 1975 518 2024 ipse
534 1980 629 2015 erat,
649 1973 798 2021 inpigre
815 1969 1052 2006 succedebat.
1109 1968 1217 2004 Alte-

100 2051 179 2074 ram
198 2039 327 2074 hostes
344 2040 458 2087 quum
479 2036 750 2087 propulissent,
767 2042 807 2070 ut
827 2034 1042 2069 restitueret
1062 2045 1140 2068 rem
1160 2032 1218 2068 in-

103 2101 296 2144 clinatam,
317 2102 451 2139 consul
470 2114 568 2151 equo
596 2101 788 2142 advectus,
810 2111 896 2134 suos
919 2097 1067 2146 quidem
1089 2110 1111 2132 a
1129 2095 1222 2144 fuga

106 2167 322 2202 revocavit:
355 2168 449 2216 ipse,
471 2167 559 2203 dum
586 2165 775 2202 incautius
803 2169 891 2199 ante
917 2163 1024 2210 signa
1043 2161 1221 2197 obversa-

104 2235 182 2271 tur,
201 2229 335 2265 missili
354 2229 534 2279 trajectus
557 2229 705 2265 cecidit.
751 2227 834 2263 Nec
854 2227 982 2262 hostes
1003 2225 1136 2261 ducem
1156 2236 1221 2260 oc-

103 2294 221 2330 cisum
251 2299 474 2338 senserunt5
507 2300 545 2329 et
581 2305 735 2329 suorum
774 2292 900 2342 pauci,
931 2290 995 2340 qui
1033 2289 1220 2328 viderant,
