1546 2648
394 133 549 163 LIBER
573 132 677 161 xm.
711 129 818 158 CAP.
838 128 957 157 xl11.
1147 123 1227 167 299

118 221 237 258 literis
258 222 436 266 consulis,
458 235 549 272 quas
570 223 615 258 de
634 221 745 257 rebus
776 220 814 255 in
835 216 949 253 lstria
967 215 1082 264 gestis
1110 214 1226 263 scrip·
1242 213 1331 288 Ig--g
1350 219 1423 288 57⁵·

119 294 233 331 serat,
260 287 297 322 in
318 286 472 323 biduum
504 286 731 337 supplicatio
750 284 911 320 decreta.
968 281 1020 317 Et
1040 279 1087 316 ab
1108 279 1250 315 altero*
1272 280 1280 289 ⁹
1323 279 1330 289 ‘
1370 263 1423 294 ⁷⁷⁰

117 351 272 388 consule
308 352 368 389 Ti.
400 352 626 402 Sempronio
664 352 703 386 in
742 348 914 385 Sardinia
954 356 1134 397 prospere
1169 356 1226 380 res

117 422 246 463 gestae.
300 415 523 453 Exercitum
559 418 600 452 in
633 427 765 464 agrum
796 413 999 449 Sardorum
1032 409 1228 446 Iliensium
1240 410 1304 483 ‹lli-es·
1319 408 1355 472 3¹3
1366 406 1437 479 Ξῗῐ-

117 480 277 518 induxit.
334 480 558 517 Balarorum
579 492 717 529 magna
734 476 874 515 auxilia
893 474 1094 512 Iliensibus
1114 486 1227 510 vene·
1264 461 1327 482 'ma
1336 460 1388 490 ‘³⁶⁵
1404 459 1443 480 ae‘

116 550 214 581 rant.
273 545 368 581 Cum
389 552 547 595 utraque
567 551 680 594 gente
706 543 823 592 signis
844 540 1003 578 conlatis
1031 539 1225 576 conflixit:

118 607 191 644 fusi
222 609 419 659 fugatique
455 611 599 653 hostes,
634 609 841 656 castrisque
871 605 998 642 exuti:
1031 603 1231 641 duodecim

118 672 238 709 millia
257 680 489 710 armatorum
509 686 616 711 caesa,
646 673 807 709 Postero
821 672 879 708 die
899 683 1003 708 arma
1021 669 1119 706 lecta
1138 681 1231 705 con-

110 737 181 787 jici
202 739 240 773 iu
262 751 436 775 acervum
449 738 566 788 jussit
592 738 738 781 consul,
761 748 982 786 sacrumque
1001 734 1039 771 id
1057 733 1231 770 Vulcano

118 802 310 838 cremavit.
368 802 561 838 Victorem
584 802 791 838 exercitum
809 802 847 837 in
863 800 1024 836 hiberna
1043 799 1230 835 sociarum

120 865 268 902 urbium
287 866 448 902 reduxit.
506 866 558 902 Et
578 867 622 904 C.
637 866 831 908 Claudius,
861 865 979 901 literis
999 863 1060 900 Ti.
1081 863 1228 900 Claudii
1244 866 1373 916 Ligures

118 936 155 966 et
175 930 505 967 senatusconsulto
525 937 697 981 accepto,
719 943 765 966 ex
784 929 899 966 Istria
917 929 1085 977 legiones
1105 929 1144 964 in
1161 927 1228 964 Li·
1240 915 1388 984 &gago-

117 1007 227 1043 gures
248 995 475 1032 transduxit.
521 996 580 1032 Ad
602 995 848 1031 Scultennam
862 993 1001 1031 fiumen
1021 994 1059 1029 in
1076 1005 1229 1043 campos

118 1060 306 1107 progressi
326 1066 449 1096 castra
467 1059 663 1096 habebant
681 1060 823 1095 hostes.
880 1057 941 1094 Ibi
961 1070 1046 1094 cum
1071 1057 1130 1092 his
1151 1057 1231 1093 acie

119 1122 338 1159 dimicatum
352 1139 360 1159 :
384 1123 598 1172 quindecim
614 1123 732 1159 millia
747 1135 845 1159 caesa
857 1138 867 1168 5
899 1121 982 1172 plus
999 1121 1231 1172 septingenti

120 1192 186 1221 aut
205 1187 243 1222 in
263 1187 414 1237 proelio,
434 1195 500 1224 aut
519 1188 558 1223 in
579 1189 710 1225 castris
734 1189 840 1234 (nam
859 1200 902 1223 ea
917 1198 1067 1236 quoque
1086 1197 1231 1236 expug-

119 1256 211 1286 nata
230 1252 334 1298 sunt)
358 1253 481 1301 capti:
516 1258 553 1287 et
573 1253 682 1301 signa
710 1252 889 1288 militaria
917 1264 1033 1287 unum
1064 1257 1102 1286 et
1121 1250 1231 1300 quin-

119 1316 302 1363 quaginta
321 1322 444 1366 capta.
499 1316 676 1366 Ligures,
693 1317 859 1366 reliquiae
880 1316 1004 1358 caedis,
1022 1316 1061 1351 in
1081 1321 1230 1352 montes

117 1380 337 1429 refugerunt
363 1381 525 1431 passim:
558 1381 833 1431 populantique
858 1387 1086 1431 campestres
1119 1392 1229 1429 agros

118 1444 265 1481 consuli
284 1444 388 1480 nulla
407 1457 564 1494 usquam
585 1445 841 1496 adparuerunt
860 1458 975 1482 arma.
1033 1443 1229 1488 Claudius,

118 1511 274 1546 duarum
291 1510 460 1557 gentium
483 1523 558 1546 uno
574 1523 677 1547 anno
692 1511 828 1554 victor,
845 1511 1004 1554 duabus,
1022 1511 1124 1560 quod
1143 1524 1229 1548 raro

118 1573 228 1615 alius,
252 1574 292 1608 in
322 1573 521 1609 consulatu
553 1575 697 1624 pacatis
723 1575 942 1625 provinciis,
976 1574 1142 1612 Romam
1170 1588 1230 1611 re-

116 1638 240 1674 vertit.

169 1701 287 1738 XIII.
317 1701 497 1751 Prodigia
510 1715 555 1739 eo
575 1716 677 1740 anno
692 1704 873 1740 nunciata
888 1718 895 1739 ε
928 1704 967 1739 in
981 1703 1243 1741 Crustumino'

117 1779 224 1802 avem
261 1765 481 1814 sangualem
518 1769 648 1815 (quam
684 1768 843 1814 vocant)
884 1779 1032 1803 sacrum
1063 1767 1228 1818 lapidem

115 1836 239 1866 rostro
253 1830 443 1868 cecidisse.
477 1830 623 1868 Bovem
638 1833 675 1868 in
691 1832 901 1882 Campania
915 1831 1096 1870 locutum.
1127 1833 1227 1870 Vac-

117 1909 197 1933 cam
228 1909 368 1932 aeneam
390 1897 583 1946 Syracusis
613 1898 660 1935 ab
684 1899 823 1948 agresti
852 1905 976 1941 tauro,
997 1899 1062 1948 qui
1090 1912 1227 1948 pecore

116 1960 340 2003 aberrasset,
360 1961 509 2005 initam,
530 1975 575 1998 ac
594 1963 737 1999 semine
756 1963 982 2012 adspersam,
1039 1961 1085 1998 In
1110 1963 1226 1999 Crus-

115 2025 262 2061 tumino
282 2025 380 2061 diem
401 2038 518 2062 unum
546 2027 585 2062 in
604 2026 794 2076 ipsorloco
814 2025 1040 2076 supplicatio
1059 2026 1155 2063 fuit:
1188 2034 1226 2064 et

116 2090 155 2124 in
188 2089 397 2140 Campania
427 2090 505 2128 bos-
536 2091 672 2128 alenda
698 2091 849 2142 publice
876 2091 986 2128 data:
1022 2092 1226 2141 Syracusa-

114 2165 280 2201 numque
306 2155 519 2203 prodigium
549 2156 756 2206 expiatum,
781 2155 890 2192 editis
921 2155 969 2193 ab
989 2157 1223 2207 aruspicibus

114 2216 214 2260 Diis,
236 2217 370 2266 quibus
390 2219 676 2269 supplicaretur.
731 2220 911 2257 Pontifex
935 2233 980 2257 eo
1000 2233 1102 2257 auno
1120 2234 1224 2258 mor-⁹

113 2286 198 2318 tuus
219 2287 275 2318 est
296 2280 354 2320 M.
375 2281 553 2322 Claudius
572 2284 792 2330 Marcellus,
814 2285 878 2336 qui
907 2284 1041 2323 consul
1069 2297 1222 2323 censor*-

629 2348 665 2385 Ο
686 2349 708 2387 6
