1546 2648
299 160 451 189 LIBER
475 158 659 187 xxx1x.
693 157 799 187 cAr.
825 160 970 188 xxm.
1109 148 1187 202 ,187

77 257 187 288 runt:
219 250 304 286 inde
332 248 380 285 ad
407 248 557 296 Tagum
577 247 716 284 flumen
746 248 907 298 profecti
929 255 1028 285 sunt.
1086 249 1187 286 I'rae—
1204 258 1232 287 U
1256 257 1292 287 C.
1311 262 1386 292 ⁵⁵7-

75 322 177 350 tores
197 313 349 350 interim
368 312 535 348 Romani
556 324 669 347 omne
689 312 726 347 id
752 318 900 361 tempus
922 313 1188 349 contrahendis
1204 302 1241 331 A.
1255 301 1291 331 C·
1312 308 1386 332 ¹⁸⁵*

19 384 21 387 “
73 391 120 415 cx
135 378 350 414 civitatibus
368 377 478 413 sociis
497 376 760 427 Hispanorum
775 376 941 420 auxiliis,
959 376 1190 414 reficiendis·-

73 455 145 492 que
165 442 212 479 ab
230 450 374 478 terrore
395 441 558 478 adversae
579 453 716 491 pugnae
743 440 907 477 militum
926 441 1076 484 animis,
1098 456 1190 478 con-

74 514 311 543 sumserunt:
345 505 409 541 ubi
439 506 530 541 satis
560 504 735 555 placuere
764 506 874 548 vires,
906 511 944 541 et
966 504 1048 555 jam
1082 505 1189 542 miles

74 583 238 621 quoque,
269 570 316 606 ad
336 569 533 605 delendam
561 569 726 619 priorem
755 569 1019 618 ignominiam,
1040 569 1191 606 hostem

71 636 277 686 poscebat3
311 635 509 672 duodecim
543 634 661 671 millia
694 647 873 684 passuum
907 634 953 670 ab
983 634 1093 684 Tago
1119 635 1190 671 flu-

72 701 174 738 mine
199 707 408 752 posuerunt
434 708 580 736 castra:
614 700 701 736 inde
729 700 842 736 tertia
871 699 1000 749 vigilia
1031 699 1189 737 sublatis

73 766 206 814 signis,
220 766 403 815 quadrato
417 765 566 814 agmine
582 765 770 815 principio
786 764 879 800 lucis
896 764 943 800 ad
957 764 1052 813 Tagi
1069 765 1190 815 ripam

70 836 335 881 pervenerunt.
391 829 515 866 Trans
534 829 690 866 fluvium
710 830 748 865 in
766 828 862 865 colle
878 829 1047 865 hostium
1067 835 1192 865 castra

72 900 180 931 erant
194 909 203 931 ε
227 894 433 944 extemplo,
452 907 526 943 qua
541 893 687 930 duobus
703 893 797 930 locis
813 893 908 930 vada
925 893 1094 930 nudabat
1109 906 1191 930 am-

70 960 143 1004 nis,
164 960 320 996 dextera
345 966 452 1010 parte
472 959 716 1009 CalpurniuS,
744 959 838 995 laeva
857 959 1062 999 Quinctius
1082 971 1189 995 exer—

71 1025 189 1062 eitum
207 1025 459 1061 traduxerunt
472 1041 483 1070 3
516 1025 646 1074 quieto
661 1024 788 1067 hoste,
806 1024 895 1059 dum
911 1024 1071 1060 miratur
1086 1023 1190 1060 subi-

72 1097 154 1126 tum
174 1090 393 1133 adventum,
414 1089 696 1138 consultatque,
718 1089 782 1137 qui
811 1087 1015 1124 tumultum
1036 1086 1193 1138 injicere

71 1153 346 1203 trepidantibus
367 1153 406 1189 in
422 1154 506 1204 ipso
521 1153 685 1189 transitu
702 1153 823 1188 amnis
841 1153 1041 1202 potuisset.
1083 1151 1190 1188 Inte-

69 1219 142 1255 rim
160 1218 343 1262 Romani,
374 1219 642 1269 inpedimentis
663 1231 814 1267 quoque
834 1217 1010 1254 omnibus
1040 1217 1192 1254 traduc-

66 1282 115 1318 tis
136 1283 419 1330 contractisque
447 1283 486 1318 in
513 1294 630 1317 unum
656 1280 798 1324 locum,
820 1282 909 1330 quia
931 1280 1015 1331 jam
1045 1282 1189 1318 moveri

67 1345 247 1383 videbant
266 1347 431 1390 hostem,
451 1360 522 1384 nec
542 1347 705 1397 spatium
728 1353 809 1383 erat
829 1354 953 1383 castra
976 1348 1190 1384 communi·

67 1410 168 1454 endi,
198 1411 318 1447 aciem
347 1411 630 1447 instruxerunt:
664 1411 702 1446 in
730 1411 857 1447 medio
890 1410 1025 1447 locatae
1055 1413 1190 1461 quinta

66 1473 262 1525 Calpurnii
290 1474 392 1524 legio
420 1480 458 1511 et
488 1481 624 1511 octava
653 1474 849 1513 Quinctii:
883 1475 920 1510 id
954 1474 1070 1511 robur
1102 1482 1189 1511 toto

66 1540 234 1576 exercitu
254 1546 347 1577 erat.
405 1540 592 1590 Campum
612 1545 785 1590 apertum
813 1552 932 1588 usque
952 1539 999 1575 ad
1018 1540 1187 1577 hostium

68 1610 193 1640 castra
211 1603 421 1648 habebant,
440 1604 602 1640 liberum
623 1617 644 1640 a
664 1610 767 1640 metu
788 1604 1024 1640 insidiarum.

120 1668 280 1705 XXXI.
310 1668 490 1718 Hispani,
516 1675 721 1719 postquam
747 1669 784 1705 in
807 1669 982 1705 citeriore
1008 1669 1091 1719 ripa
1110 1668 1186 1704 duo

67 1730 334 1768 Romanorum
350 1733 503 1781 agmina
519 1739 816 1783 conspexerunt,
834 1738 890 1775 ut,
907 1732 1124 1781 priusquam
1146 1744 1186 1767 se

60 1795 224 1847 jungere
240 1802 353 1846 atque
368 1797 555 1833 instruere
568 1802 739 1847 possent,
756 1805 986 1847 occuparent
1003 1809 1082 1839 eos,
1103 1808 1185 1832 cas-

65 1861 133 1896 tris
152 1866 307 1910 repente
335 1860 440 1896 effusi
463 1872 574 1896 cursu
593 1861 641 1896 ad
659 1873 826 1911 pugnam
842 1861 1017 1897 tendunt.
1061 1861 1184 1896 Atrox
1196 1865 1319 1914 ⁸Acriter

1195 1915 1312 1938 ltel'Um

67 1923 105 1959 in
133 1924 321 1974 principio
351 1923 526 1974 proelium
545 1924 634 1967 fuit,
665 1930 703 1960 et
729 1924 913 1974 Hispanis
944 1924 1086 1959 recenti
1106 1924 1184 1959 vic·
1196 1961 1370 1992 pugnatur.

64 1988 164 2023 toria
181 1987 386 2031 ferocibus,
408 1994 445 2024 et
464 1989 613 2024 insueta
633 1988 847 2037 ignominia
865 1988 983 2023 milite
1007 1988 1183 2023 Romano

66 2064 248 2088 accenso:
282 2054 463 2089 acerrime
492 2053 616 2089 media
645 2054 758 2095 acies,
787 2053 870 2088 duae
890 2052 1110 2088 fortissimae
1130 2052 1181 2088 le-

65 2117 212 2165 giones,
238 2118 493 2164 dimicabant3
526 2132 618 2168 quas
640 2132 756 2168 quum
785 2119 895 2155 aliter
925 2118 1066 2154 moveri
1097 2117 1183 2154 loco

61 2192 140 2216 non
161 2193 271 2230 posse
297 2181 417 2218 hostis
448 2189 633 2225 cerneret,
661 2195 783 2218 cuneo
813 2183 955 2218 institit
987 2195 1181 2232 pugnare:

63 2250 102 2279 et
135 2256 252 2293 usque
280 2244 405 2294 plures
436 2245 778 2295 confertioresque,
810 2246 954 2282 medios
983 2245 1184 2295 urgebant.

25 2303 28 2304 ⁷
65 2307 124 2344 Ibi
152 2316 352 2360 postquam
373 2309 546 2347 laborare
574 2312 695 2358 aciem
716 2311 945 2362 Calpurnius
970 2318 1110 2362 praetor
1130 2311 1184 2346 vi-
