1546 2648
287 143 373 199 488
745 155 794 187 Τ.
817 156 953 188 nvn

98 257 190 290 U.c.
208 262 281 290 ses.
291 246 536 285 Tuberonem
559 244 711 284 obviam
738 246 821 296 regi
848 246 977 284 misit:
1009 251 1154 284 ceteros
1183 257 1346 286 manere·
1363 247 1403 284 in

94 301 138 333 Δ·
152 300 190 334 0·
207 304 280 332 ²⁶⁸·
291 311 473 364 praetorio
486 310 704 362 frequentes
717 310 848 362 jussit.
879 308 974 348 Non
993 310 1085 349 alias
1103 312 1148 349 ad
1163 310 1282 349 ullum
1297 323 1406 362 spec-

292 374 462 414 taculum
493 381 603 413 tanta
629 374 836 413 multitudo
865 374 1048 413 obcurrit.
1101 375 1261 413 Patrum
1293 379 1405 412 aetate

292 441 450 493 Syphax
465 453 534 479 rex
553 448 687 494 captus
705 441 746 478 in
761 448 887 479 castra
903 441 1082 479 Romana
1096 441 1281 479 adductus
1301 445 1402 478 erat:

291 511 543 558 praeterquam
568 506 670 557 quod
693 519 766 544 nec
791 519 872 550 sua,
892 519 964 543 nec
986 506 1110 557 gentis
1128 506 1233 544 fama
1250 517 1406 556 compa-

292 570 446 615 raudus,
476 577 569 608 tunc
599 583 751 621 quoque
780 572 948 608 accessio
978 570 1117 608 Punici
1146 570 1238 608 belli
1266 571 1405 615 fuerat,

293 634 393 671 sicut
411 634 572 672 Gentius
591 632 849 672 Macedonici.
876 634 1037 672 Perseus
1060 640 1174 686 caput
1190 633 1282 671 belli
1300 641 1404 671 erate

294 708 365 734 nec
383 698 501 748 ipsius
526 703 692 743 tantum,
711 698 832 749 patris
857 699 1006 749 avique,
1026 710 1122 748 quos
1148 697 1334 747 sanguine
1363 709 1408 735 ac

294 773 432 811 genere
446 762 711 813 contingebat,
726 763 830 801 fama
844 768 1091 814 conspectum
1107 775 1193 800 eum
1207 760 1408 806 efficiebat,

293 826 360 862 scd
378 825 610 877 effulgebant
627 827 828 880 Philippus
847 840 892 865 ac
905 827 1074 878 Magnus
1094 827 1324 871 Alexander,
1344 826 1411 877 qui

295 901 484 928 summum
511 892 714 943 imperium
742 893 783 930 in
811 892 905 931 orbe
933 899 1120 930 terrarum
1148 891 1408 929 Macedonum

295 951 477 993 fecerant.
533 955 647 993 Pullo
672 956 833 993 amictus
866 955 932 992 illo
961 956 1121 993 Perseus
1141 956 1332 1005 ingressus
1352 960 1410 991 est

296 1024 436 1063 castra,
455 1018 563 1055 nullo
583 1030 738 1056 suorum
754 1019 830 1056 alio
850 1019 1004 1064 comite,
1025 1019 1090 1069 qui
1109 1020 1234 1056 socius
1255 1017 1409 1055 calami-

294 1082 386 1118 tatis
401 1083 715 1121 miserabiliorem
731 1095 817 1120 eum
832 1083 994 1120 faceret:
1016 1082 1193 1134 progredi
1207 1095 1286 1133 prae
1300 1080 1414 1119 turba

295 1145 583 1185 obcurrentium
616 1149 664 1186 ad
695 1147 954 1200 spectaculum
981 1159 1061 1184 non
1092 1152 1259 1198 poterat,
1291 1145 1413 1182 donec

296 1211 432 1249 consul
459 1212 613 1250 lictores
649 1213 829 1258 misisset,
868 1213 933 1263 qui
964 1209 1226 1250 submovendo
1256 1210 1330 1247 iter
1365 1208 1411 1246 ad

294 1277 518 1328 praetorium
545 1277 729 1316 facerent.
786 1278 1037 1315 Consurrexit
1056 1275 1203 1321 consul,
1224 1280 1276 1318 ct,
1292 1273 1411 1325 jussis

295 1341 426 1379 sedere
444 1342 543 1387 aliis,
562 1355 862 1394 progressusque
886 1342 1070 1394 paullum,
1094 1339 1306 1389 introeunti
1330 1338 1413 1388 regi

295 1406 468 1443 dextram
487 1408 676 1458 porrexit:
699 1407 1063 1457 submittentemque
1078 1418 1118 1443 se
1132 1405 1179 1442 ad
1196 1403 1413 1456 pedes-sus-

295 1469 404 1506 tulit:
435 1481 507 1508 nec
535 1471 739 1521 adtingere
760 1484 885 1521 genua
913 1483 1061 1522 passus,
1091 1469 1353 1506 introductum
1371 1467 1412 1503 in

295 1535 584 1574 tabernaculum
604 1538 781 1575 adversus
802 1538 1008 1576 advocatos
1027 1537 1068 1573 in
1094 1534 1298 1573 consilium
1317 1544 1410 1570 con-

296 1599 419 1637 sidere
439 1600 570 1651 jussit}

349 1663 462 1702 Vm.
493 1665 622 1703 Prima
638 1665 882 1717 percontatio
900 1663 989 1709 fuit,
1006 1677 1078 1714 qua
1096 1663 1261 1701 subactus
1278 1659 1415 1708 injuria

296 1733 422 1766 contra
445 1732 623 1780 populum
651 1732 859 1768 Romanum
887 1730 1018 1768 bellum
1048 1734 1123 1766 tam
1142 1727 1274 1778 infesto
1293 1727 1415 1763 animo
1462 1778 1465 1780 q

295 1797 501 1842 suscepisset
514 1812 528 1840 ,·
557 1808 626 1844 quo
653 1809 690 1833 se
717 1807 936 1844 regnumque
962 1806 1065 1831 suum
1084 1795 1133 1831 ad
1150 1794 1317 1831 ultimum
1338 1791 1413 1828 dis-

297 1859 430 1896 crimen
448 1861 642 1897 adduceret
657 1862 679 1897 ,9
696 1861 839 1903 Quum,
859 1870 1082 1910 responsum
1103 1853 1411 1907 exspectantibus

296 1926 460 1970 cunctis,
490 1932 633 1963 terram·
655 1927 822 1970 intuens,
853 1925 917 1963 diu
939 1925 1078 1962 tacitus
1108 1922 1230 1966 fleret,
1263 1932 1413 1957 rursum

297 1989 454 2026 consul:
487 1990 530 2027 Si
551 1989 697 2037 juvenis
723 2001 874 2040 regnum
891 1990 1096 2038 accepisses,
1116 1988 1233 2023 minus
1249 1985 1412 2034 equidem

294 2055 463 2097 mirarer,
485 2056 667 2103 ignorasse
686 2060 732 2098 te,
750 2066 859 2104 quam
874 2054 998 2102 gravis
1015 2056 1079 2089 aut
1093 2052 1242 2092 amicus,
1259 2053 1325 2086 aut
1342 2048 1411 2085 ini-

294 2119 410 2154 micus
423 2124 510 2155 esset
526 2121 682 2167 populus
698 2119 884 2156 Romanus
899 2135 912 2156 .·
930 2129 1024 2155 nunc
1037 2129 1133 2159 vero,
1154 2127 1265 2165 quum
1284 2117 1320 2151 et
1338 2113 1411 2149 bel-

296 2182 330 2235 lo
346 2183 465 2231 patris
485 2184 552 2226 tui,
574 2185 669 2231 quocl
686 2183 865 2219 nobiscum
889 2184 1011 2230 gessit,
1031 2179 1265 2229 interfuisses,
1285 2182 1321 2214 et
1341 2188 1411 2226 pa·

292 2248 343 2283 cis
359 2252 497 2295 postea,
520 2259 625 2296 quam
656 2259 736 2284 cum
757 2259 896 2284 summa
912 2247 994 2296 ficle
1012 2246 1180 2282 adversus
1197 2255 1277 2280 eum
1297 2241 1408 2278 colui·
1527 2289 1530 2302 Δ

293 2322 383 2355 mus,
404 2312 632 2357 meminisses,
655 2312 749 2362 quod
768 2312 967 2356 consilium,
989 2322 1138 2360 quorum
1157 2314 1192 2347 et
1210 2309 1282 2345 vim
1303 2304 1406 2348 bello,
1526 2307 1530 2356 j
