1546 2648
411 121 565 151 cmx-:R
588 121 668 150 XL.
701 122 807 150 CAP.
832 121 948 150 VIII.
1152 118 1229 161 227

125 210 331 263 venientes,
349 212 451 248 aditu
465 211 595 262 januae
612 216 725 247 arcet.
760 210 993 251 Demetrius,
1007 221 1072 258 per
1088 210 1231 251 vinum,
1245 214 1287 245 U.
1298 214 1334 244 C.
1354 220 1427 249 570.

122 274 223 322 quod
252 274 526 318 excluderetur,
548 274 753 325 paullisper
773 274 1015 316 vociferatus,
1037 273 1075 308 iu
1102 273 1232 308 convi-
1244 257 1334 288 A'C'
1354 263 1425 288 ²⁸²·

124 338 226 374 vium
245 339 355 382 redit,
370 340 490 376 totius
510 339 563 375 rei
584 340 752 388 ignarus.

176 401 288 439 VIII.
318 402 479 440 Postero
500 404 558 439 die
577 402 751 445 Perseus,
773 414 885 452 quam
912 401 1074 451 primum
1096 412 1232 436 conve-
1245 403 1450 434 Demetrium

1245 453 1375 477 accusat

1246 491 1378 520 Perseus

120 531 213 569 bato
232 532 339 569 vultu
358 534 397 570 in
418 539 624 584 conspectu
644 534 760 583 patris
782 533 918 569 tacitus
938 530 1071 582 procul
1092 531 1233 567 consti-
1246 533 1330 607 {apud
1341 540 1396 571 pa·

1261 585 1340 607 rem·

122 468 251 505 niendi
270 476 438 519 potestas
458 470 575 520 patris
594 469 682 512 fuit,
699 469 841 518 regiam
861 469 1066 517 ingressus,
1086 474 1232 516 pertur-

120 595 190 631 tit:
224 597 298 640 cui,
329 610 414 633 cum
443 604 563 647 pater,
595 597 712 632 Satin'
747 597 887 632 salvaef’
922 601 973 638 et,
1005 607 1166 643 quaenam
1194 607 1236 630 ea

123 662 290 696 maestitia
309 662 425 696 esset?
452 661 706 708 interrogaret
734 672 834 702 eum,
856 661 918 695 De
947 660 1045 695 lucro
1071 658 1236 708 tibi,vin-

125 724 221 772 quit,
237 726 354 761 vivere
368 737 424 761 me
439 727 527 761 scito
542 741 553 761 .·
571 723 653 771 jam
668 736 739 760 non
754 725 900 760 occultis
914 736 936 759 a
945 722 1070 772 fratre
1081 725 1240 771 petimur

126 789 275 826 insidiis,
327 791 443 826 Nocte
461 802 539 825 cum
560 791 710 825 armatis
730 790 874 825 domum
893 790 941 824 ad
959 789 1242 837 interficiendum

125 864 180 886 me
197 854 317 888 venit:
346 854 544 900 clausisque
560 852 719 900 foribus,
746 854 928 900 parietum
954 853 1123 900 proesiclio
1146 863 1200 887 me
1218 864 1242 886 α

117 915 252 964 furore
284 915 358 962 ejus
389 929 466 952 sum
497 921 644 953 tutatus.
703 916 831 956 Quum
867 929 1045 966 pavorem
1078 916 1240 965 mixtum

128 978 377 1015 admiratione
397 968 504 1030 'patri
534 979 740 1030 injecisset,
761 981 889 1028 Atqui,
908 981 939 1015 si
958 992 1060 1015 aures
1084 979 1242 1027 prcebere

124 1047 238 1090 potes,
260 1043 395 1092 inquit,
417 1043 647 1092 manifestam
666 1056 737 1079 rem
757 1049 887 1084 teneas,
898 1043 1055 1092 faciam.
1113 1043 1240 1078 Enim-

128 1117 208 1142 vero
236 1119 284 1149 se,
306 1107 502 1157 Philippus
526 1108 663 1150 dicere,
694 1109 918 1148 auditurum,
949 1106 1150 1154 vocarique
1176 1117 1241 1141 ex—

127 1169 271 1219 templo
300 1169 691 1220 Demetriumjussit:
725 1178 763 1207 et
783 1171 948 1206 seniores
970 1170 1063 1205 duos
1084 1170 1242 1212 amicos,

128 1240 300 1282 expertes
323 1234 421 1270 inter
440 1234 575 1270 fratres
597 1236 862 1278 certaminum,
883 1234 1140 1283 infrequentes
1161 1233 1244 1284 jam

132 1298 170 1332 in
191 1299 307 1346 regia,
328 1297 599 1347 Lysimachum
621 1306 658 1334 et
678 1299 933 1335 Onomastum
959 1298 1129 1341 arcessit,
1150 1311 1244 1346 quos

130 1361 171 1397 in
190 1362 350 1398 consilio
370 1362 539 1399 haberet.
586 1363 689 1399 Dum
708 1364 864 1399 veniunt
883 1363 1008 1405 amici,
1031 1361 1146 1405 solus,
1168 1361 1246 1398 filio

131 1425 263 1474 procul
283 1432 421 1468 stante,
440 1426 559 1463 multa
575 1439 701 1462 secum
718 1427 846 1462 animo
862 1425 1053 1468 volutam,
1071 1425 1247 1461 inambu-

129 1488 244 1525 lavit:
277 1496 479 1539 postquam
497 1491 645 1526 venisse
672 1503 736 1527 eos
756 1491 978 1527 nunciatum
1002 1497 1073 1532 est,
1094 1490 1249 1525 secessit

133 1554 172 1589 in
191 1559 337 1603 partem
365 1553 585 1590 interiorem
616 1567 702 1590 cum
732 1555 879 1591 duobus
910 1555 1054 1597 amicis,
1086 1554 1246 1589 totidem

132 1616 350 1653 custodibus
373 1619 564 1667 corporis:
597 1618 697 1661 filiis,
720 1626 761 1654 ut
786 1626 917 1655 ternos
938 1619 1099 1654 inermes
1120 1630 1249 1665 secum

132 1682 430 1724 introducerent,
448 1684 630 1732 permisit.
674 1683 735 1719 lbi
755 1696 870 1732 quum
891 1682 1145 1719 consedisset:
1180 1682 1245 1718 Se·

133 1747 211 1787 deo,
232 1746 369 1794 inquit,
399 1747 617 1783 miserrimus
642 1752 760 1795 pater,
773 1746 888 1793 judex
913 1749 1006 1782 inter
1025 1748 1114 1783 duos
1127 1747 1244 1796 filios,
1258 1751 1396 1800 Philippi

133 1814 375 1845 accusatorem
396 1811 600 1857 parricidii,
621 1815 655 1846 et
679 1822 775 1846 reum
789 1828 801 1854 ;
831 1815 896 1847 aut
915 1811 1067 1862 conficti,
1098 1815 1162 1847 aut
1179 1811 1246 1846 ad·
1258 1803 1371 1826 omno·

130 1875 226 1911 missi
238 1874 395 1909 criminis
409 1873 521 1909 labem
537 1875 635 1921 apucl
650 1887 743 1910 meos
757 1876 975 1911 inventurus.
1004 1875 1091 1912 Jam
1105 1875 1257 1923 pridem

129 1926 274 1991 quidem
311 1936 402 1972 hanc
433 1938 633 1985 procellam
663 1940 889 1975 inminentem
923 1939 1103 1982 timebam,
1137 1952 1246 1988 quum

133 2001 252 2037 vultus
272 2002 363 2036 inter
381 2012 441 2037 vos
460 2002 604 2037 minime
611 2001 801 2050 fraternos
815 2014 1006 2045 cernerem,
1024 2015 1130 2051 quum
1147 2016 1247 2044 voces

133 2064 305 2110 quasdam
323 2065 526 2101 exaudirem
540 2082 552 2102 .·
579 2067 646 2100 sed⁴
668 2066 847 2102 interdum
864 2078 940 2115 spes
963 2068 1123 2103 animum
1142 2058 1246 2104 vsubi-

133 2127 206 2168 bat,
227 2127 425 2176 deflagrare
453 2129 526 2163 iras
542 2133 689 2171 vestros,
707 2131 860 2178 purgari
886 2132 1097 2178 suspiciones
1119 2143 1221 2179 posse
1236 2148 1247 2168 .-

134 2190 243 2226 etiam
276 2190 399 2234 hostes,
434 2193 543 2229 armis
568 2195 705 2242 positiS,
729 2193 854 2243 soedus
882 2195 993 2237 icisse,
1024 2188 1058 2231 ei
1082 2197 1246 2243 privatos

135 2253 328 2309 multorum
343 2256 678 2307 simultatesfinitas
690 2272 702 2292 .·
729 2258 925 2300 subituram
940 2259 1035 2296 vobis
1049 2259 1244 2308 aliquando

227 2327 234 2333 “
648 2320 685 2358 L
704 2320 726 2358 6
