1546 2648
431 128 639 167 naxon.
664 127 887 156 mamm).
1131 123 1212 171 577

103 210 279 255 Varenum
307 223 492 267 praetorem
511 218 636 266 praelio
655 217 827 252 vicerunt.
874 215 919 252 L.
935 214 1112 252 Lucullus
1127 228 1216 264 pro-
1260 207 1264 211 ⁵

99 284 222 320 consul
240 284 289 320 ad
313 283 478 331 Cyzicum
507 282 625 318 urbem
645 282 837 317 exercitum
862 281 1089 318 Mithridatis
1107 280 1216 330 fame

87 346 264 396 ferroque
299 347 430 383 delevit
440 362 454 390 ,·
493 346 705 395 pulsumque
737 345 912 393 Bithynia
939 357 1072 394 regem,
1105 347 1216 382 variis

95 412 178 449 belli
196 425 239 448 ac
257 410 533 460 naufragiorum
562 409 696 447 casibus
712 408 898 458 fractum,
919 411 1031 458 coe'git
1057 412 1092 447 in
1112 411 1212 447 Pon-

99 482 174 514 tum
189 467 397 526 profugere.
1222 482 1226 485 “

575 570 722 609 XCVI.

98 642 162 705 Q.
181 659 383 695 ARRIUS
417 662 552 707 prcetor
590 658 750 702 Crixum,
787 657 1035 707 fugitivorum
1068 659 1207 704 ducem,

93 730 174 756 Cum
201 727 330 773 viginti
359 726 515 762 millibus
546 726 729 762 hominum
748 719 892 763 cecidit.
951 726 1014 763 Cn.
1035 727 1212 763 Lentulus

92 791 213 827 consu-l
231 792 326 826 male
344 792 512 827 adversus
530 791 748 840 Spartacum
772 792 965 839 pugnavit.
1013 791 1069 828 Ab
1087 792 1212 828 eodem

92 855 139 892 L.
163 856 302 892 Gellius
320 857 441 893 consul
463 861 498 891 et
519 857 562 897 Q.
581 857 713 892 Arrius
736 861 873 905 praetor
897 857 974 893 acie
1001 857 1088 893 victi
1113 861 1210 894 sunt.

91 920 274 956 Sertorius
297 933 319 956 a
338 920 385 956 M
387 925 407 956 '.
424 921 594 963 Antonio,
616 925 651 957 et
675 921 731 957 M.
745 921 945 970 Perperna,
967 926 1002 958 et
1022 922 1105 958 aliis
1123 933 1207 958 con-

80 983 218 1031 juratis
241 987 279 1020 in
309 987 467 1022 convivio
489 984 698 1034 interfectus
722 990 786 1029 est,
819 991 945 1022 octavo
975 987 1127 1022 ducatus
1153 988 1210 1022 sui

89 1061 184 1085 anno
199 1065 210 1085 .·
251 1062 400 1097 magnus
436 1051 521 1093 dux,
561 1055 595 1087 et
632 1051 800 1087 adversus
836 1051 922 1087 duos
959 1051 1206 1099 imperatores,

90 1115 304 1163 Pompeium
339 1120 374 1151 et
407 1115 610 1158 Metellum,
646 1128 739 1165 saepe
769 1128 854 1165 par,
891 1116 949 1152 vel
975 1115 1209 1165 frequentius

87 1181 200 1216 victor
216 1196 229 1216 .·
256 1180 306 1216 ml
335 1181 501 1216 ultimum
532 1181 688 1217 desertus
715 1185 750 1217 et
774 1181 952 1230 proditus.
1008 1181 1208 1229 Imperium

81 1245 246 1292 partium
268 1245 316 1280 ad
341 1245 510 1281 Marcum
531 1247 747 1282 translatum
777 1250 828 1282 est
843 1261 856 1283 .·
884 1258 987 1294 quem
1009 1245 1071 1282 Cn.
1092 1246 1204 1281 Pom-

80 1309 186 1356 peius
203 1309 336 1345 victum
351 1314 567 1358 captumque
585 1309 780 1358 interfecit,
797 1323 841 1346 ac
855 1311 989 1358 recepit
1003 1309 1205 1357 Hispanias

84 1374 220 1409 decimo
236 1373 325 1423 fere
343 1387 449 1418 anno,
470 1387 579 1424 quam
598 1380 747 1424 coeptum
767 1380 846 1412 erat
865 1375 1009 1412 bellum.
1058 1375 1095 1412 C.
1115 1374 1202 1411 Cas-

80 1438 153 1473 sius
176 1439 367 1486 proconsul
403 1443 438 1475 et
471 1439 535 1475 Cn.
557 1439 722 1475 Manlius
745 1444 881 1488 proetor
911 1440 1008 1476 male
1032 1439 1202 1475 adversus

82 1501 301 1549 Spartacum
316 1509 598 1552 pugnaverunt:
615 1505 722 1553 idque
739 1504 870 1541 bellum
888 1504 944 1541 M.
963 1503 1088 1540 Crasso
1103 1515 1198 1553 prae-
1247 1540 1253 1546 „

80 1567 150 1603 tori
168 1569 380 1606 mandatum
398 1575 462 1607 est.

551 1667 720 1705 XCVII.

76 1736 158 1789 Μ.
181 1753 413 1791 CRASSUS
436 1759 573 1802 praetor
597 1756 758 1803 primum
788 1765 867 1790 cum
886 1757 994 1801 parte
1010 1753 1194 1802 fugitivo-

74 1831 170 1861 rum,
204 1831 281 1867 quae
306 1831 348 1855 et
377 1819 493 1855 Gallis
517 1819 773 1867 Germanisque
806 1818 1003 1861 constabat,
1028 1817 1194 1867 feliciter

70 1884 260 1930 pugnavit,
292 1883 386 1918 caesis
412 1882 565 1918 hostium
596 1883 748 1930 triginta
776 1883 931 1930 qui-nque
959 1882 1127 1925 millibus,
1158 1887 1194 1918 et

73 1947 161 1982 duce
185 1959 308 1982 eorum
332 1947 501 1983 Granico.
560 1947 649 1982 Cum
675 1946 853 1994 Spartaco
882 1947 1007 1982 deinde
1031 1946 1191 1988 bellavit,

73 2011 169 2046 caesz's
187 2022 266 2046 cum
285 2011 361 2058 ipso
381 2010 535 2046 millibus
553 2011 749 2057 sexaginta.
793 2009 847 2045 M.
861 2009 1192 2057 Antoniusrprcetor

71 2073 201 2109 bellum
227 2075 394 2110 adversus
415 2074 606 2117 Cretenses,
627 2086 757 2122 parum
782 2085 950 2122 prospere
976 2078 1187 2122 susceptum,

20 2160 23 2161 ν
72 2141 185 2173 morte
214 2150 280 2173 sua
312 2139 449 2187 finivit.
512 2139 568 2175 ΛΜ.
602 2138 777 2174 Lucullus
801 2139 995 2186 proconsul
1031 2138 1190 2175 Thracas

69 2202 216 2249 subegit.
273 2201 318 2239 L.
334 2202 510 2239 Lucullus
535 2205 572 2239 in
592 2204 711 2240 Ponto
741 2204 909 2239 adversus
933 2203 1188 2240 Mithridatem

59 2266 224 2316 feliciter
248 2269 439 2314 pugnavit,
471 2270 564 2305 caesis·
594 2269 747 2305 hostium
777 2269 932 2318 amplius
956 2281 1063 2317 quam
1085 2280 1185 2305 sexa-

123 2330 158 2366 V
162 2342 223 2367 οι..
237 2330 305 2368 IV.
630 2332 660 2368 C
681 2345 701 2369 c
