1546 2648
90 257 182 290 U.C.
199 264 271 294 ⁵70·

89 305 129 332 A.
147 302 184 332 C.
202 308 273 333 182.

101 2045 253 2075 Defensio

102 2086 269 2118 Demetrii.

284 165 364 209 232
445 160 450 166 '
737 163 782 191 Τ.
808 163 941 192 L1v11

285 257 353 291 isto
373 254 513 289 mittere
528 249 643 298 jubet.
702 251 772 292 Qui
791 251 870 287 hinc
889 250 1018 298 integri
1036 254 1071 285 et
1094 249 1221 285 sinceri
1244 247 1394 285 Romam

286 322 383 360 eunt,
407 317 614 364 Philippum
630 327 743 362 regem
764 327 799 350 se
819 315 944 351 habere
958 315 1147 356 credentes,
1164 313 1277 348 inbuti
1295 313 1395 348 illinc

285 387 321 418 et
353 380 476 430 infecti
508 381 676 416 Pomtinis
707 380 942 414 delinimentis
972 379 1131 414 redeunt.
1188 377 1396 412 Demetrius

285 447 330 481 iis
347 457 438 481 unus
453 446 572 480 omnia
591 448 642 479 est
655 460 666 478 .·
696 455 772 478 eum
786 441 864 488 jam
885 454 1016 489 regem,
1035 444 1114 477 vivo
1131 445 1249 489 putre,
1269 439 1394 487 adpel-

287 510 376 544 lant.
431 509 519 543 Haee
536 509 567 543 si
592 507 773 553 indignor,
795 506 1009 541 amliendum
1032 509 1082 540 est
1106 505 1243 545 statim,
1261 514 1332 538 non
1351 501 1396 537 ab

286 573 370 608 aliis
386 571 513 612 solum,
533 571 595 605 sed
613 571 723 605 etiam
742 581 764 603 a
785 576 829 610 te,
849 573 968 616 pater,
989 568 1198 615 cupiditatis
1212 567 1312 613 regni
1326 565 1396 601 cri-

286 647 377 671 men.
435 635 513 681 Ego
544 645 640 675 vero,
670 634 700 668 si
729 633 765 667 in
791 632 906 667 medio
934 632 1092 678 ponitur,
1122 642 1193 665 non
1222 640 1398 676 agnosco:

288 710 391 746 quem
409 699 500 733 enim
519 709 581 732 suo
602 697 677 732 loeo
696 707 828 737 moveo,
849 699 889 731 ut
908 696 981 742 ipse
999 696 1036 730 in
1054 692 1127 740 ejus
1146 694 1259 729 locum
1277 703 1396 729 succe-

289 763 408 797 dam?
441 761 536 797 Unus
564 765 648 796 ante
676 772 731 796 me
757 765 862 807 pater
888 764 962 795 est:
990 763 1036 801 et,
1057 763 1097 793 ut
1122 759 1184 793 diu
1211 758 1270 799 sit,
1301 756 1400 792 Deos

287 837 384 873 rogo.
443 825 626 872 Superstes
657 825 710 871 (et
738 825 791 859 ita
817 825 896 865 sim,
927 823 957 858 si
984 822 1152 864 merebor,
1173 825 1214 856 ut
1242 822 1317 868 ipse
1344 831 1400 855 me

289 901 359 925 esse
377 890 478 935 velit)
501 889 743 924 haereditatem
758 890 873 935 regni,
894 889 924 922 si
940 891 1046 935 pater
1066 886 1195 926 tradet,
1211 885 1399 932 accipiam.

293 953 402 1000 Cupit
419 964 580 1000 regnum,
601 957 636 987 et
655 952 798 999 quidem
819 952 990 987 scelerate
1008 953 1119 998 cupit,
1140 951 1202 997 qui
1220 954 1400 985 transcen-

290 1020 372 1054 dere
387 1018 548 1066 festinat
575 1019 735 1053 ordinem
763 1018 891 1058 a’tatis,
922 1020 1074 1057 naturae,
1104 1015 1211 1049 moris
1229 1013 1401 1048 Macedo-

289 1093 387 1123 num,
405 1081 502 1127 juris
526 1082 700 1128 gentium.
759 1080 884 1115 Obstat
901 1079 1027 1127 frater
1057 1076 1185 1123 major,
1220 1077 1270 1112 ad
1298 1088 1400 1123 quem

281 1144 379 1191 jure,
400 1145 585 1180 voluntate
603 1145 711 1179 etiam
728 1145 858 1190 patris,
879 1155 1027 1190 regnum
1051 1144 1215 1190 pertinet.
1278 1140 1400 1176 Tolla-

291 1214 349 1243 ταν
361 1225 372 1244 .·
401 1220 469 1243 non
487 1209 624 1255 primus
641 1218 790 1253 regnum
797 1206 973 1254 fraterna
992 1207 1082 1242 caede
1096 1207 1244 1253 petiero.
1288 1205 1402 1240 Pater

288 1284 404 1314 senex,
425 1277 459 1307 et
476 1273 562 1321 filio
579 1272 676 1306 solus
703 1271 858 1312 orbatus,
879 1272 921 1306 de
937 1282 975 1306 se
995 1271 1110 1318 magis
1128 1269 1275 1311 timebit,
1296 1279 1403 1316 quam

290 1336 415 1385 utfilii
432 1347 552 1371 necem
581 1337 786 1371 ulciscatur.
844 1335 1002 1370 Romani
1023 1333 1250 1376 loetabuntur,
1271 1332 1401 1380 proba·

290 1401 387 1442 bunt,
409 1399 602 1448 defendent
620 1386 780 1448 factum.
837 1399 907 1434 Hoe
922 1411 1000 1446 spes
1028 1400 1182 1439 incertae‚
1204 1400 1321 1445 pater,
1341 1396 1404 1432 sed

290 1475 360 1500 non
381 1465 502 1499 inanes
519 1468 625 1499 sunt:
655 1465 706 1498 ita
724 1464 815 1498 enim
833 1475 869 1498 se
886 1475 941 1498 res
955 1462 1058 1498 habet
1071 1478 1083 1498 .-
1106 1462 1307 1510 periculum
1321 1461 1402 1496 vitae

289 1529 490 1576 propellere
508 1539 531 1562 a
548 1539 604 1563 me
620 1532 732 1575 potes,
752 1527 931 1574 puniendo
951 1539 1019 1568 eos,
1041 1527 1102 1574 qui
1121 1527 1168 1561 ad
1186 1537 1241 1561 me
1266 1525 1401 1574 interfi-

292 1593 457 1627 ciendum
467 1590 614 1640 ferrum
632 1595 857 1626 sumserunt:
883 1592 914 1626 si
918 1590 1085 1639 facinori
1099 1601 1219 1625 eoru-m
1231 1600 1401 1626 successe-

291 1657 355 1697 rit,
375 1659 526 1691 mortem
541 1666 654 1690 meam
677 1655 770 1689 idem
791 1659 829 1690 tu
847 1656 1008 1701 persequi
1026 1666 1095 1690 non
1112 1655 1257 1701 poteris.

346 1717 442 1753 XII.
472 1717 679 1765 Postquam
701 1717 847 1752 dicendi
868 1716 979 1752 finem
1007 1716 1164 1752 Perseus
1184 1715 1288 1758 fecit,
1309 1727 1401 1751 con—

285 1780 382 1830 jecti
402 1793 546 1823 eornm,
568 1781 630 1829 qui
658 1781 826 1823 aderant,
849 1780 950 1816 oculi
976 1781 1014 1815 in
1041 1779 1279 1815 Demetrium
1299 1785 1401 1821 sunt,

294 1843 394 1879 velut
425 1844 623 1880 confestim
654 1856 901 1894 responsurus
932 1850 1052 1879 esset:
1085 1842 1218 1878 deinde
1245 1842 1308 1878 diu
1331 1842 1404 1878 fuit

293 1908 500 1951 silentium,
526 1921 641 1958 quum
662 1908 854 1958 perfusum
883 1908 973 1944 fletu
1003 1908 1199 1957 adpareret
1228 1907 1403 1944 omnibus

292 1970 397 2020 loqui
415 1985 492 2008 non
512 1983 635 2022 posse.
691 1971 861 2007 Tandem
877 1971 968 2007 vicit
986 1970 1154 2006 dolorem
1172 1971 1253 2020 ipsa
1271 1982 1402 2006 neces·

294 2036 398 2079 sitas,
413 2050 525 2085 quum
547 2036 670 2072 dicere
681 2035 875 2086 juberent,
893 2042 1004 2084 atque
1022 2036 1074 2071 ita
1089 2047 1195 2071 orsus
1216 2040 1291 2070 est:
1317 2035 1403 2071 Om-

295 2101 370 2143 nia,
392 2112 468 2147 quae
496 2112 637 2136 reorum
656 2105 762 2136 antea
779 2099 934 2148 fuerant
953 2101 1104 2141 auxilia,
1121 2104 1240 2147 pater,
1270 2110 1405 2146 praeoc-

296 2165 442 2212 cupavit
460 2170 657 2201 accusator.
714 2165 904 2200 Simulatis
922 2164 1079 2199 lacrimis
1102 2165 1137 2198 in
1158 2164 1307 2199 alterius
1320 2175 1406 2211 per-

297 2228 422 2262 niciem
439 2239 539 2263 veras
566 2239 661 2264 meas
681 2229 848 2264 lacrimas
871 2231 1047 2275 suspectas
1067 2226 1130 2262 tibi
1147 2225 1268 2273 fecit:
1297 2237 1406 2274 quum

300 2292 384 2339 ipse,
405 2303 447 2327 ex
465 2304 533 2340 quo
559 2291 602 2328 ab
621 2291 739 2328 Roma
765 2292 868 2334 redii,
885 2303 951 2340 per
975 2291 1114 2328 occulta
1133 2291 1300 2327 cum-suis
1324 2301 1406 2326 con·-
