1546 2648
138 211 181 242 U.
193 211 231 243 C.
246 218 319 245 584.

123 256 178 309 NA.
190 254 227 286 C.
247 260 319 287 168.

113 864 278 904 Fugantur

114 907 265 938 Macedo-

109 958 179 981 nes.

323 124 416 169 474
787 127 836 155 τ.
859 125 992 156 mvn

329 227 498 264 hostium
515 225 600 264 fuit.
637 226 684 263 In
699 226 876 264 dextrum
895 239 1027 268 cornu,
1050 225 1147 262 unde
1166 225 1265 262 circa
1281 225 1436 263 fluvium

330 291 572 328 commissum
590 291 766 342 proelium
785 299 878 335 erat,
899 291 1116 341 elephantes
1137 290 1293 333 inducti,
1313 297 1352 326 et
1377 289 1437 326 ala

328 356 543 392 sociorum:
585 363 623 392 et
653 357 742 392 hinc
775 357 937 406 prinlum
967 355 1059 404 fuga
1090 354 1345 390 Macedonum
1379 360 1436 390 est

327 424 425 456 orta.
479 408 717 457 Nam‘sicut
747 420 925 471 pleraque
953 433 1054 456 nova
1082 425 1297 456 commenta
1333 431 1434 454 mor-

326 483 459 521 talium
480 485 518 521 in
538 484 659 522 verbis
680 486 754 521 vim
773 485 930 527 habent,
952 484 1192 534 experiend0‚
1214 496 1327 533 quum
1357 483 1434 531 agi,

327 560 420 592 non,
441 549 755 598 quemadmodum
784 556 958 598 agantur,
983 549 1147 592 edisseri,
1169 554 1333 598 oportet,
1355 548 1435 583 sine

326 612 406 649 ullo
425 614 559 650 effectu
589 620 844 658 evanescunt3
877 613 931 650 ita
958 620 1039 649 tum
1068 613 1258 663 elephanti
1286 613 1324 648 in
1354 613 1434 648 acie

325 689 466 713 nomen
486 684 635 714 tantum
655 678 735 713 sine
754 690 823 713 usu
839 677 1003 714 fuerunt.
1059 677 1360 727 Elephantorum
1376 677 1435 712 in-

326 747 456 792 petum
477 741 666 779 subsecuti
687 747 775 778 sunt
801 742 894 778 socii
923 742 1088 778 nominis
1116 741 1260 784 Latini,
1281 739 1435 791 pepule-

326 811 490 854 runtque
511 805 645 842 laevum
666 817 796 842 cornu.
855 805 901 841 In
921 805 1046 841 medio
1066 803 1228 841 secunda
1245 803 1346 853 legio
1375 804 1434 839 in·

326 869 441 906 missa
469 870 663 922 dissipavit
688 870 938 920 phalangem:
969 882 1091 919 neque
1120 869 1196 906 ulla
1226 869 1435 906 evidentior

327 946 460 970 caussa
478 935 647 972 victoriae
665 935 752 978 fuit,
773 947 885 984 quam
911 934 1013 983 quod
1037 933 1157 970 multa
1174 933 1312 984 passim
1332 946 1433 983 proe·

325 996 378 1033 lia
396 1004 517 1041 erant,
538 1011 620 1047 quae
646 998 892 1034 fluctuantem
916 997 1118 1034 turbarunt
1141 997 1280 1047 primo,
1299 997 1433 1033 deinde

326 1060 555 1112 disjecerunt
581 1062 833 1113 phalangem:
866 1061 972 1112 cujus
1003 1060 1183 1097 confertae
1212 1067 1251 1097 et
1278 1061 1434 1097 intentis

324 1125 515 1161 horrentis
534 1126 653 1162 hastis
674 1125 930 1162 intolerabiles
950 1127 1045 1161 vires
1066 1133 1166 1163 sunt.
1217 1126 1255 1162 Si
1275 1127 1435 1177 carptim

326 1188 580 1237 adgrediendo
609 1190 864 1239 circumagere
892 1189 1112 1226 inmobilem
1141 1189 1379 1239 longitudine
1397 1197 1435 1228 et

325 1253 512 1302 gravitate
529 1254 679 1290 hastam
708 1267 836 1303 cogas,
859 1255 1018 1291 confusa
1046 1263 1148 1291 strue
1175 1254 1431 1305 inplicantur:

326 1316 359 1352 si
377 1330 465 1354 vero
485 1324 551 1354 aut
570 1318 616 1354 ab
637 1318 767 1362 latere,
788 1326 854 1355 aut
883 1319 930 1356 ab
959 1326 1070 1368 tergo
1093 1319 1233 1368 aliquid
1251 1319 1433 1356 tumultus

325 1379 527 1431 increpuit,
547 1382 665 1418 ruinae
686 1382 800 1418 modo
818 1382 1042 1419 turbantur:
1075 1383 1172 1418 sicut
1197 1389 1277 1418 tum
1306 1383 1435 1420 adver-

325 1455 388 1479 sus
415 1446 635 1482 catervatim
664 1445 897 1482 incurrentes
926 1445 1140 1489 Romanos,
1162 1452 1199 1482 et
1226 1447 1439 1498 interrupta.

325 1507 571 1545 multifariam
601 1510 695 1553 acie,
727 1510 878 1546 obviam
911 1511 964 1546 ire
996 1510 1254 1558 cogebantur5
1287 1516 1325 1546 et
1354 1511 1438 1548 Ro-

326 1572 444 1614 mani,
465 1584 700 1622 quacumque
719 1573 806 1609 data
824 1573 1022 1609 intervalla
1037 1579 1175 1617 essent,
1193 1574 1437 1612 insinuabant

326 1635 476 1671 ordines
497 1648 597 1673 suos.
653 1637 744 1680 Qui,
766 1638 796 1673 si
817 1638 990 1674 universa
1008 1638 1088 1674 acie
1115 1638 1156 1674 in
1183 1637 1348 1675 frontem
1371 1640 1438 1677 ad-

325 1711 452 1735 versus
485 1701 710 1737 instructam
746 1701 973 1751 phalangem
1009 1703 1301 1746 concurrissent,
1335 1703 1437 1753 quod

324 1760 506 1809 Pehgnis,
528 1764 715 1814 principio
735 1777 872 1814 pugnae
892 1766 1042 1801 incaute
1066 1767 1277 1814 congressis
1304 1766 1436 1803 adver·

278 1847 283 1850 -
324 1836 386 1861 sus
414 1832 604 1869 caetratos,
627 1828 764 1871 evenit,
786 1828 996 1865 induissent
1017 1842 1057 1866 se
1085 1829 1217 1873 hastis,
1244 1843 1315 1868 nec
1343 1843 1436 1869 con-

107 2197 276 2236 Equitatus

107 2240 229 2280 integer
243 2240 294 2271 fu·

107 2284 162 2321 git.

324 1887 461 1926 sertam
480 1891 600 1927 aciem
620 1893 901 1929 sustinuissent.

377 1952 511 1990 XLII.
541 1954 719 1991 Ceterum
741 1956 840 1992 sicut
867 1957 1035 2006 peditum
1063 1957 1204 2007 passim
1232 1958 1349 1994 caedes
1369 1957 1435 1995 fie-

322 2016 431 2062 bant,
451 2019 525 2055 nisi
545 2020 609 2069 qui
629 2019 786 2070 abjectis
808 2022 920 2057 armis
938 2021 1117 2071 fugerunt
1129 2038 1140 2068 5
1173 2023 1225 2058 sic
1245 2023 1434 2072 equitatus

322 2092 442 2131 prope
467 2082 616 2132 integer
646 2096 776 2134 pugna
801 2086 974 2122 excessit.
1030 2085 1210 2136 Princeps
1239 2086 1340 2135 fugae
1368 2099 1435 2124 rex

324 2144 405 2195 ipse
437 2151 542 2182 erat:
568 2145 651 2196 jam
681 2160 703 2184 a
736 2148 868 2197 Pydna
899 2162 984 2186 cum
1013 2151 1127 2186 sacris
1161 2150 1228 2187 alis
1265 2152 1436 2201 equitum

324 2208 469 2246 Pellam
512 2211 693 2261 petebat;
739 2213 940 2250 confestim
983 2215 1169 2252 Costocus
1212 2215 1438 2266 sequebatur

326 2271 633 2325 Odrysarumque
670 2278 884 2327 equitatus:
928 2286 1073 2316 caeterae
1115 2292 1266 2331 quoque
1306 2279 1438 2318 Mace-
