1546 2648
345 142 500 173 mmm
524 139 654 169 x1211.
689 136 796 168 cAP.
818 140 985 171 XLvn.
1146 133 1231 188 369

110 236 296 284 prcecipue
315 233 554 273 Rhodiorum,
572 231 633 278 qui
649 230 734 277 plus
752 230 846 265 inter
864 230 958 266 alias
976 232 1137 269 civitates
1151 235 1230 282 dig·
1243 240 1283 271 U.
1298 241 1334 272 C.
1350 247 1423 274 581.

113 301 231 336 nitate
249 303 357 346 atque
375 295 498 344 opibus
516 294 714 331 excellant:
742 305 819 342 quae
835 305 937 330 serva
955 300 1062 344 atque
1081 297 1230 335 obnoxia
1240 285 1281 317 A·
1294 285 1330 316 C·
1349 290 1421 322 ¹⁷¹·

105 363 208 412 fore,
234 364 264 398 si
289 361 411 397 nullus
434 359 508 395 alio
534 359 595 400 sit,
617 369 724 405 quam
750 358 800 393 ad
824 357 1018 402 Romanos,
1040 367 1228 409 respectus.

112 427 239 476 Magis
260 431 296 461 et
314 424 434 461 literae
454 429 492 459 et
511 421 625 459 verba
644 421 855 470 legatorum
875 421 1039 471 benigne
1055 432 1144 460 sunt
1159 438 1226 462 au-

111 491 203 533 dita,
225 501 337 539 quam
364 493 599 524 momentum
622 485 669 522 ad
687 486 888 522 mutandos
909 487 1056 524 animos
1081 488 1226 526 habue-

108 561 218 591 runt:
250 554 446 604 potentior
472 564 552 588 esse
578 551 695 602 partis
725 549 890 587 melioris
913 552 1119 589 auctoritas
1147 566 1226 590 coe-

109 625 229 668 perat.
276 617 522 667 Responsum
552 628 599 651 ex
627 615 780 651 decreto
810 621 890 651 est:
939 616 1074 664 Optare
1097 629 1226 665 pacem

110 682 294 718 Rhodios:
321 683 352 718 si
377 681 508 716 bellum
534 684 635 721 esset,
656 691 700 715 ne
726 680 812 727 quid
829 679 873 715 ab
892 679 1047 716 Rhodiis
1063 686 1226 729 speraret

110 751 176 783 aut
197 751 338 794 peteret
361 757 437 787 rex,
458 745 553 792 quod
575 748 727 779 veterem
747 745 960 787 amicitiam,
981 746 1104 782 multis
1122 758 1224 794 magr

105 811 229 858 nisque
244 811 383 845 meritis
399 820 489 856 pace
507 809 665 855 belloque
680 813 841 856 partam,
859 807 1076 858 disjungeret
1094 809 1160 846 sibi
1178 810 1224 846 ab

107 872 292 909 Romanis.
335 871 396 908 Ab
416 870 559 907 Rhodo
578 870 791 914 redeuntes,
812 871 976 908 Boeotiae
996 885 1148 922 quoque
1162 873 1221 909 ci-

105 937 256 980 vitates,
273 942 311 972 et
329 935 496 977 Thebas,
514 940 551 970 et
573 934 813 978 Coronaeam,
831 941 869 970 et
888 935 1122 978 Haliartum,
1140 935 1221 972 adi-

105 1007 238 1038 erunt:
271 999 406 1051 quibus
433 1011 651 1049 expressum
678 998 807 1034 invitis
835 998 1146 1042 existimabatur,
1162 1004 1219 1043 ut,

103 1064 236 1101 relicta
280 1065 386 1113 regia
431 1063 627 1105 societate,
675 1062 863 1099 Romanis
909 1062 1219 1114 adjungerentur.

105 1127 280 1165 Thebani
309 1127 406 1164 nihil
433 1127 529 1163 moti
558 1132 671 1163 sunt:
705 1139 934 1176 quamquam
963 1126 1153 1172 nonnihil,
1181 1134 1219 1165 et

105 1192 292 1228 damnatis
314 1190 564 1241 principibus,
581 1196 619 1227 et
634 1191 819 1227 restitutis
838 1190 1045 1235 exsulibus,
1062 1204 1219 1229 succen-

103 1254 239 1292 sebant
252 1254 452 1292 Romanis.
510 1254 687 1290 Coronaei
704 1261 743 1290 et
758 1254 955 1298 Haliartii,
972 1255 1103 1292 favore
1123 1268 1218 1305 quo-

103 1319 189 1356 dam
217 1319 334 1354 insito
363 1319 402 1354 in
429 1330 552 1367 regeS,
573 1317 720 1366 legatos
749 1318 786 1353 in
813 1317 1087 1355 Macedoniam
1103 1320 1215 1360 misee

101 1387 204 1426 runt,
224 1382 438 1433 praesidium
465 1387 654 1431 petentes,
674 1393 750 1430 qno
777 1393 817 1417 se
843 1381 1017 1420 adversus
1037 1382 1215 1432 inpoten-

101 1453 178 1483 tem
198 1445 819 1496 superbiam.Thebanomm.tueri
846 1445 1007 1495 possint.
1065 1446 1136 1482 Cui
1160 1445 1215 1482 le-

103 1510 248 1558 gationi
268 1521 490 1559 responsum
517 1508 566 1545 ab
589 1521 678 1558 rege
698 1516 768 1552 est,
786 1511 994 1558 praesidium
1014 1523 1049 1547 se
1064 1516 1216 1560 propter

104 1576 264 1611 inducias
281 1586 360 1614 ciam
383 1574 553 1609 Romanis
561 1573 691 1622 factas
708 1577 851 1612 mittere
863 1588 932 1612 non
950 1588 1076 1623 posse:
1098 1581 1217 1612 tamen

99 1641 259 1682 suadere,
280 1641 333 1674 ita
359 1651 383 1674 α
415 1638 659 1675 Thebanorum
685 1638 837 1685 injuriis,
859 1652 927 1688 qua
944 1645 1100 1688 possent,
1122 1645 1161 1676 ut
1178 1652 1231 1686 se„

98 1705 336 1746 vindicarent,
356 1715 400 1739 ne
422 1704 599 1743 Romanis*
609 1704 810 1753 proeberent
827 1716 986 1746 caussam
1005 1706 1043 1741 in
1060 1717 1097 1741 se
1113 1707 1212 1742 soevi-

99 1768 192 1804 endi.

151 1831 319 1868 XLVII.
347 1830 526 1867 Marcius?
545 1836 582 1866 et
604 1830 743 1867 Atilius
763 1830 936 1868 Romam·
950 1845 1065 1881 quum
1080 1832 1209 1870 -venis-
1223 1843 1365 1878 Marcius

100 1902 196 1939 sent,
215 1895 445 1945 legationem
474 1896 513 1931 in
544 1895 738 1945 Capitolio
768 1897 823 1932 ita
851 1898 1137 1941 renunciarunt,
1168 1887 1415 1963 ιιῐιῐξξῗὲοεῖἓέη

96 1959 200 2002 nulla
218 1972 257 1996 re
276 1960 397 2008 magis
417 1959 684 2008 gloriarentur,
703 1973 814 2009 quam
839 1960 997 2011 decepto
1017 1974 1085 2011 pei·
1100 1962 1209 1999 indu-

98 2025 172 2060 cias
192 2030 231 2060 et
248 2036 352 2074 spem
372 2023 475 2073 pacis
494 2036 596 2071 rege.
640 2024 854 2060 Adeoenim
873 2026 1109 2073 adparatibus
1126 2026 1209 2062 belle·

91 2087 207 2136 fuisse
224 2090 452 2131 instructum,
469 2090 554 2136 ipsis
572 2089 684 2124 nulla
699 2118 702 2121 «
707 2093 844 2136 parata
869 2101 921 2132 re,
941 2093 983 2125 ut
1002 2091 1121 2126 omnia
1143 2102 1208 2139 op÷

97 2157 256 2201 portuna
285 2153 362 2189 loca
383 2155 630 2202 praeoccupari
654 2158 738 2189 ante
756 2154 800 2190 ab
827 2166 867 2190 eo
881 2156 1078 2202 potuerint,
1101 2167 1209 2203 quam

98 2217 269 2255 exercitus
295 2218 332 2257 in
361 2218 535 2255 Graeciam
561 2217 797 2264 trajiceretur.
855 2218 985 2268 Spatia
1010 2224 1128 2257 autem
1152 2221 1206 2261 inf

607 2282 646 2318 R
665 2282 686 2318 5
708 2318 711 2320 .
