1546 2648
274 112 362 175 584
610 124 636 147 ›'
710 129 957 162 tertona:

274 225 328 258 ter
346 222 502 258 consules
519 221 562 256 de
577 232 768 257 successore
788 221 826 257 C.
843 220 974 258 Caesari
998 221 1186 264 mittendo,
1205 226 1333 269 agen-te
1349 223 1386 258 in

272 291 396 322 senatu
428 286 482 322 M.
503 286 680 322 Marcello
713 287 865 329 consule,
896 291 937 322 ut
959 285 1076 322 Caesar
1104 287 1154 322 ad
1177 287 1386 334 petitionem

272 352 474 387 consulatus
492 352 638 394 veniret,
659 363 767 399 quum
785 353 815 387 is
834 353 909 399 lege
929 352 1006 387 lata
1024 353 1062 388 in
1081 353 1118 388 id
1146 356 1283 400 tempus
1300 363 1384 388 con-

270 416 408 452 sulatus
433 417 635 463 provincias
652 416 809 452 obtinere
828 417 979 460 deberet,
999 428 1122 465 resque
1140 429 1163 452 a
1181 417 1237 454 Μ.
1253 416 1383 457 Bibulo

270 481 308 516 in
327 479 435 528 Syria
450 485 568 529 gestas
586 482 754 517 continet.

770 576 878 614 CIX.

271 650 510 702 CAUSSAE
549 664 707 700 civilium
742 676 925 700 armorum
956 668 992 700 et
1022 665 1131 701 initia
1159 663 1381 713 referuntur,

267 729 572 777 contentionesque
593 730 636 764 (Ie
646 740 840 765 successore
861 729 899 765 C.
918 729 1049 765 Caesari
1071 731 1258 772 mittendo,
1275 743 1383 779 quum

265 804 302 828 se
320 794 548 829 dimissurum
567 795 738 829 exercitus
756 798 913 841 negaret,
939 796 1008 830 nisi
1026 807 1049 830 a
1070 794 1240 842 Pompeio
1259 796 1383 831 divinita

267 860 436 893 terentur.
494 858 545 893 Et
576 857 615 893 C.
638 857 802 893 Curionis
832 858 964 894 tribuni
995 858 1107 907 plebis
1132 861 1289 906 primum
1315 860 1382 895 ad-

265 933 384 958 versus
418 914 604 965 Caesare'nz,
639 923 721 958 dein
748 935 815 970 pro
849 922 986 958 Caesare
1021 925 1176 959 actiones
1213 925 1381 960 eontinet:

268 985 387 1026 Quum
404 986 748 1022 senatusconsultum
765 985 915 1034 sactum
933 990 1031 1027 esset,
1054 991 1094 1022 ut
1110 995 1284 1022 successor
1304 987 1381 1023 Coe-

263 1051 337 1086 sari
356 1051 571 1093 mitteretur,
589 1051 643 1086 M.
653 1051 814 1086 Antonio
832 1056 867 1085 et
888 1051 930 1090 Q.
947 1050 1066 1085 Cassio
1086 1051 1236 1087 tribunis
1253 1051 1377 1099 plebis,

264 1114 431 1162 quoniam
461 1114 764 1150 intercessionibus
792 1115 830 1150 id
851 1116 1192 1150 senatusconsultum
1218 1117 1378 1162 impedies

264 1177 363 1220 bant,
384 1177 468 1213 urbe
493 1179 619 1226 pulsis,
640 1179 853 1214 mandatum
873 1183 925 1213 est
944 1191 966 1213 a
982 1183 1107 1214 senatu
1129 1179 1326 1216 consulibus
1343 1183 1379 1216 et

262 1241 330 1277 Cn.
345 1242 531 1290 Pompeio,
548 1248 589 1278 ut
605 1244 774 1284 viderent,
793 1254 837 1278 ne
852 1243 939 1290 quid
956 1243 1154 1290 respublica
1174 1244 1379 1280 detrimenti

262 1311 414 1354 caperet.
475 1308 513 1343 C.
536 1307 666 1350 Ccesar,
699 1307 790 1343 bello
819 1309 979 1343 inimicos
1006 1314 1264 1355 persecuturus,
1298 1321 1378 1346 cum

261 1373 416 1408 exercitu
442 1373 478 1407 in
499 1372 648 1407 Italiam
674 1373 796 1408 venit:
826 1372 1017 1419 Corfinium
1044 1385 1121 1408 cuni
1148 1373 1192 1408 L.
1209 1373 1378 1410 Domitio

262 1439 300 1470 et
326 1435 371 1471 L.
392 1435 546 1471 Lentulo
576 1437 681 1483 cepit,
713 1447 838 1482 eosque
867 1437 1012 1471 dimisit.
1078 1436 1141 1472 Cn.
1164 1436 1376 1485 Pompeium

262 1504 459 1548 ceterosque
473 1501 637 1548 partium
656 1498 729 1546 ejus
748 1500 862 1536 Italia
881 1501 1030 1548 expulit.

771 1595 857 1632 CX.

268 1666 325 1718 C.
346 1681 532 1718 CAESAR
560 1682 777 1725 Massiliam,
811 1695 889 1730 quae
922 1688 1048 1730 portas
1078 1684 1147 1731 ipsi
1181 1684 1373 1728 clauserat,

262 1741 395 1781 obsedit
408 1762 419 1781 .·
448 1751 494 1789 et,
525 1748 657 1782 relictis
686 1749 723 1783 in
752 1747 930 1783 obsidione
956 1747 1048 1783 urbis
1068 1746 1141 1790 ejus
1160 1749 1299 1795 legatis,
1333 1748 1372 1785 C.

265 1810 436 1846 Trebonio
468 1816 503 1846 et
535 1811 589 1846 D.
611 1811 741 1853 Bruto,
778 1811 962 1859 profectus
997 1813 1034 1847 in
1067 1813 1295 1860 Hispaniam,
1327 1812 1372 1848 L.

259 1870 456 1921 Afranium
481 1878 516 1909 et
535 1874 589 1910 M.
609 1874 805 1916 Petreium,
838 1875 972 1922 legatos
1001 1874 1064 1910 Cn.
1089 1875 1263 1923 Pompeii,
1294 1887 1374 1912 cum

259 1942 390 1985 septem
425 1937 619 1985 legionibus
650 1939 698 1973 ad
725 1938 884 1974 Ilerdam
913 1940 949 1974 in
978 1939 1191 1974 deditionem
1221 1941 1370 1987 accepit,

260 2012 445 2049 omnesque
475 2002 667 2038 incolumes
703 2002 850 2044 dimisit,
893 2002 1052 2038 Varrone
1087 2014 1223 2051 quoque
1254 2003 1372 2050 legato

260 2068 427 2116 Pompeii
459 2080 537 2104 cuin
571 2069 724 2103 exercitu
755 2068 793 2103 in
832 2072 1043 2115 potestatem
1078 2079 1177 2103 suam
1214 2068 1374 2106 redacto.

267 2133 460 2169 Gaditanis
488 2133 670 2168 civitatem
700 2131 809 2167 dedit.
866 2132 1117 2174 Massilienses,
1146 2131 1280 2168 duobus
1306 2144 1372 2168 na-

257 2197 398 2234 valibus
422 2197 557 2245 proeliis
573 2198 672 2239 victi,
698 2200 782 2244 post
801 2197 943 2243 longam
963 2196 1175 2232 obsidionem
1200 2198 1373 2244 potestati

262 2262 409 2298 Caemrz‘s
425 2272 460 2297 se
484 2261 731 2308 permiserunt.
783 2259 822 2296 C.
838 2261 1029 2305 Antonius,
1052 2262 1189 2310 legatus
1209 2260 1369 2303 Caesaris,
