1546 2648
327 158 412 212 448
489 206 494 211 ‚
788 169 834 198 T.
859 168 992 199 mvn

189 258 228 291 C.
245 256 475 295 5⁸4·Decem
500 262 684 308 praeterea
709 256 829 294 millia
856 257 1024 308 peditum
1050 256 1236 306 imperata
1253 256 1380 300 sociis,
1400 262 1439 292 et

190 303 543 371 ⁰·¹⁶⁸·octingenti
579 323 735 371 equiteS.
800 322 849 367 Id
882 322 1045 373 praesidii
1081 321 1251 358 additum
1286 321 1440 364 Anicio,

328 393 467 438 praeter
484 387 575 427 duas
600 386 787 436 legiones,
820 399 912 437 quas
934 393 1086 437 portare
1115 386 1155 421 in
1173 385 1442 422 Macedoniam

330 457 387 489 est
399 451 543 502 jussus,
560 454 676 503 quina
687 451 806 488 millia
823 451 993 502 peditum
1005 457 1043 487 et
1058 451 1222 487 ducenos
1240 448 1440 492 habentes,

328 522 503 554 trecenos
533 519 701 567 equites:
735 523 774 552 et
801 517 841 552 in
861 515 1018 552 classem
1042 516 1208 567 qu'inque
1237 513 1357 551 millia
1374 525 1442 550 na-

327 580 468 618 valium
489 582 634 618 socifim
655 587 743 618 sunt
759 581 911 630 scripta.
954 579 1125 616 Licinius
1146 578 1278 615 consul
1297 577 1442 614 duabus

327 643 542 693 legionibus
573 645 747 680 obtinere
776 643 1010 694 provinciam
1039 642 1195 693 jussus:
1229 654 1274 678 eo
1307 640 1443 677 addere

328 709 518 744 sociorum
532 708 659 744 decem
679 707 798 744 millia
815 707 999 756 peditum,
1017 713 1054 742 et
1069 711 1267 743 sexcentos
1284 705 1442 753 equites.

135 768 307 818 LAEmffii
381 771 519 808 XXII.
574 770 921 808 senatusconsultis
958 770 1151 820 perfectis,
1188 769 1235 805 L.
1261 767 1441 806 AEmilius

134 819 244 846 ⁰¹³⁰&
328 835 460 873 consul
481 848 500 871 e
519 837 623 872 curia
641 837 680 872 in
698 836 921 872 concionem
940 836 1139 885 processit,
1154 834 1442 882 orationemque

327 902 442 939 talem
462 901 607 938 habuit.
638 901 946 938 Animadvertisse
973 903 1111 945 videor,
1134 902 1303 943 Quirites,
1325 897 1441 945 majo-

325 979 401 1004 rem
433 967 534 1009 mihi,
569 968 695 1002 sortito
721 966 978 1002 Macedoniam
1006 968 1244 1014 provinciam,
1275 966 1443 1013 gratula-

328 1034 458 1069 tionem
476 1031 638 1080 factam,
660 1044 765 1079 quam
786 1043 895 1080 quum
915 1036 979 1066 aut
1006 1031 1127 1066 consul
1153 1042 1257 1065 essem
1277 1030 1442 1065 consalu-

327 1102 439 1140 tatus,
459 1101 524 1132 aut
553 1108 621 1144 quo
642 1097 699 1131 die
728 1098 981 1143 magistratum
1011 1096 1176 1130 inissem:
1203 1105 1316 1141 neque
1343 1094 1382 1129 id
1401 1094 1442 1129 ob

326 1162 439 1197 aliam
468 1172 640 1203 caussam,
672 1172 781 1208 quam
809 1162 894 1208 quia
921 1159 1012 1195 bello
1042 1160 1078 1194 in
1097 1158 1328 1200 Macedonia,
1349 1159 1444 1205 quod

326 1225 389 1260 diu
427 1223 598 1265 trahitur,
646 1225 872 1259 existimastis
913 1223 1060 1270 dignum
1094 1220 1282 1268 majestate
1313 1221 1444 1269 populi

330 1287 487 1323 Romani
515 1288 648 1322 exitum
673 1299 740 1335 per
769 1299 826 1322 me
855 1288 980 1334 inponi
1009 1297 1121 1334 posse.
1176 1285 1280 1321 Deos
1307 1296 1444 1333 quoque

327 1351 409 1387 huic
426 1350 567 1400 favisse
594 1352 682 1386 sorti
709 1363 826 1398 spero,
856 1351 1062 1398 eosdemque
1090 1351 1126 1385 in
1156 1349 1258 1384 rebus
1281 1349 1443 1395 gerendis

326 1414 517 1464 adfuturos
543 1426 624 1450 esse.
680 1415 771 1451 Haec
794 1416 933 1462 partim
952 1414 1108 1462 opinari,
1137 1414 1273 1461 partim
1297 1424 1441 1461 sperare
1488 1427 1498 1437 ·

319 1491 477 1529 possum.
534 1479 636 1514 Illud
663 1479 858 1528 adfirmare
882 1491 951 1527 pro
981 1483 1077 1515 certo
1105 1478 1213 1514 habeo
1241 1477 1438 1525 audeoque,

323 1554 380 1579 me
398 1545 495 1579 omni
514 1555 579 1592 ope
597 1543 807 1579 adnisurum
825 1554 908 1585 esse,
928 1554 972 1578 ne
989 1542 1138 1591 frustra
1154 1553 1214 1577 vos
1233 1541 1324 1577 hanc
1341 1552 1441 1589 spem

326 1607 370 1642 de
387 1619 442 1644 me
460 1608 701 1656 conceperitis.
760 1606 847 1647 Quae
865 1607 915 1642 ad
941 1606 1072 1642 bellum
1091 1618 1177 1654 opus
1203 1610 1300 1648 sunt,
1328 1609 1364 1641 et
1387 1616 1440 1640 se-

324 1675 431 1706 natus
449 1671 618 1714 decrevit,
638 1675 673 1706 et
695 1671 882 1718 (quoniam
903 1670 1080 1718 extemplo
1099 1670 1277 1718 prqficisci
1301 1669 1437 1718 placet,

325 1745 439 1782 neque
456 1746 520 1782 ego
538 1736 575 1770 in
593 1746 698 1770 mora
714 1733 809 1779 sum)
834 1733 871 1770 C.
892 1733 1055 1770 Licinius
1079 1734 1229 1781 collega,
1257 1734 1314 1769 vir
1338 1743 1438 1780 egre-

321 1799 416 1844 gius,
437 1810 534 1846 etque
551 1799 642 1834 enise
667 1799 827 1846 parabit,
848 1811 891 1834 ac
908 1800 938 1834 si
957 1800 1031 1846 ipse
1057 1799 1094 1834 id
1122 1798 1252 1833 bellum
1276 1800 1440 1844 gesturus

323 1867 421 1899 esset.
483 1863 563 1905 Vos,
585 1874 662 1910 quae
679 1863 849 1910 scripsero
873 1864 1027 1905 senatui,
1058 1867 1121 1898 aut
1148 1861 1257 1903 vobis,
1278 1862 1439 1896 credite:

322 1937 481 1962 rumores
509 1926 722 1962 credulitate
749 1929 866 1961 vestra
894 1938 938 1961 ne
965 1926 1086 1968 alatis,
1125 1937 1276 1973 quorum
1311 1929 1438 1961 auctor

322 2002 426 2026 nemo
444 1990 606 2027 exstabit.
636 1998 638 2000 ’
662 1990 762 2026 Nam
787 2001 880 2026 nunc
904 1990 1058 2037 quidem,
1089 1990 1184 2038 quod
1212 1989 1317 2036 vulgo
1331 1989 1433 2037 fieri,

322 2055 388 2091 hoc
412 2056 591 2103 proecipue
610 2054 714 2097 bello,
735 2055 988 2097 animadverti,
1008 2065 1110 2089 nemo
1131 2058 1205 2089 tam
1213 2052 1332 2101 famoe
1350 2064 1434 2089 con·

324 2123 452 2154 temtor
469 2124 534 2161 est,
555 2118 653 2165 cujus
670 2131 740 2155 non
759 2119 940 2156 debilitari
959 2119 1099 2154 animus
1122 2119 1247 2165 possit.
1295 2117 1339 2152 In
1359 2129 1434 2152 om-

319 2181 422 2218 nibus
440 2183 594 2225 circulis,
615 2188 723 2230 atque
746 2185 856 2219 etiam
877 2184 924 2230 (si
942 2183 1029 2218 Diis
1052 2182 1190 2230 placet)
1214 2183 1251 2217 in
1270 2181 1437 2217 conviviis

317 2251 414 2299 sunt,
436 2248 497 2296 qui
521 2249 694 2284 exercitas
714 2250 750 2284 ὶη
768 2247 1023 2284 Macedoniam
1043 2248 1177 2283 ducant
1190 2262 1204 2291 ,-
1233 2245 1291 2282 uhi
1316 2249 1434 2282 castra

319 2311 470 2348 locanda
497 2313 582 2356 sint,
610 2315 725 2350 sciant
738 2329 752 2358 ,·
790 2324 867 2361 (μα’
888 2313 964 2350 loca
990 2312 1170 2361 praesidiis
1198 2311 1433 2360 occupanda,-

132 259 177 291 U.

131 304 177 336 A.
