1546 2648
423 127 633 158 mnsson.
658 126 882 158 DEPERD·
1115 127 1199 172 597

518 258 753 296 CXXXIX.

92 333 339 388 BELLUM
362 345 530 382 adversus
560 345 852 382 Transrhenanas
878 352 1001 394 gentes
1032 361 1054 385 a
1080 350 1205 387 Druso

85 418 226 463 gestum
256 411 443 461 rqfertur:
473 412 508 446 in
541 422 610 458 quo
634 412 728 447 inter
755 413 928 459 primores
953 420 1206 462 pugnaverunt

89 477 273 513 Senectius
299 480 335 512 et
359 475 530 510 Anectius
562 473 706 517 tribuni,
737 487 779 511 ex
803 477 950 512 civitate
980 478 1205 516 Nerviorum.

88 540 290 576 Dalmatas
318 543 353 575 et
379 539 586 575 Pannonios
608 539 719 582 Nero,
738 539 866 589 frater
894 541 1027 585 Drusi,
1056 543 1206 591 subegit.

89 605 173 641 Pax
191 616 271 640 cum
289 603 440 640 Parthis
456 602 569 651 facta
587 608 651 646 est,
670 606 782 652 signis
809 618 833 642 a
857 618 940 654 rege
967 619 1102 651 eorum,
1130 620 1208 656 quae

88 670 150 707 sub
172 670 311 714 Crasso,
339 674 375 706 et
405 674 531 719 postea
559 669 621 706 sub
646 671 805 707 Antonio
833 676 942 720 capta
972 677 1087 716 erant,
1124 673 1206 709 red-

90 735 189 771 ditis.

589 829 709 867 CXL.

92 903 340 956 BELLUM
363 920 530 955 adversus
554 919 814 955 Germanorum
846 924 945 955 trans
964 917 1132 954 Rhenum
1157 919 1207 955 ci-

90 985 233 1026 vitates,
257 988 397 1031 gestum
416 995 439 1019 a
460 984 599 1025 Druso,
619 981 788 1030 refertur.
847 983 928 1030 Ipse
954 995 997 1018 ex
1013 981 1206 1031 fractura,

92 1059 181 1095 equo
207 1059 311 1095 super
335 1058 415 1083 crus
442 1044 515 1092 ejus
536 1047 705 1094 collapso,
735 1038 908 1082 tricesimo
934 1047 1005 1087 die,
1033 1057 1142 1093 quam
1170 1046 1211 1081 id

93 1111 287 1153 acciderat,
307 1115 468 1146 mortuus
491 1114 554 1146 est.
612 1109 749 1157 Corpus
767 1122 790 1145 a
809 1109 951 1145 Nerone
968 1107 1111 1157 fratre,
1131 1109 1208 1157 qui,

93 1177 224 1212 nuncio
254 1175 471 1210 valetudinis
501 1178 679 1217 evocatus,
711 1175 848 1222 raptim
876 1174 1100 1215 adcurrerat,
1131 1173 1208 1209 Ro-

92 1252 189 1277 mam
227 1244 445 1288 pervectum,
491 1244 528 1276 et
561 1241 598 1276 in
633 1239 672 1275 C.
705 1239 800 1276 Jalii
842 1238 978 1274 tumulo
1014 1238 1208 1274 conditum.

94 1304 285 1341 Laudatus
312 1309 363 1341 est
391 1317 414 1341 a
446 1305 583 1342 Coesare
607 1305 772 1353 Augusto
800 1304 942 1349 vitrico,
975 1307 1010 1340 et
1036 1303 1209 1352 supremis

92 1366 169 1414 eJ‘us
192 1370 314 1418 plures
332 1368 481 1408 honores
499 1370 630 1407 additi.
1114 1367 1119 1372 '
