1546 2648
335 150 416 192 182
463 171 467 178 ·
833 162 879 192 T.
910 162 1045 194 mvn

131 242 227 318 {Lg-
242 248 437 318 ⁵3⁷·modo
464 255 597 300 praeter
623 263 722 300 spem
750 258 894 301 repente
920 257 1231 301 manumissorum,
1262 259 1445 298 licentiam

163 308 172 317 ⁹
215 309 224 318 '
243 295 257 319 l
286 295 316 319 ⁵.
329 319 424 354 vocis
450 322 484 354 et
514 318 644 365 linguae
669 320 836 366 experiri,
856 324 892 354 et
899 318 1048 365 jactare
1064 333 1137 358 sese
1164 323 1451 361 insectatione'et

328 382 491 418 convitiis
510 381 745 417 dominorum.
793 381 927 418 Elatus
945 383 1081 421 deinde
1097 385 1153 421 ira
1172 385 1324 436 adjecit,
1343 388 1447 424 Non-

328 446 415 482 dum
451 446 610 480 omnium
635 445 776 480 dierum
802 446 912 482 solem
940 449 1117 485 occidisse.
1173 448 1218 485 Id
1248 451 1448 487 minaciter

326 509 485 552 dictum,
503 521 592 547 nour
608 507 783 545 Thessali
811 510 925 546 modo
955 511 994 547 in
1015 524 1109 556 sese,
1130 513 1196 549 sed
1225 515 1340 550 etiam
1359 514 1446 551 Ro-

324 573 428 610 mani
448 577 698 623 acceperunt:
732 580 770 609 et
782 586 898 622 quum
917 574 1090 612 fremitus
1111 583 1198 626 post
1213 590 1295 615 eam
1312 591 1444 616 vocem

326 644 447 680 ortus,
468 643 506 673 et
530 636 685 672 tandem
714 637 865 674 sedatus
895 646 1007 682 esset,
1038 640 1327 678 Perrhaeborum
1356 643 1444 679 inde

324 703 659 750 Athamanumque
673 700 807 750 legatis
825 703 1034 752 respondit,
1053 705 1244 748 Eamdem,
1262 707 1306 742 de
1320 707 1444 755 quibus

325 767 382 802 illi
400 770 525 813 agant,
553 767 753 801 civitatium
781 778 941 803 caussam
965 780 1060 804 esse:
1089 771 1266 806 consulem
1285 771 1445 807 Acilium

324 836 358 866 et
378 830 560 865 Romanos
580 829 644 864 sibi
664 830 798 865 dedisse
823 842 894 873 eas,
916 844 1025 880 quum
1045 833 1196 870 hostium
1222 839 1344 870 essent.
1402 835 1445 872 Si

322 906 426 930 suum
446 905 584 934 munus,
606 894 668 941 qni
686 894 875 937 dedissent,
893 896 1050 931 adimere
1068 898 1193 939 velint,
1213 900 1303 934 scire
1319 910 1368 940 se,
1386 911 1442 935 ce-

325 958 480 994 dendum
498 968 569 992 esse
581 973 593 992 .·
620 957 683 992 sed
699 958 837 993 meliori
852 970 896 993 ac
902 959 1069 1008 fideliori
1087 963 1215 1003 amico,
1232 963 1270 998 z'n
1282 964 1443 1009 gratiam

325 1023 456 1057 levium
474 1026 509 1057 et
536 1022 718 1057 inutilium
746 1024 936 1065 sociorum,
958 1022 1127 1070 injuriam
1146 1037 1203 1061 eos
1220 1038 1290 1061 esse
1308 1026 1440 1075 factu-

323 1099 392 1123 ros.
436 1086 514 1122 Nec
532 1088 624 1122 enim
639 1087 747 1122 ullius
763 1089 813 1122 rei
830 1089 945 1123 minus
959 1089 1170 1125 diuturnam
1185 1102 1255 1126 esse
1265 1092 1439 1139 gratiam,

324 1163 432 1199 quam
459 1150 657 1186 libertatis:
683 1153 879 1198 praesertim
903 1153 1003 1200 apud
1027 1165 1095 1195 eos,
1117 1155 1178 1202 qui
1196 1155 1291 1190 male
1310 1157 1442 1192 utendo

129 1227 262 1265 Legato-
324 1227 401 1251 eam
423 1217 632 1263 conrupturi
655 1217 739 1251 sint.
796 1215 941 1252 Caussa
970 1218 1138 1265 cognita,
1165 1219 1442 1267 pronunciave-

130 1269 268 1343 ἒῗεῐῖἶιᾶῐῃῦ·
326 1286 414 1314 runt
442 1277 572 1327 legati,
604 1280 769 1322 Placere,
791 1281 919 1316 deduci
945 1282 1112 1328 praesidia
1132 1281 1372 1318 Macedonum
1401 1295 1443 1319 ex

326 1344 370 1379 iis
398 1343 553 1385 urbibus,
593 1348 626 1379 et
659 1345 817 1392 antiquis
846 1344 1073 1380 Macedoniae
1103 1347 1264 1382 terminis
1295 1358 1443 1394 regnum

310 1407 430 1456 finiri.
533 1419 551 1442 e
570 1405 724 1453 injuriis,
745 1420 832 1456 quas
849 1408 945 1443 ultro
965 1409 1124 1456 citroque
1144 1410 1277 1445 inlatas
1289 1422 1442 1457 queran-

325 1476 397 1513 tur,
420 1483 488 1519 quo
507 1472 611 1507 modo
638 1473 731 1507 inter
755 1484 814 1507 eas
830 1476 952 1519 gentes
976 1477 1011 1508 et
1029 1472 1250 1509 Macedonas
1269 1475 1443 1523 discepte-

325 1539 397 1577 tur,
407 1534 613 1584 formulam
623 1534 720 1582 juris
739 1538 946 1584 exsequendi
965 1538 1248 1574 constituendam
1266 1550 1348 1575 esse.

133 1612 282 1644 Querelae
377 1599 554 1635 XXVII.
584 1599 692 1642 Inde,
723 1600 888 1649 graviter
916 1599 1078 1636 obfenso
1107 1613 1210 1649 rege,
1234 1601 1440 1638 Thessalo-

129 1657 309 1704 legatorum
323 1664 434 1700 nicen
448 1664 493 1700 ad
514 1664 820 1713 cognoscendum
834 1664 880 1700 de
897 1663 1072 1702 Thraciae
1093 1665 1249 1702 urbibus
1268 1666 1441 1717 proficis-

129 1701 286 1772 ἒένῗ-ιξῖὲῗ
323 1735 481 1764 cuntur:
516 1728 568 1764 ibi
597 1727 712 1776 legati
744 1728 947 1764 Eumenis:
981 1729 1023 1765 Si
1053 1729 1182 1765 liberas
1210 1742 1280 1766 esse
1297 1731 1438 1767 AEnum

127 1788 189 1859 {ig}
200 1785 288 1815 urbi·
321 1797 357 1829 et
375 1793 590 1829 Maroneam
614 1793 725 1828 velint
744 1793 914 1835 Romani,
936 1793 1028 1829 nihil
1051 1795 1107 1830 sui
1121 1794 1274 1842 pudoris
1292 1806 1364 1831 esse
1381 1796 1438 1831 ul-

192 1851 199 1858 “
322 1862 380 1893 tra
399 1858 529 1899 dicere,
551 1868 658 1904 quam
678 1861 719 1892 ut
737 1857 967 1899 admoneant,
988 1869 1038 1900 re,
1060 1869 1129 1893 non
1149 1858 1265 1901 verbo,
1280 1870 1337 1894 eos
1353 1859 1439 1895 libe-

320 1933 377 1956 ros
394 1922 611 1968 relinquunt,
632 1932 695 1956 nec
717 1932 821 1956 suum
850 1932 977 1956 munus
995 1923 1160 1969 intercipi
1178 1922 1222 1957 ab
1240 1923 1315 1958 alio
1336 1924 1438 1970 pati·

318 1989 437 2020 antur.
483 1984 547 2020 Sin
568 1989 690 2020 autem
709 1986 824 2020 minor
838 1997 924 2020 cura
938 1986 984 2020 sit
1004 1987 1202 2022 civitatium
1224 1987 1259 2021 in
1281 1986 1438 2023 Thracia

314 2050 530 2096 positarum,
550 2049 664 2084 multo
685 2049 802 2084 verius
819 2060 901 2091 esse,
919 2061 997 2096 quae
1014 2049 1075 2085 sub
1090 2049 1266 2086 Antiocho
1273 2049 1434 2098 suerint,

312 2114 465 2160 praemia
486 2112 568 2148 belli
587 2112 795 2154 Eumenem,
817 2125 922 2160 quam
946 2113 1170 2161 Philippum,
1202 2113 1351 2157 }1‹1bere,·
1379 2116 1436 2151 vel

311 2188 380 2223 pro
405 2177 523 2224 patris
541 2175 663 2212 Attali
690 2177 828 2211 meritis
852 2176 956 2218 bello,
978 2177 1074 2225 quod
1102 2178 1270 2213 adversus
1289 2177 1433 2226 Philip-

308 2252 397 2288 pum
428 2241 541 2288 ipsum
559 2240 706 2287 gesserit
730 2240 888 2288 populus
907 2240 1116 2277 Romanus:
1144 2242 1199 2277 vel
1225 2242 1311 2284 suis,
1338 2241 1433 2290 quod

306 2304 481 2341 ,Antiochi
500 2304 590 2341 bello
606 2309 702 2340 terra
721 2306 883 2354 marique
908 2305 1084 2342 laboribus
1097 2306 1336 2355 periculisque
1355 2318 1431 2342 om-

1520 2286 1533 2302 Q
