1546 2648
307 161 386 201 140
757 165 801 193 τ.
824 165 955 195 mvn

107 249 197 280 U·C·
216 256 287 281 ⁵6⁵·
302 250 347 286 ab
364 251 543 288 Antiocho
562 254 708 290 cultum.
756 255 985 291 Dictatorem
1003 267 1083 292 eum
1101 257 1250 300 consuli,
1271 269 1339 293 non
1360 258 1411 294 le·

106 293 145 323 Α·
160 293 199 324 C’
218 300 442 361 ¹⁸⁷'gatum,
463 317 499 351 in
518 319 706 364 provincia
719 317 839 366 fuisse
849 336 861 363 ‚·
890 331 952 355 nec
972 321 1020 356 cul
1038 321 1149 356 aliam
1168 333 1240 356 rem
1260 333 1300 357 eo
1323 334 1412 369 pro-

290 377 448 427 fectum,
471 394 579 428 quam
606 387 659 424 ut,
687 384 725 418 id
753 385 845 431 quod
862 385 1062 432 Hispaniae,
1096 386 1239 428 Gallice,
1260 385 1409 428 Sicilioe,

299 442 439 491 Africae
443 443 666 493 jampridem
678 459 886 494 persuasum
898 454 996 491 esset,
1011 449 1075 485 hoc
1092 449 1237 485 Graeciae
1249 450 1412 497 Asiaeque

300 512 336 543 et
354 509 510 546 omnibus
539 512 589 546 ad
607 514 775 548 orientem
800 514 907 548 versis
934 513 1071 561 regibus
1087 514 1316 562 gentibusque
1344 514 1410 549 ad·

297 577 443 619 pareret
456 589 466 615 ‚·
494 586 601 609 unum
620 574 794 610 hominem
810 581 921 623 caput
935 577 1162 623 columenque
1176 578 1320 625 imperii
1335 576 1410 612 Ro-

301 638 401 672 mani
420 649 490 674 esse
503 655 515 674 .-
542 639 604 674 sub
623 640 749 675 umbra
768 641 945 687 Scipionis
963 642 1141 676 civitatem
1158 641 1338 675 dominam
1352 652 1412 676 or-

301 701 352 736 bis
372 706 549 738 terrarum
577 703 688 738 latere
701 718 713 739 :
740 708 865 739 nutum
891 702 965 749 ejus
988 716 1053 751 pro
1073 704 1222 738 decretis
1243 703 1411 746 Putrum,

298 775 367 811 pro
383 766 511 812 populi
527 763 635 810 jussis
653 777 747 801 esse:
776 765 932 802 infamia
958 766 1141 802 intactum
1161 766 1315 808 invidia,
1336 779 1411 815 qua

300 834 475 876 possunt,
494 835 642 877 urgent.
699 829 948 866 Orationibus
972 830 1011 866 in
1029 836 1179 865 noctem
1203 829 1408 879 perductis,

301 891 475 941 prodicta
493 893 571 929 dies
601 899 680 929 est:
714 893 777 930 ubi
801 906 845 930 ea
873 895 989 937 venit,
1019 893 1161 929 tribuni
1191 893 1229 929 in
1257 892 1408 929 Rostris

301 956 422 1005 prima
436 956 520 993 luce
535 958 799 994 consederunt.
847 958 995 994 Citatus
1012 970 1094 994 reus
1109 970 1247 1006 magno
1259 958 1410 1006 agmine

303 1019 508 1056 amicorum
539 1019 808 1070 clientiumque
836 1033 903 1071 per
931 1020 1091 1057 mediam
1121 1021 1343 1056 concionem
1363 1020 1411 1056 ad

109 1074 266 1146 Sgipionis
302 1082 446 1119 Rostra
477 1083 592 1119 subiit
608 1098 614 1119 :
648 1084 873 1133 silentioque
902 1083 1019 1127 facto,
1049 1085 1142 1126 Hoc,
1172 1084 1308 1132 inquit,
1339 1085 1410 1127 die,

110 1127 268 1190 ῗυῐξοοῖἓζ
304 1147 436 1183 tribuni
453 1148 575 1195 plebis,
595 1160 722 1196 vosque
743 1149 913 1191 Quirites,
935 1161 1014 1184 cum
1034 1148 1240 1184 Hannibale
1259 1152 1292 1183 et
1312 1147 1411 1183 Kar-

111 1203 163 1233 tio.
305 1211 581 1259 tliaginiensibus
593 1213 702 1260 signis
716 1214 878 1254 conlatis,
897 1215 934 1249 in
950 1212 1080 1262 Africa
1096 1213 1180 1249 bene
1197 1225 1240 1248 ac
1248 1212 1412 1260 feliciter

297 1278 470 1324 pugnavi.
516 1277 658 1325 Itaque,
680 1290 787 1325 quum
807 1277 909 1314 hodie
929 1278 1046 1314 litibus
1060 1283 1094 1313 et
1102 1276 1236 1324 jurgiis
1253 1288 1410 1324 superse-

300 1339 376 1375 deri
393 1351 529 1387 (equum
547 1341 607 1382 sit,
625 1352 688 1388 ego
703 1341 784 1376 hinc
798 1342 973 1389 extemplo
990 1343 1025 1376 in
1044 1340 1257 1388 Capitolium
1279 1341 1328 1375 ad
1342 1339 1410 1376 Jo-

300 1415 376 1439 vem
397 1406 570 1452 optimum
599 1407 794 1441 maximum
812 1406 1059 1453 Junonemque
1086 1410 1119 1440 et
1139 1405 1337 1440 Minervam
1355 1416 1411 1440 ce-

303 1472 462 1516 terosque
480 1469 593 1513 Deos,
614 1473 674 1519 qui
696 1471 876 1520 Capitolio
903 1476 1012 1519 atque
1029 1473 1105 1507 arci
1128 1471 1333 1519 praesident,
1352 1483 1410 1506 sa-

304 1533 468 1568 lutandos
488 1533 567 1569 ibo:
597 1535 718 1582 hisque
733 1537 874 1583 gratias
901 1548 1023 1582 agam,
1055 1536 1149 1583 quod
1177 1535 1266 1570 mihi
1285 1539 1320 1570 et
1348 1534 1413 1570 hoc

302 1597 377 1643 ipso
397 1598 468 1639 die,
489 1602 524 1633 et
542 1610 632 1645 soepe
649 1600 755 1640 alias,
772 1601 908 1646 egregie
923 1599 1124 1646 reipublicae
1135 1599 1298 1645 gerenda>
1313 1610 1411 1634 meri-

302 1664 371 1696 tem
389 1660 680 1709 facultatemque
709 1663 895 1698 dederunt.
957 1663 1117 1698 VestrzZm
1143 1674 1278 1710 quoque
1292 1661 1414 1708 quibus

302 1727 523 1762 commodum
542 1731 606 1769 est,
628 1729 677 1763 ite
702 1739 852 1769 mecum,
875 1727 1044 1768 Quirites,
1067 1731 1101 1762 et
1119 1731 1220 1761 orate
1238 1726 1351 1767 Deos,
1372 1730 1413 1761 ut

301 1791 371 1826 mei
388 1792 520 1826 similes
537 1793 716 1839 principes
735 1792 893 1828 habeatis
905 1807 918 1827 .·
946 1794 1011 1833 ita,
1031 1793 1061 1827 si
1080 1791 1123 1826 ab
1142 1793 1242 1826 annis
1259 1795 1410 1838 septem-

303 1854 415 1889 decim
435 1855 482 1889 ad
499 1860 709 1891 senectutem
738 1867 874 1903 semper
892 1867 951 1890 vos
970 1859 1108 1890 (etatem
1130 1866 1242 1889 meum
1266 1854 1409 1889 honori-

302 1917 364 1952 bus
384 1919 504 1953 vestris
531 1920 706 1960 anteistis,
728 1930 790 1965 ego
808 1922 938 1954 vestros
967 1918 1112 1953 honores
1132 1917 1231 1952 rebus
1247 1919 1412 1964 gerendis

110 1982 230 2031 Concio
300 1984 472 2029 proecessi.
530 1982 590 2017 Ab
610 1982 761 2018 Rostris
790 1983 828 2017 in
850 1981 1079 2032 Capitolium
1111 1980 1303 2016 adscendit
1319 1997 1326 2015 :
1359 1982 1409 2016 si·

110 2034 248 2106 gsstffi·
305 2045 381 2081 mul
401 2058 439 2081 se
462 2047 632 2082 universa
652 2047 786 2082 concio
812 2046 960 2087 avertit,
982 2052 1018 2081 et
1045 2051 1173 2080 secuta
1193 2045 1409 2093 Scipionem

111 2111 266 2148 sequitur,
304 2117 382 2144 est:
411 2109 519 2152 adeo,
541 2117 582 2146 ut
608 2117 801 2159 postremo
827 2109 957 2145 scribae
980 2109 1215 2156 viatoresque
1236 2108 1407 2144 tribunos

302 2171 569 2221 relinquerent,
585 2186 652 2209 nec
665 2186 748 2209 cum
770 2174 828 2215 iis,
847 2178 981 2222 praeter
1000 2171 1170 2207 sei-vilem
1188 2172 1410 2208 comitatum

304 2242 340 2272 et
360 2248 586 2286 praeconem,
601 2238 662 2286 qui
684 2249 785 2273 reum
807 2250 852 2273 ex
868 2236 1019 2272 Rostris
1036 2236 1193 2278 citabat,
1211 2236 1408 2285 quisquam

304 2307 413 2337 esset.
472 2301 598 2352 Scipio
620 2314 697 2338 non
716 2302 754 2338 in
772 2299 964 2352 Capitolio
980 2300 1107 2343 inodo,
1125 2300 1186 2336 sed
1204 2312 1270 2351 per
1289 2305 1408 2337 totam
