1546 2648
139 230 183 262 U.
196 231 233 262 C.
248 238 321 264 584.

139 274 230 307 A.C.
249 280 320 307 168.

115 926 231 958 Nasica
244 929 319 959 mit-

115 972 192 1001 titur
206 972 244 1002 ad
258 972 318 1014 Py-

115 1014 236 1045 thium.

110 2023 219 2053 Proeliss
238 2024 270 2053 in

109 2067 197 2097 alveo
215 2067 289 2097 Eni-

110 2118 171 2146 pei.

328 123 414 177 466
784 139 830 168 T.
853 139 988 170 mvn

331 225 430 263 libus
447 226 562 264 etiam
576 226 708 265 melius
725 234 763 265 et
777 230 938 267 certiore
952 230 1030 266 ictu
1045 229 1174 265 hostes
1188 228 1243 265 uti
1258 228 1440 267 audierat.

332 289 422 327 Alio
441 291 638 341 spectabat
657 305 760 329 mens
780 299 864 330 tota
879 294 983 330 ducis
1002 308 1010 329 ε
1032 293 1261 343 dimissoque
1280 293 1441 330 consilio

334 353 556 392 Perrhaebos
589 363 832 401 mercatores,
863 357 1068 394 Schoenum
1098 363 1136 394 et
1158 357 1440 409 Menophilum,

332 427 433 457 notae
453 427 491 457 et
509 420 595 458 fidei
613 418 698 471 jam
723 421 796 458 sibi
815 429 852 458 et
881 422 1090 473 prudentiae
1108 422 1297 465 homines,
1318 433 1442 458 arces·

330 485 424 521 sitos
457 490 603 521 secreto
631 491 913 535 percunctatur,
948 486 1076 535 quales
1106 486 1153 523 ad
1184 485 1442 522 Perrhaebiam

331 548 512 585 transitus
529 549 618 585 sint.
664 549 792 588 Quum
812 549 897 586 loca
915 562 994 586 non
1012 549 1142 599 iniqua
1161 561 1242 586 esse
1261 549 1442 592 dicerent,

330 612 661 662 praesidiisautem
679 613 778 661 regis
799 612 977 656 obsideri,
1002 625 1107 662 spem
1125 613 1239 662 cepit,
1269 613 1301 648 si
1329 618 1443 649 nocte

329 676 524 726 inproviso
542 675 666 713 valida
684 689 800 713 manu
818 676 1015 725 adgressus
1034 676 1307 726 necopinantes
1327 682 1440 719 esset,

330 737 442 789 dejici
469 739 644 789 praesidia
668 752 793 791 posse.
848 740 985 778 ιῙαειιῑα
1003 742 1097 776 enim
1115 743 1151 775 et
1166 741 1318 787 sagittas
1335 744 1370 776 et
1388 751 1445 776 ce-

332 808 410 839 tera
427 804 579 840 missilia
595 805 633 840 in
653 805 815 848 tenebris,
842 804 914 847 ubi,
935 806 1022 853 quid
1034 808 1198 853 petatur,
1214 804 1343 852 procul
1358 816 1444 852 pro·

328 868 444 904 videri
471 874 635 916 nequeat,
659 871 806 906 inutilia
825 881 920 906 esse:
944 870 1071 917 gladio
1094 870 1250 905 cominus
1273 869 1351 915 geri
1368 880 1443 907 rem

331 933 368 968 in
392 933 573 981 permixta
601 934 716 976 turba,
751 946 819 982 quo
846 935 947 970 miles
965 933 1151 970 Romanus
1180 934 1312 969 vincat.
1369 931 1442 968 His

330 996 488 1034 ducibus
509 994 658 1040 usurus,
676 1004 878 1047 praetorem
898 997 1100 1034 Octavium
1121 997 1354 1040 arcessitum,
1375 1009 1441 1033 ex-

328 1061 471 1111 posito,
501 1060 591 1109 quid
619 1068 784 1110 pararet,
806 1061 1034 1098 Heracleum
1061 1074 1146 1097 cum
1179 1059 1297 1097 classe
1315 1065 1443 1110 petere

320 1124 449 1174 jubet,
468 1130 507 1160 et
525 1123 627 1160 mille
645 1124 863 1161 hominibus
883 1125 1012 1161 decem
1032 1125 1176 1161 dierum
1202 1129 1311 1160 cocta
1336 1123 1441 1160 ciba-

327 1189 383 1225 ria
401 1187 555 1226 habere.
603 1188 691 1239 Ipse
710 1187 753 1225 P.
768 1188 985 1239 Scipionem
1003 1188 1198 1231 Nasicam,
1215 1187 1264 1227 Q.
1279 1185 1440 1224 Fabium

328 1253 543 1290 Maximum
561 1253 681 1291 filium
701 1265 810 1288 suum
839 1265 924 1289 cum
949 1252 1115 1302 quinque
1144 1250 1297 1288 delectis
1328 1250 1441 1287 milli-

327 1317 399 1355 bus
423 1317 654 1355 Heracleum
685 1317 817 1361 mittit,
849 1317 951 1353 velut
980 1316 1137 1354 classem
1167 1323 1439 1352 conscensuros

328 1382 376 1418 ad
395 1383 625 1419 maritimam
656 1394 763 1419 oram
790 1382 980 1418 interioris
1005 1380 1258 1423 Macedoniae,
1280 1379 1381 1429 quod
1399 1380 1438 1416 in

326 1446 489 1483 consilio
509 1447 696 1495 agitatum
715 1452 809 1490 erat,
829 1445 1063 1483 vastandam.
1121 1445 1274 1481 Secreto
1292 1443 1437 1480 indica-

327 1516 423 1553 tum,
445 1509 587 1547 cibaria
606 1510 666 1548 his
685 1515 895 1560 praeparata
916 1510 962 1546 ad
982 1509 1139 1546 classem
1159 1521 1253 1551 esse,
1278 1521 1326 1546 ne
1351 1509 1439 1557 quid

327 1587 390 1610 eos
411 1581 634 1612 moraretur.
681 1574 775 1612 Inde
787 1573 887 1625 jussi
907 1574 1018 1610 duces
1040 1573 1184 1609 itineris
1204 1575 1258 1611 ita
1273 1574 1437 1610 dividere

325 1639 440 1682 viam,
471 1646 514 1675 ut
539 1646 675 1688 quarta
698 1638 829 1688 vigilia
858 1638 972 1674 tertio
1002 1638 1062 1674 die
1090 1637 1270 1687 Pythium
1299 1638 1440 1675 adoriri

325 1709 493 1752 possent.
551 1701 637 1753 Ipse
667 1709 822 1753 postero
841 1701 914 1745 die,
941 1709 983 1738 ut
1011 1702 1207 1738 distineret
1234 1715 1361 1751 regem
1390 1703 1438 1740 ab

322 1766 600 1817 circumspectu
636 1779 760 1803 rerum
791 1765 963 1810 aliarum,
992 1767 1113 1817 prima
1136 1766 1220 1803 luce
1252 1767 1377 1803 medio
1397 1767 1436 1803 in

325 1829 434 1866 alveo
455 1843 539 1866 cum
569 1831 798 1867 stationibus
828 1831 996 1867 hostium
1024 1830 1199 1880 proelium
1219 1831 1435 1868 commisit:

324 1901 610 1944 pugnatumque
631 1895 818 1944 utrimque
838 1902 895 1931 est
914 1895 985 1931 levi
1012 1901 1226 1932 armatura:
1259 1907 1328 1932 nec
1348 1907 1434 1944 gra-

323 1958 492 1994 vioribus
513 1958 626 1994 armis
647 1958 684 1994 in
706 1965 784 1994 tam
803 1958 980 2007 inaequali
1001 1957 1108 1994 alveo
1137 1959 1298 2008 pugnari
1326 1966 1435 2008 pote-

323 2029 395 2058 rat.
451 2021 666 2059 Descensus
701 2023 791 2073 ripae
824 2024 1018 2072 utriusque
1047 2023 1087 2059 in
1113 2022 1259 2060 alveum
1287 2029 1435 2060 trecen·

323 2091 448 2121 torum
481 2086 598 2122 ferme
630 2098 808 2135 passuum
838 2093 943 2122 emt:
977 2086 1139 2122 medium
1171 2087 1332 2136 spatium
1354 2093 1434 2123 tor·

324 2150 456 2192 tentis,
486 2148 576 2185 aiibi
611 2149 720 2185 aliter
749 2151 885 2193 cavati,
916 2149 1043 2200 paullo
1073 2149 1156 2200 plus
1191 2163 1302 2199 quam
1332 2150 1435 2187 mille

323 2224 454 2262 passus
475 2212 642 2263 patebat.
698 2212 758 2249 lbi
778 2213 816 2250 in
836 2213 976 2255 medio,
1009 2213 1268 2263 spectantibus
1303 2213 1434 2250 utrim-

324 2289 396 2324 que
416 2289 461 2314 ex
482 2275 580 2315 vano
600 2283 810 2316 castrorum
835 2279 924 2316 hinc
945 2291 1047 2328 rege,
1067 2279 1156 2317 hinc
1175 2278 1329 2316 consule
1349 2291 1432 2316 cum
