1546 2648
330 199 415 245 502
761 201 807 230 τ.
841 200 975 231 mvn

140 295 184 326 U.
196 295 317 328 (3.585.
333 277 455 328 tantas
469 294 660 339 pra-sentes
679 288 752 337 ejus
770 302 853 340 opes
870 296 1005 335 cernat,
1024 292 1086 328 sed
1102 292 1197 340 quod
1214 290 1313 328 haud
1329 293 1442 329 ambi-

138 339 180 370 Α·
191 339 227 371 C'
244 345 316 376 ¹⁶⁷·
324 368 438 405 guum
455 367 569 404 prope
587 357 680 392 diem
697 361 934 403 regnaturum
951 368 1031 392 eum
1043 356 1258 406 infirmitate
1271 361 1446 406 oetateque

326 421 499 458 Eumenis
516 419 776 464 esset,*nullam
793 422 940 469 stirpem
961 420 1107 457 liberzlm
1126 421 1308 457 habentis:
1335 421 1442 469 (nec-

327 485 417 522 dum
454 486 555 522 enim
593 492 800 535 agnoverat
832 497 932 528 eum,
970 485 1034 534 qui
1070 492 1204 536 postea
1235 485 1441 534 regnavit).

328 550 427 592 Quid
440 551 619 586 adtineret
635 551 708 586 vim
726 549 872 598 adferre
889 552 956 592 rei,
970 562 1037 586 sua
1053 555 1180 598 sponte
1197 563 1279 586 moa·
1292 552 1342 586 ad
1360 562 1442 586 eum

325 615 564 650 adventurae?
589 614 784 649 Accessisse
801 614 912 648 etiam
925 625 1055 649 novam
1075 618 1320 662 tempestatem
1333 625 1441 661 regno

326 679 501 714 tumultus
523 678 672 719 Gallici,
692 678 750 713 cui
772 678 833 712 vix
856 689 1023 714 consensu
1048 682 1084 713 et
1108 678 1300 714 concordia
1318 689 1441 724 regum

323 744 440 780 resisti
457 746 576 791 queat.
632 741 675 778 Si
699 753 782 778 vero
805 736 856 778 ad
880 747 1064 778 externum
1090 743 1221 779 bellum
1249 743 1442 780 domestica

322 808 452 843 seditio
467 805 676 853 adjiciatur,
695 807 774 842 sisti
787 817 858 842 non
870 817 970 854 posse
976 822 990 850 ,·
1009 818 1073 842 nec
1087 807 1191 842 aliud
1205 819 1299 849 eum,
1315 819 1437 856 quam,

323 883 369 907 ne
375 870 504 919 frater
523 872 558 907 in
575 882 685 918 regno
703 871 895 912 moriatur,
914 869 980 906 sibi
997 868 1068 918 ipsi
1084 882 1181 918 spem
1197 872 1439 919 propinquam

322 937 425 983 regni
443 940 660 984 erepturum.
711 934 754 970 Si
771 939 925 983 utraque
940 935 1099 982 gloriosa
1117 939 1174 970 res
1191 940 1290 978 esset,
1311 940 1347 971 et
1363 947 1437 971 ser-

321 1011 422 1035 vasse
428 998 550 1048 fratri
577 1010 739 1046 regnum,
760 1003 795 1034 et
813 999 982 1046 eripuisse
992 1015 1005 1042 ‚-
1033 1000 1165 1034 servati
1185 1003 1303 1035 tamen
1320 1000 1435 1046 regni,

321 1075 399 1111 qua?
418 1061 549 1108 juncta
575 1063 706 1110 pietati
729 1063 790 1104 sit,
817 1064 991 1110 potiorem
1020 1062 1163 1098 laudem
1179 1061 1308 1110 fuisse.
1365 1062 1438 1099 Sed

321 1129 497 1164 enimvero
516 1139 624 1176 quum
643 1126 861 1163 detestabilis
874 1127 993 1162 altera
1010 1139 1066 1162 res
1080 1131 1115 1163 et
1131 1128 1297 1175 proxima
1312 1127 1436 1175 parri-

321 1192 414 1227 cidio
427 1193 488 1234 sit,
502 1192 590 1239 quid
601 1191 650 1226 ad
661 1190 953 1227 deliberationem
965 1191 1065 1227 dubii
1077 1203 1254 1239 superesse
1263 1192 1284 1227 ?
1307 1191 1437 1228 Utrum

318 1257 412 1292 enim
424 1261 565 1304 partem
581 1257 682 1303 regni
694 1258 894 1304 petiturum
910 1267 993 1299 esse,
1008 1267 1057 1292 an
1074 1260 1188 1292 totum
1202 1260 1404 1304 erepturum
1415 1257 1437 1292 ,9

316 1321 347 1357 si
363 1326 506 1368 partem
519 1337 531 1365 ‚·
552 1321 655 1357 ambo
674 1321 844 1370 infirmos,
865 1321 1048 1357 distractis
1064 1321 1209 1363 viribus,
1225 1324 1261 1356 e't
1279 1320 1436 1356 omnibus

316 1383 456 1430 injuriis
475 1385 636 1421 obnoxios
643 1384 732 1434 fore
745 1401 758 1421 .·
787 1386 818 1421 si
837 1389 950 1420 totum
961 1401 974 1428 ,·
998 1386 1230 1433 privatumne
1253 1395 1336 1432 ergo
1356 1396 1433 1420 ma-

306 1446 425 1494 jorem
434 1448 614 1496 fratrem,
635 1460 684 1484 an
708 1449 863 1484 exsulem
881 1448 948 1484 illa
972 1452 1092 1490 aetate,
1115 1448 1181 1484 illa
1201 1449 1358 1495 corporis
1375 1449 1431 1483 in-

301 1512 500 1561 firmitate,
521 1525 568 1548 an
591 1513 760 1548 ultimum
777 1513 871 1548 mori
876 1511 1093 1557 jussurum?
1124 1512 1319 1559 Egregium
1337 1513 1432 1548 enim

317 1576 377 1622 (ut
384 1575 529 1624 fabulis
544 1577 700 1612 traditus
715 1577 895 1624 inpiorum
902 1574 1071 1623 fratrum
1088 1579 1231 1611 eventus
1247 1575 1427 1620 taceatur)

316 1639 439 1675 Persei
457 1641 590 1676 emitum
609 1641 738 1682 videri,
759 1640 821 1688 qui
839 1651 881 1675 ex
887 1638 1064 1687 fraterna
1079 1628 1172 1675 ccede
1185 1643 1332 1686 raptum
1349 1639 1428 1674 dia-

315 1704 419 1740 dema
441 1705 478 1752 in
500 1705 632 1752 templo
659 1704 952 1746 Samothracum,
965 1704 1076 1740 'velut
1093 1703 1325 1751 praesentibus
1343 1703 1431 1740 Diis

297 1768 532 1814 ‘exigentibus
554 1781 690 1817 poenas,
711 1771 761 1804 ad
789 1769 896 1817 pedes
919 1770 1064 1804 victoris
1093 1768 1204 1804 hostis
1226 1757 1430 1816 prostratus

308 1834 483 1879 posuerit.
539 1834 613 1869 Eos
639 1834 746 1881 ipsos,
767 1834 841 1881 qui,
868 1844 938 1868 non
967 1833 1024 1868 illi
1049 1834 1170 1874 amici,
1188 1834 1250 1868 sed
1276 1833 1429 1869 Eumeni

310 1896 448 1945 infesti,
466 1898 649 1933 stimulent
666 1909 760 1939 eum,
778 1898 952 1945 pietatem
971 1898 1278 1944 constantiamque
1297 1897 1425 1933 lauda·

313 1965 423 2003 turos,
443 1963 474 1997 si
481 1962 597 2010 fidem
617 1963 665 1997 ad
684 1962 850 1997 ultimum
859 1960 982 2010 fratri
999 1962 1230 2008 praestitisset.

116 2028 230 2059 stratio
243 2029 300 2059 ob·
365 2025 460 2062 XX.
490 2024 586 2062 Haec
613 2025 697 2076 plus
722 2025 872 2062 valuere
896 2026 934 2061 in
953 2024 1074 2061 Attali
1102 2025 1241 2061 animo.
1271 2023 1424 2074 .Itaque

115 2079 274 2148 ῗζὲιῗξὲῗῑ
311 2089 549 2125 introductus
571 2090 607 2124 in
629 2096 816 2131 senatum,
837 2088 1046 2138 gratulatus
1067 2088 1279 2130 victoriam,
1295 2093 1334 2124 et
1352 2100 1421 2124 sua

309 2153 445 2189 merita
464 2165 510 2188 eo
529 2152 630 2188 bello
650 2152 866 2202 fratrisque,
883 2154 914 2188 si
933 2165 1007 2201 qua
1026 2159 1148 2195 erant,
1166 2160 1204 2188 et
1223 2151 1420 2189 Gallorum

303 2216 577 2258 defectionem,
593 2229 676 2266 quae
696 2229 816 2266 nuper
836 2217 982 2266 ingenti
1002 2224 1108 2253 motu
1124 2216 1226 2252 facta
1246 2223 1340 2260 erat,
1355 2229 1421 2253 ex-

309 2281 451 2331 posuit.
506 2280 637 2324 Petiit,
658 2288 700 2317 ut
725 2280 871 2330 legatos
900 2282 1069 2318 mitteret
1094 2281 1141 2318 ad
1160 2293 1240 2323 eos,
1261 2293 1420 2330 quorum

310 2344 539 2380 auctoritate
555 2344 601 2380 ab
622 2345 735 2381 armis
752 2351 1014 2382 avocarentur.
1045 2344 1118 2382 His
1139 2357 1208 2395 pro
1223 2344 1330 2395 regni
1347 2345 1420 2381 uti-
