<?xml version="1.0" encoding="UTF-8"?>
<!DOCTYPE html PUBLIC "-//W3C//DTD XHTML 1.0 Transitional//EN"
    "http://www.w3.org/TR/xhtml1/DTD/xhtml1-transitional.dtd">
<html xmlns="http://www.w3.org/1999/xhtml" xml:lang="en" lang="en">
 <head>
  <title>
</title>
<meta http-equiv="Content-Type" content="text/html;charset=utf-8" />
  <meta name='ocr-system' content='tesseract 3.04.00' />
  <meta name='ocr-capabilities' content='ocr_page ocr_carea ocr_par ocr_line ocrx_word'/>
</head>
<body>
  <div class='ocr_page' id='page_1' title='image "./historiarumquaes04livyuoft/historiarumquaes04livyuoft_0257.png"; bbox 0 0 1546 2648; ppageno 0'>
   <div class='ocr_carea' id='block_1_1' title="bbox 379 126 1199 169">
    <p class='ocr_par' dir='ltr' id='par_1_1' title="bbox 379 126 1199 169">
     <span class='ocr_line' id='line_1_1' title="bbox 379 126 1199 169; baseline -0.001 -9"><span class='ocrx_word' id='word_1_1' title='bbox 379 131 533 160; x_wconf 85' lang='lat' dir='ltr'>LIBER</span> <span class='ocrx_word' id='word_1_2' title='bbox 558 129 638 158; x_wconf 76' lang='lat' dir='ltr'><strong>XL.</strong></span> <span class='ocrx_word' id='word_1_3' title='bbox 670 130 778 157; x_wconf 76' lang='lat' dir='ltr'><strong>CAP.</strong></span> <span class='ocrx_word' id='word_1_4' title='bbox 799 129 945 158; x_wconf 81' lang='lat' dir='ltr'><strong>xxlv.</strong></span> <span class='ocrx_word' id='word_1_5' title='bbox 1120 126 1199 169; x_wconf 85' lang='lat'><strong>247</strong></span> 
     </span>
    </p>
   </div>
   <div class='ocr_carea' id='block_1_2' title="bbox 89 214 1406 1862">
    <p class='ocr_par' dir='ltr' id='par_1_2' title="bbox 95 214 1397 289">
     <span class='ocr_line' id='line_1_2' title="bbox 95 214 1397 289; baseline -0.004 -34"><span class='ocrx_word' id='word_1_6' title='bbox 95 232 171 263; x_wconf 85' lang='lat' dir='ltr'><strong>rus,</strong></span> <span class='ocrx_word' id='word_1_7' title='bbox 193 220 382 270; x_wconf 68' lang='lat' dir='ltr'><strong>extemplo</strong></span> <span class='ocrx_word' id='word_1_8' title='bbox 403 220 466 256; x_wconf 87' lang='lat' dir='ltr'><strong>diu</strong></span> <span class='ocrx_word' id='word_1_9' title='bbox 485 218 735 261; x_wconf 87' lang='lat' dir='ltr'><strong>excruciatus,</strong></span> <span class='ocrx_word' id='word_1_10' title='bbox 756 217 837 253; x_wconf 83' lang='lat' dir='ltr'><strong>sine</strong></span> <span class='ocrx_word' id='word_1_11' title='bbox 856 216 997 252; x_wconf 86' lang='lat' dir='ltr'><strong>indicio</strong></span> <span class='ocrx_word' id='word_1_12' title='bbox 1017 217 1070 252; x_wconf 86' lang='lat' dir='ltr'><strong>rei</strong></span> <span class='ocrx_word' id='word_1_13' title='bbox 1091 216 1200 252; x_wconf 88' lang='lat' dir='ltr'><strong>ullius</strong></span> <span class='ocrx_word' id='word_1_14' title='bbox 1215 214 1308 289; x_wconf 40' lang='lat' dir='ltr'>XNJCC:</span> <span class='ocrx_word' id='word_1_15' title='bbox 1321 220 1397 288; x_wconf 51' lang='lat' dir='ltr'><strong>fg:-</strong></span> 
     </span>
    </p>

    <p class='ocr_par' dir='ltr' id='par_1_3' title="bbox 94 278 1394 395">
     <span class='ocr_line' id='line_1_3' title="bbox 94 278 1394 320; baseline -0.002 -1"><span class='ocrx_word' id='word_1_16' title='bbox 94 283 134 319; x_wconf 89' lang='lat' dir='ltr'><strong>in</strong></span> <span class='ocrx_word' id='word_1_17' title='bbox 154 284 352 320; x_wconf 85' lang='lat' dir='ltr'><strong>tormentis</strong></span> <span class='ocrx_word' id='word_1_18' title='bbox 373 283 545 319; x_wconf 80' lang='lat' dir='ltr'><strong>moritur.</strong></span> <span class='ocrx_word' id='word_1_19' title='bbox 1248 281 1256 290; x_wconf 83' lang='lat'>⁸</span> <span class='ocrx_word' id='word_1_20' title='bbox 1297 280 1305 289; x_wconf 76' lang='lat'>⁸</span> <span class='ocrx_word' id='word_1_21' title='bbox 1386 278 1394 288; x_wconf 86' lang='lat'>&#39;</span> 
     </span>
     <span class='ocr_line' id='line_1_4' title="bbox 148 340 1375 395; baseline -0.005 -11"><span class='ocrx_word' id='word_1_22' title='bbox 148 347 300 384; x_wconf 88' lang='lat' dir='ltr'>XXIV.</span> <span class='ocrx_word' id='word_1_23' title='bbox 330 346 568 383; x_wconf 84' lang='lat' dir='ltr'><strong>Demetrium</strong></span> <span class='ocrx_word' id='word_1_24' title='bbox 597 346 734 381; x_wconf 86' lang='lat' dir='ltr'><strong>iterum</strong></span> <span class='ocrx_word' id='word_1_25' title='bbox 763 345 809 382; x_wconf 86' lang='lat' dir='ltr'><strong>ad</strong></span> <span class='ocrx_word' id='word_1_26' title='bbox 837 351 984 395; x_wconf 86' lang='lat' dir='ltr'><strong>patrem</strong></span> <span class='ocrx_word' id='word_1_27' title='bbox 1013 344 1202 380; x_wconf 86' lang='lat' dir='ltr'><strong>accusavit</strong></span> <span class='ocrx_word' id='word_1_28' title='bbox 1216 340 1375 388; x_wconf 64' lang='lat' dir='ltr'><strong>Crimina·</strong></span> 
     </span>
    </p>

    <p class='ocr_par' dir='ltr' id='par_1_4' title="bbox 94 383 1398 461">
     <span class='ocr_line' id='line_1_5' title="bbox 94 383 1398 461; baseline -0.003 -15"><span class='ocrx_word' id='word_1_29' title='bbox 94 410 252 448; x_wconf 81' lang='lat' dir='ltr'><strong>Perseus</strong></span> <span class='ocrx_word' id='word_1_30' title='bbox 271 427 279 448; x_wconf 78' lang='lat' dir='ltr'><em>z</em></span> <span class='ocrx_word' id='word_1_31' title='bbox 311 411 402 460; x_wconf 86' lang='lat' dir='ltr'><strong>fuga</strong></span> <span class='ocrx_word' id='word_1_32' title='bbox 420 423 487 461; x_wconf 87' lang='lat' dir='ltr'><strong>per</strong></span> <span class='ocrx_word' id='word_1_33' title='bbox 506 410 700 446; x_wconf 83' lang='lat' dir='ltr'><strong>Paeoniam</strong></span> <span class='ocrx_word' id='word_1_34' title='bbox 728 416 940 459; x_wconf 85' lang='lat' dir='ltr'><strong>praeparata</strong></span> <span class='ocrx_word' id='word_1_35' title='bbox 959 407 1201 456; x_wconf 83' lang='lat' dir='ltr'>arguebatur,</span> <span class='ocrx_word' id='word_1_36' title='bbox 1215 383 1398 456; x_wconf 50' lang='grc' dir='ltr'><strong>ἑξξῗῗὲἓῗ</strong></span> 
     </span>
    </p>

    <p class='ocr_par' dir='ltr' id='par_1_5' title="bbox 94 469 1383 525">
     <span class='ocr_line' id='line_1_6' title="bbox 94 469 1383 525; baseline -0.001 -15"><span class='ocrx_word' id='word_1_37' title='bbox 94 481 133 510; x_wconf 84' lang='lat' dir='ltr'><strong>et</strong></span> <span class='ocrx_word' id='word_1_38' title='bbox 152 476 328 525; x_wconf 90' lang='lat' dir='ltr'><strong>conrupti</strong></span> <span class='ocrx_word' id='word_1_39' title='bbox 343 475 508 524; x_wconf 86' lang='lat' dir='ltr'><strong>quidam,</strong></span> <span class='ocrx_word' id='word_1_40' title='bbox 525 481 568 510; x_wconf 90' lang='lat' dir='ltr'><strong>ut</strong></span> <span class='ocrx_word' id='word_1_41' title='bbox 583 473 738 510; x_wconf 85' lang='lat' dir='ltr'>comites</span> <span class='ocrx_word' id='word_1_42' title='bbox 763 474 908 510; x_wconf 88' lang='lat' dir='ltr'><strong>itineris</strong></span> <span class='ocrx_word' id='word_1_43' title='bbox 929 479 1055 509; x_wconf 83' lang='lat' dir='ltr'><strong>esseut</strong></span> <span class='ocrx_word' id='word_1_44' title='bbox 1064 488 1075 517; x_wconf 79' lang='lat'>3</span> <span class='ocrx_word' id='word_1_45' title='bbox 1099 485 1204 509; x_wconf 86' lang='lat' dir='ltr'><strong>max·</strong></span> <span class='ocrx_word' id='word_1_46' title='bbox 1217 469 1383 500; x_wconf 81' lang='lat' dir='ltr'><strong>mettium.</strong></span> 
     </span>
    </p>

    <p class='ocr_par' dir='ltr' id='par_1_6' title="bbox 95 535 1205 587">
     <span class='ocr_line' id='line_1_7' title="bbox 95 535 1205 587; baseline -0.003 -13"><span class='ocrx_word' id='word_1_47' title='bbox 95 539 169 574; x_wconf 89' lang='lat' dir='ltr'><strong>ime</strong></span> <span class='ocrx_word' id='word_1_48' title='bbox 193 538 298 575; x_wconf 80' lang='lat' dir='ltr'><strong>falsae</strong></span> <span class='ocrx_word' id='word_1_49' title='bbox 317 538 436 576; x_wconf 83' lang='lat' dir='ltr'><strong>literae</strong></span> <span class='ocrx_word' id='word_1_50' title='bbox 455 538 502 575; x_wconf 89' lang='lat' dir='ltr'><strong>T.</strong></span> <span class='ocrx_word' id='word_1_51' title='bbox 522 538 696 577; x_wconf 84' lang='lat' dir='ltr'><strong>Quinctii</strong></span> <span class='ocrx_word' id='word_1_52' title='bbox 717 538 905 587; x_wconf 82' lang='lat' dir='ltr'>urgebant</span> <span class='ocrx_word' id='word_1_53' title='bbox 923 551 930 573; x_wconf 76' lang='grc' dir='ltr'><strong><em>ε</em></strong></span> <span class='ocrx_word' id='word_1_54' title='bbox 963 535 1058 572; x_wconf 84' lang='lat' dir='ltr'>nihil</span> <span class='ocrx_word' id='word_1_55' title='bbox 1078 543 1205 572; x_wconf 84' lang='lat' dir='ltr'><strong>tamen</strong></span> 
     </span>
    </p>

    <p class='ocr_par' dir='ltr' id='par_1_7' title="bbox 93 600 1206 653">
     <span class='ocr_line' id='line_1_8' title="bbox 93 600 1206 653; baseline -0.003 -15"><span class='ocrx_word' id='word_1_56' title='bbox 93 602 218 652; x_wconf 88' lang='lat' dir='ltr'><strong>palam</strong></span> <span class='ocrx_word' id='word_1_57' title='bbox 247 604 396 651; x_wconf 87' lang='lat' dir='ltr'><strong>gravius</strong></span> <span class='ocrx_word' id='word_1_58' title='bbox 416 603 709 653; x_wconf 87' lang='lat' dir='ltr'>pronunciatum</span> <span class='ocrx_word' id='word_1_59' title='bbox 730 603 773 638; x_wconf 90' lang='lat' dir='ltr'><strong>de</strong></span> <span class='ocrx_word' id='word_1_60' title='bbox 802 615 848 638; x_wconf 88' lang='lat' dir='ltr'><strong>eo</strong></span> <span class='ocrx_word' id='word_1_61' title='bbox 877 609 948 642; x_wconf 88' lang='lat' dir='ltr'><strong>est,</strong></span> <span class='ocrx_word' id='word_1_62' title='bbox 967 607 1009 637; x_wconf 88' lang='lat' dir='ltr'><strong>ut</strong></span> <span class='ocrx_word' id='word_1_63' title='bbox 1027 600 1116 636; x_wconf 89' lang='lat' dir='ltr'><strong>dolo</strong></span> <span class='ocrx_word' id='word_1_64' title='bbox 1136 613 1206 650; x_wconf 91' lang='lat' dir='ltr'><strong>po-</strong></span> 
     </span>
    </p>

    <p class='ocr_par' dir='ltr' id='par_1_8' title="bbox 92 664 1209 715">
     <span class='ocr_line' id='line_1_9' title="bbox 92 664 1209 715; baseline -0.002 -15"><span class='ocrx_word' id='word_1_65' title='bbox 92 665 168 701; x_wconf 82' lang='lat' dir='ltr'><strong>tius</strong></span> <span class='ocrx_word' id='word_1_66' title='bbox 198 666 494 703; x_wconf 87' lang='lat' dir='ltr'><strong>interficeretur:</strong></span> <span class='ocrx_word' id='word_1_67' title='bbox 527 678 597 702; x_wconf 92' lang='lat' dir='ltr'><strong>nec</strong></span> <span class='ocrx_word' id='word_1_68' title='bbox 618 665 655 701; x_wconf 88' lang='lat' dir='ltr'><strong>id</strong></span> <span class='ocrx_word' id='word_1_69' title='bbox 680 678 771 701; x_wconf 87' lang='lat' dir='ltr'><strong>cura</strong></span> <span class='ocrx_word' id='word_1_70' title='bbox 789 665 920 715; x_wconf 88' lang='lat' dir='ltr'><strong>ipsius,</strong></span> <span class='ocrx_word' id='word_1_71' title='bbox 942 664 1007 700; x_wconf 88' lang='lat' dir='ltr'><strong>sed</strong></span> <span class='ocrx_word' id='word_1_72' title='bbox 1025 676 1074 699; x_wconf 89' lang='lat' dir='ltr'><strong>ne</strong></span> <span class='ocrx_word' id='word_1_73' title='bbox 1092 675 1209 713; x_wconf 81' lang='lat' dir='ltr'><strong>poena</strong></span> 
     </span>
    </p>

    <p class='ocr_par' dir='ltr' id='par_1_9' title="bbox 95 725 1207 778">
     <span class='ocr_line' id='line_1_10' title="bbox 95 725 1207 778; baseline -0.003 -14"><span class='ocrx_word' id='word_1_74' title='bbox 95 727 175 778; x_wconf 86' lang='lat' dir='ltr'><strong>ejus</strong></span> <span class='ocrx_word' id='word_1_75' title='bbox 196 730 354 766; x_wconf 88' lang='lat' dir='ltr'><strong>consilia</strong></span> <span class='ocrx_word' id='word_1_76' title='bbox 374 729 550 766; x_wconf 85' lang='lat' dir='ltr'><strong>adversus</strong></span> <span class='ocrx_word' id='word_1_77' title='bbox 570 728 768 765; x_wconf 82' lang='lat' dir='ltr'><strong>Romanos</strong></span> <span class='ocrx_word' id='word_1_78' title='bbox 788 728 961 765; x_wconf 80' lang='lat' dir='ltr'><strong>nudaret.</strong></span> <span class='ocrx_word' id='word_1_79' title='bbox 1002 726 1064 764; x_wconf 91' lang='lat' dir='ltr'><strong>Ab</strong></span> <span class='ocrx_word' id='word_1_80' title='bbox 1085 725 1207 762; x_wconf 84' lang='lat' dir='ltr'><strong>Thes-</strong></span> 
     </span>
    </p>

    <p class='ocr_par' dir='ltr' id='par_1_10' title="bbox 93 789 1207 843">
     <span class='ocr_line' id='line_1_11' title="bbox 93 789 1207 843; baseline -0.002 -16"><span class='ocrx_word' id='word_1_81' title='bbox 93 792 260 829; x_wconf 88' lang='lat' dir='ltr'><strong>salonice</strong></span> <span class='ocrx_word' id='word_1_82' title='bbox 295 793 580 830; x_wconf 85' lang='lat' dir='ltr'><strong>Demetriadem</strong></span> <span class='ocrx_word' id='word_1_83' title='bbox 617 793 689 843; x_wconf 87' lang='lat' dir='ltr'><strong>ipsi</strong></span> <span class='ocrx_word' id='word_1_84' title='bbox 722 805 837 841; x_wconf 89' lang='lat' dir='ltr'><strong>quum</strong></span> <span class='ocrx_word' id='word_1_85' title='bbox 874 792 947 827; x_wconf 84' lang='lat' dir='ltr'><strong>iter</strong></span> <span class='ocrx_word' id='word_1_86' title='bbox 983 796 1095 833; x_wconf 88' lang='lat' dir='ltr'><strong>esset,</strong></span> <span class='ocrx_word' id='word_1_87' title='bbox 1131 789 1207 826; x_wconf 89' lang='lat' dir='ltr'><strong>As-</strong></span> 
     </span>
    </p>

    <p class='ocr_par' dir='ltr' id='par_1_11' title="bbox 92 853 1208 892">
     <span class='ocr_line' id='line_1_12' title="bbox 92 853 1208 892; baseline 0.001 -3"><span class='ocrx_word' id='word_1_88' title='bbox 92 860 227 890; x_wconf 84' lang='lat' dir='ltr'><strong>traeum</strong></span> <span class='ocrx_word' id='word_1_89' title='bbox 255 855 420 892; x_wconf 80' lang='lat' dir='ltr'><strong>Paeoniae</strong></span> <span class='ocrx_word' id='word_1_90' title='bbox 450 855 689 891; x_wconf 86' lang='lat' dir='ltr'><strong>Demetrium</strong></span> <span class='ocrx_word' id='word_1_91' title='bbox 718 855 838 891; x_wconf 90' lang='lat' dir='ltr'><strong>mittit</strong></span> <span class='ocrx_word' id='word_1_92' title='bbox 865 867 951 890; x_wconf 88' lang='lat' dir='ltr'><strong>cum</strong></span> <span class='ocrx_word' id='word_1_93' title='bbox 981 853 1112 890; x_wconf 91' lang='lat' dir='ltr'><strong>eodem</strong></span> <span class='ocrx_word' id='word_1_94' title='bbox 1142 866 1208 889; x_wconf 88' lang='lat' dir='ltr'><strong>co-</strong></span> 
     </span>
    </p>

    <p class='ocr_par' dir='ltr' id='par_1_12' title="bbox 93 916 1207 967">
     <span class='ocr_line' id='line_1_13' title="bbox 93 916 1207 967; baseline -0.003 -12"><span class='ocrx_word' id='word_1_95' title='bbox 93 919 184 955; x_wconf 88' lang='lat' dir='ltr'><strong>mite</strong></span> <span class='ocrx_word' id='word_1_96' title='bbox 203 918 319 962; x_wconf 86' lang='lat' dir='ltr'><strong>Dida,</strong></span> <span class='ocrx_word' id='word_1_97' title='bbox 340 919 521 955; x_wconf 85' lang='lat' dir='ltr'><strong>Perseum</strong></span> <span class='ocrx_word' id='word_1_98' title='bbox 539 917 817 967; x_wconf 84' lang='lat' dir='ltr'><strong>Amphipolim,</strong></span> <span class='ocrx_word' id='word_1_99' title='bbox 838 917 885 953; x_wconf 85' lang='lat' dir='ltr'><strong>ad</strong></span> <span class='ocrx_word' id='word_1_100' title='bbox 915 917 1064 953; x_wconf 87' lang='lat' dir='ltr'><strong>obsides</strong></span> <span class='ocrx_word' id='word_1_101' title='bbox 1083 916 1207 953; x_wconf 86' lang='lat' dir='ltr'><strong>Thra-</strong></span> 
     </span>
    </p>

    <p class='ocr_par' dir='ltr' id='par_1_13' title="bbox 93 977 1406 1033">
     <span class='ocr_line' id='line_1_14' title="bbox 93 977 1406 1033; baseline -0.002 -15"><span class='ocrx_word' id='word_1_102' title='bbox 93 995 179 1018; x_wconf 90' lang='lat' dir='ltr'><strong>cum</strong></span> <span class='ocrx_word' id='word_1_103' title='bbox 198 984 465 1033; x_wconf 87' lang='lat' dir='ltr'><strong>accipiendos:</strong></span> <span class='ocrx_word' id='word_1_104' title='bbox 498 982 725 1031; x_wconf 86' lang='lat' dir='ltr'><strong>digredienti</strong></span> <span class='ocrx_word' id='word_1_105' title='bbox 743 981 791 1018; x_wconf 90' lang='lat' dir='ltr'><strong>ab</strong></span> <span class='ocrx_word' id='word_1_106' title='bbox 821 994 861 1018; x_wconf 91' lang='lat' dir='ltr'><strong>se</strong></span> <span class='ocrx_word' id='word_1_107' title='bbox 889 981 1000 1017; x_wconf 83' lang='lat' dir='ltr'><strong>Didae</strong></span> <span class='ocrx_word' id='word_1_108' title='bbox 1030 981 1209 1017; x_wconf 85' lang='lat' dir='ltr'><strong>mandata</strong></span> <span class='ocrx_word' id='word_1_109' title='bbox 1221 977 1406 1008; x_wconf 80' lang='lat' dir='ltr'><strong>Demetrius</strong></span> 
     </span>
    </p>

    <p class='ocr_par' dir='ltr' id='par_1_14' title="bbox 93 1027 1366 1084">
     <span class='ocr_line' id='line_1_15' title="bbox 93 1027 1366 1084; baseline -0.001 -3"><span class='ocrx_word' id='word_1_110' title='bbox 93 1045 241 1083; x_wconf 83' lang='lat' dir='ltr'><strong>dedisse</strong></span> <span class='ocrx_word' id='word_1_111' title='bbox 270 1048 408 1084; x_wconf 84' lang='lat' dir='ltr'><strong>dicitur</strong></span> <span class='ocrx_word' id='word_1_112' title='bbox 434 1048 479 1084; x_wconf 93' lang='lat' dir='ltr'><strong>de</strong></span> <span class='ocrx_word' id='word_1_113' title='bbox 509 1047 588 1083; x_wconf 89' lang='lat' dir='ltr'><strong>filio</strong></span> <span class='ocrx_word' id='word_1_114' title='bbox 618 1046 840 1083; x_wconf 90' lang='lat' dir='ltr'><strong>occidendo.</strong></span> <span class='ocrx_word' id='word_1_115' title='bbox 898 1044 1132 1082; x_wconf 89' lang='lat' dir='ltr'><strong>Sacrificium</strong></span> <span class='ocrx_word' id='word_1_116' title='bbox 1160 1043 1208 1080; x_wconf 94' lang='lat' dir='ltr'><strong>ab</strong></span> <span class='ocrx_word' id='word_1_117' title='bbox 1222 1027 1366 1051; x_wconf 80' lang='lat' dir='ltr'><strong>necatur.</strong></span> 
     </span>
    </p>

    <p class='ocr_par' dir='ltr' id='par_1_15' title="bbox 93 1107 1211 1157">
     <span class='ocr_line' id='line_1_16' title="bbox 93 1107 1211 1157; baseline -0.001 -12"><span class='ocrx_word' id='word_1_118' title='bbox 93 1107 196 1146; x_wconf 89' lang='lat' dir='ltr'><strong>Dida</strong></span> <span class='ocrx_word' id='word_1_119' title='bbox 224 1122 290 1146; x_wconf 90' lang='lat' dir='ltr'><strong>seu</strong></span> <span class='ocrx_word' id='word_1_120' title='bbox 319 1111 551 1154; x_wconf 89' lang='lat' dir='ltr'><strong>institutum,</strong></span> <span class='ocrx_word' id='word_1_121' title='bbox 582 1122 647 1146; x_wconf 91' lang='lat' dir='ltr'><strong>seu</strong></span> <span class='ocrx_word' id='word_1_122' title='bbox 681 1108 900 1146; x_wconf 87' lang='lat' dir='ltr'><strong>simulatum</strong></span> <span class='ocrx_word' id='word_1_123' title='bbox 929 1115 1009 1145; x_wconf 90' lang='lat' dir='ltr'><strong>est:</strong></span> <span class='ocrx_word' id='word_1_124' title='bbox 1042 1107 1088 1144; x_wconf 91' lang='lat' dir='ltr'><strong>ad</strong></span> <span class='ocrx_word' id='word_1_125' title='bbox 1109 1107 1211 1157; x_wconf 89' lang='lat' dir='ltr'><strong>quod</strong></span> 
     </span>
    </p>

    <p class='ocr_par' dir='ltr' id='par_1_16' title="bbox 94 1172 1212 1224">
     <span class='ocr_line' id='line_1_17' title="bbox 94 1172 1212 1224; baseline -0.001 -15"><span class='ocrx_word' id='word_1_126' title='bbox 94 1172 360 1224; x_wconf 87' lang='lat' dir='ltr'><strong>celebrandum</strong></span> <span class='ocrx_word' id='word_1_127' title='bbox 388 1175 569 1210; x_wconf 87' lang='lat' dir='ltr'><strong>invitatus</strong></span> <span class='ocrx_word' id='word_1_128' title='bbox 598 1174 817 1210; x_wconf 88' lang='lat' dir='ltr'><strong>Demetrius</strong></span> <span class='ocrx_word' id='word_1_129' title='bbox 838 1173 885 1210; x_wconf 90' lang='lat' dir='ltr'><strong>ab</strong></span> <span class='ocrx_word' id='word_1_130' title='bbox 905 1174 1055 1209; x_wconf 84' lang='lat' dir='ltr'><strong>Astraeo</strong></span> <span class='ocrx_word' id='word_1_131' title='bbox 1084 1172 1212 1209; x_wconf 89' lang='lat' dir='ltr'><strong>Hera·</strong></span> 
     </span>
    </p>

    <p class='ocr_par' dir='ltr' id='par_1_17' title="bbox 92 1238 1210 1277">
     <span class='ocr_line' id='line_1_18' title="bbox 92 1238 1210 1277; baseline -0.001 -2"><span class='ocrx_word' id='word_1_132' title='bbox 92 1238 213 1275; x_wconf 86' lang='lat' dir='ltr'><strong>cleam</strong></span> <span class='ocrx_word' id='word_1_133' title='bbox 242 1240 369 1276; x_wconf 83' lang='lat' dir='ltr'><strong>venit:</strong></span> <span class='ocrx_word' id='word_1_134' title='bbox 403 1240 442 1275; x_wconf 89' lang='lat' dir='ltr'><strong>in</strong></span> <span class='ocrx_word' id='word_1_135' title='bbox 471 1253 516 1275; x_wconf 90' lang='lat' dir='ltr'><strong>ea</strong></span> <span class='ocrx_word' id='word_1_136' title='bbox 549 1252 660 1277; x_wconf 88' lang='lat' dir='ltr'><strong>coena</strong></span> <span class='ocrx_word' id='word_1_137' title='bbox 693 1240 831 1275; x_wconf 91' lang='lat' dir='ltr'><strong>dicitur</strong></span> <span class='ocrx_word' id='word_1_138' title='bbox 849 1251 1037 1275; x_wconf 82' lang='lat' dir='ltr'><strong>venenum</strong></span> <span class='ocrx_word' id='word_1_139' title='bbox 1067 1238 1210 1275; x_wconf 84' lang='lat' dir='ltr'><strong>datum.</strong></span> 
     </span>
    </p>

    <p class='ocr_par' dir='ltr' id='par_1_18' title="bbox 92 1303 1209 1356">
     <span class='ocr_line' id='line_1_19' title="bbox 92 1303 1209 1356; baseline 0.001 -17"><span class='ocrx_word' id='word_1_140' title='bbox 92 1303 238 1341; x_wconf 90' lang='lat' dir='ltr'><strong>Poculo</strong></span> <span class='ocrx_word' id='word_1_141' title='bbox 258 1313 388 1356; x_wconf 91' lang='lat' dir='ltr'><strong>epoto,</strong></span> <span class='ocrx_word' id='word_1_142' title='bbox 410 1305 602 1355; x_wconf 80' lang='lat' dir='ltr'><strong>extemplo</strong></span> <span class='ocrx_word' id='word_1_143' title='bbox 633 1305 776 1341; x_wconf 84' lang='lat' dir='ltr'><strong>sensit:</strong></span> <span class='ocrx_word' id='word_1_144' title='bbox 810 1310 849 1341; x_wconf 89' lang='lat' dir='ltr'><strong>et</strong></span> <span class='ocrx_word' id='word_1_145' title='bbox 869 1318 955 1341; x_wconf 86' lang='lat' dir='ltr'><strong>mox</strong></span> <span class='ocrx_word' id='word_1_146' title='bbox 978 1305 1119 1341; x_wconf 86' lang='lat' dir='ltr'><strong>coortis</strong></span> <span class='ocrx_word' id='word_1_147' title='bbox 1140 1304 1209 1340; x_wconf 90' lang='lat' dir='ltr'><strong>do-</strong></span> 
     </span>
    </p>

    <p class='ocr_par' dir='ltr' id='par_1_19' title="bbox 91 1366 1210 1423">
     <span class='ocr_line' id='line_1_20' title="bbox 91 1366 1210 1423; baseline 0.001 -18"><span class='ocrx_word' id='word_1_148' title='bbox 91 1366 251 1423; x_wconf 86' lang='lat' dir='ltr'><strong>loribus,</strong></span> <span class='ocrx_word' id='word_1_149' title='bbox 271 1369 406 1407; x_wconf 88' lang='lat' dir='ltr'><strong>relicto</strong></span> <span class='ocrx_word' id='word_1_150' title='bbox 435 1369 626 1417; x_wconf 71' lang='lat' dir='ltr'><strong>convivio,</strong></span> <span class='ocrx_word' id='word_1_151' title='bbox 647 1380 763 1421; x_wconf 83' lang='lat' dir='ltr'><strong>quum</strong></span> <span class='ocrx_word' id='word_1_152' title='bbox 791 1368 832 1406; x_wconf 88' lang='lat' dir='ltr'><strong>in</strong></span> <span class='ocrx_word' id='word_1_153' title='bbox 862 1368 1080 1408; x_wconf 87' lang='lat' dir='ltr'><strong>cubiculum</strong></span> <span class='ocrx_word' id='word_1_154' title='bbox 1105 1380 1210 1406; x_wconf 86' lang='lat' dir='ltr'><strong>rece-</strong></span> 
     </span>
    </p>

    <p class='ocr_par' dir='ltr' id='par_1_20' title="bbox 93 1433 1210 1488">
     <span class='ocr_line' id='line_1_21' title="bbox 93 1433 1210 1488; baseline 0.006 -20"><span class='ocrx_word' id='word_1_155' title='bbox 93 1433 210 1484; x_wconf 90' lang='lat' dir='ltr'><strong>pisset</strong></span> <span class='ocrx_word' id='word_1_156' title='bbox 229 1447 324 1478; x_wconf 87' lang='lat' dir='ltr'><strong>sese,</strong></span> <span class='ocrx_word' id='word_1_157' title='bbox 352 1435 615 1473; x_wconf 87' lang='lat' dir='ltr'><strong>crudelitatem</strong></span> <span class='ocrx_word' id='word_1_158' title='bbox 638 1436 758 1486; x_wconf 87' lang='lat' dir='ltr'><strong>patris</strong></span> <span class='ocrx_word' id='word_1_159' title='bbox 778 1447 1028 1485; x_wconf 80' lang='lat' dir='ltr'><strong>conquerenS,</strong></span> <span class='ocrx_word' id='word_1_160' title='bbox 1050 1435 1210 1488; x_wconf 46' lang='lat' dir='ltr'><strong>pax-rici*</strong></span> 
     </span>
    </p>

    <p class='ocr_par' dir='ltr' id='par_1_21' title="bbox 92 1496 1203 1550">
     <span class='ocr_line' id='line_1_22' title="bbox 92 1496 1203 1550; baseline 0.005 -18"><span class='ocrx_word' id='word_1_161' title='bbox 92 1496 196 1533; x_wconf 89' lang='lat' dir='ltr'><strong>dium</strong></span> <span class='ocrx_word' id='word_1_162' title='bbox 213 1497 356 1543; x_wconf 89' lang='lat' dir='ltr'><strong>fratris,</strong></span> <span class='ocrx_word' id='word_1_163' title='bbox 378 1511 421 1535; x_wconf 89' lang='lat' dir='ltr'><strong>ac</strong></span> <span class='ocrx_word' id='word_1_164' title='bbox 443 1498 553 1536; x_wconf 86' lang='lat' dir='ltr'><strong>Didae</strong></span> <span class='ocrx_word' id='word_1_165' title='bbox 574 1499 695 1537; x_wconf 88' lang='lat' dir='ltr'><strong>scelus</strong></span> <span class='ocrx_word' id='word_1_166' title='bbox 715 1499 907 1544; x_wconf 87' lang='lat' dir='ltr'><strong>incusans,</strong></span> <span class='ocrx_word' id='word_1_167' title='bbox 928 1500 1179 1550; x_wconf 86' lang='lat' dir='ltr'><strong>torquebatur</strong></span> <span class='ocrx_word' id='word_1_168' title='bbox 1196 1518 1203 1538; x_wconf 93' lang='lat'>:</span> 
     </span>
    </p>

    <p class='ocr_par' dir='ltr' id='par_1_22' title="bbox 92 1560 1207 1613">
     <span class='ocr_line' id='line_1_23' title="bbox 92 1560 1207 1613; baseline 0.004 -17"><span class='ocrx_word' id='word_1_169' title='bbox 92 1560 301 1597; x_wconf 87' lang='lat' dir='ltr'><strong>intromissi</strong></span> <span class='ocrx_word' id='word_1_170' title='bbox 321 1562 457 1599; x_wconf 85' lang='lat' dir='ltr'><strong>deinde</strong></span> <span class='ocrx_word' id='word_1_171' title='bbox 475 1562 632 1613; x_wconf 86' lang='lat' dir='ltr'><strong>Thyrsis</strong></span> <span class='ocrx_word' id='word_1_172' title='bbox 653 1563 803 1612; x_wconf 88' lang='lat' dir='ltr'><strong>quidam</strong></span> <span class='ocrx_word' id='word_1_173' title='bbox 827 1563 1043 1600; x_wconf 88' lang='lat' dir='ltr'><strong>Stuberaeus</strong></span> <span class='ocrx_word' id='word_1_174' title='bbox 1064 1571 1102 1601; x_wconf 90' lang='lat' dir='ltr'><strong>et</strong></span> <span class='ocrx_word' id='word_1_175' title='bbox 1130 1564 1207 1601; x_wconf 90' lang='lat' dir='ltr'><strong>Be-</strong></span> 
     </span>
    </p>

    <p class='ocr_par' dir='ltr' id='par_1_23' title="bbox 92 1626 1207 1678">
     <span class='ocr_line' id='line_1_24' title="bbox 92 1626 1207 1678; baseline 0.004 -17"><span class='ocrx_word' id='word_1_176' title='bbox 92 1637 226 1661; x_wconf 88' lang='lat' dir='ltr'><strong>roeaeus</strong></span> <span class='ocrx_word' id='word_1_177' title='bbox 255 1626 485 1670; x_wconf 86' lang='lat' dir='ltr'><strong>Alexander,</strong></span> <span class='ocrx_word' id='word_1_178' title='bbox 510 1626 660 1677; x_wconf 89' lang='lat' dir='ltr'><strong>injectis</strong></span> <span class='ocrx_word' id='word_1_179' title='bbox 691 1627 881 1677; x_wconf 85' lang='lat' dir='ltr'><strong>tapetibus</strong></span> <span class='ocrx_word' id='word_1_180' title='bbox 912 1628 951 1664; x_wconf 92' lang='lat' dir='ltr'><strong>in</strong></span> <span class='ocrx_word' id='word_1_181' title='bbox 980 1635 1094 1678; x_wconf 88' lang='lat' dir='ltr'><strong>caput</strong></span> <span class='ocrx_word' id='word_1_182' title='bbox 1122 1629 1207 1665; x_wconf 89' lang='lat' dir='ltr'><strong>fau-</strong></span> 
     </span>
    </p>

    <p class='ocr_par' dir='ltr' id='par_1_24' title="bbox 91 1690 1206 1741">
     <span class='ocr_line' id='line_1_25' title="bbox 91 1690 1206 1741; baseline 0.004 -17"><span class='ocrx_word' id='word_1_183' title='bbox 91 1700 241 1738; x_wconf 88' lang='lat' dir='ltr'><strong>cesque,</strong></span> <span class='ocrx_word' id='word_1_184' title='bbox 263 1691 436 1741; x_wconf 87' lang='lat' dir='ltr'><strong>spiritum</strong></span> <span class='ocrx_word' id='word_1_185' title='bbox 466 1690 771 1728; x_wconf 85' lang='lat' dir='ltr'><strong>intercluserunt.</strong></span> <span class='ocrx_word' id='word_1_186' title='bbox 828 1691 890 1727; x_wconf 85' lang='lat' dir='ltr'><strong>Ita</strong></span> <span class='ocrx_word' id='word_1_187' title='bbox 915 1692 1093 1728; x_wconf 89' lang='lat' dir='ltr'><strong>innoxius</strong></span> <span class='ocrx_word' id='word_1_188' title='bbox 1114 1692 1206 1728; x_wconf 90' lang='lat' dir='ltr'><strong>ado-</strong></span> 
     </span>
    </p>

    <p class='ocr_par' dir='ltr' id='par_1_25' title="bbox 89 1749 1243 1805">
     <span class='ocr_line' id='line_1_26' title="bbox 89 1749 1243 1805; baseline 0.004 -17"><span class='ocrx_word' id='word_1_189' title='bbox 89 1751 249 1797; x_wconf 89' lang='lat' dir='ltr'><strong>lescens,</strong></span> <span class='ocrx_word' id='word_1_190' title='bbox 266 1767 382 1803; x_wconf 90' lang='lat' dir='ltr'><strong>quum</strong></span> <span class='ocrx_word' id='word_1_191' title='bbox 401 1756 439 1791; x_wconf 91' lang='lat' dir='ltr'><strong>in</strong></span> <span class='ocrx_word' id='word_1_192' title='bbox 461 1768 506 1792; x_wconf 92' lang='lat' dir='ltr'><strong>eo</strong></span> <span class='ocrx_word' id='word_1_193' title='bbox 526 1768 574 1791; x_wconf 91' lang='lat' dir='ltr'><strong>ne</strong></span> <span class='ocrx_word' id='word_1_194' title='bbox 595 1754 754 1805; x_wconf 89' lang='lat' dir='ltr'><strong>simplici</strong></span> <span class='ocrx_word' id='word_1_195' title='bbox 776 1755 927 1805; x_wconf 91' lang='lat' dir='ltr'><strong>quidem</strong></span> <span class='ocrx_word' id='word_1_196' title='bbox 946 1768 1083 1804; x_wconf 85' lang='lat' dir='ltr'><strong>genere</strong></span> <span class='ocrx_word' id='word_1_197' title='bbox 1103 1769 1205 1793; x_wconf 88' lang='lat' dir='ltr'><strong>mor-</strong></span> <span class='ocrx_word' id='word_1_198' title='bbox 1236 1749 1243 1753; x_wconf 25' lang='grc' dir='ltr'><em>Ι</em></span> 
     </span>
    </p>

    <p class='ocr_par' dir='ltr' id='par_1_26' title="bbox 91 1816 949 1862">
     <span class='ocr_line' id='line_1_27' title="bbox 91 1816 949 1862; baseline 0.005 -10"><span class='ocrx_word' id='word_1_199' title='bbox 91 1816 140 1852; x_wconf 89' lang='lat' dir='ltr'><strong>tis</strong></span> <span class='ocrx_word' id='word_1_200' title='bbox 160 1819 332 1854; x_wconf 90' lang='lat' dir='ltr'><strong>contenti</strong></span> <span class='ocrx_word' id='word_1_201' title='bbox 351 1819 495 1855; x_wconf 89' lang='lat' dir='ltr'><strong>inimici</strong></span> <span class='ocrx_word' id='word_1_202' title='bbox 514 1820 690 1862; x_wconf 87' lang='lat' dir='ltr'><strong>fuissent,</strong></span> <span class='ocrx_word' id='word_1_203' title='bbox 713 1819 949 1856; x_wconf 87' lang='lat' dir='ltr'><strong>interficitur.</strong></span> 
     </span>
    </p>
   </div>
   <div class='ocr_carea' id='block_1_3' title="bbox 144 1880 1344 1972">
    <p class='ocr_par' dir='ltr' id='par_1_27' title="bbox 144 1880 1344 1972">
     <span class='ocr_line' id='line_1_28' title="bbox 144 1880 1332 1962; baseline 0.003 -45"><span class='ocrx_word' id='word_1_204' title='bbox 144 1880 275 1919; x_wconf 89' lang='lat' dir='ltr'>XXV.</span> <span class='ocrx_word' id='word_1_205' title='bbox 304 1881 409 1920; x_wconf 92' lang='lat' dir='ltr'><strong>Dum</strong></span> <span class='ocrx_word' id='word_1_206' title='bbox 451 1884 533 1920; x_wconf 85' lang='lat' dir='ltr'><strong>haec</strong></span> <span class='ocrx_word' id='word_1_207' title='bbox 570 1884 609 1919; x_wconf 90' lang='lat' dir='ltr'><strong>in</strong></span> <span class='ocrx_word' id='word_1_208' title='bbox 655 1883 886 1920; x_wconf 88' lang='lat' dir='ltr'><strong>Macedonia</strong></span> <span class='ocrx_word' id='word_1_209' title='bbox 921 1890 1118 1932; x_wconf 85' lang='lat' dir='ltr'><strong>geruntur,</strong></span> <span class='ocrx_word' id='word_1_210' title='bbox 1155 1883 1202 1922; x_wconf 85' lang='lat' dir='ltr'><strong>L.</strong></span> <span class='ocrx_word' id='word_1_211' title='bbox 1217 1890 1279 1962; x_wconf 50' lang='grc' dir='ltr'><strong>ἓεε</strong></span> <span class='ocrx_word' id='word_1_212' title='bbox 1301 1892 1332 1940; x_wconf 60' lang='lat' dir='ltr'><strong>ip</strong></span> 
     </span>
     <span class='ocr_line' id='line_1_29' title="bbox 1243 1944 1344 1972; baseline 0.03 -10"><span class='ocrx_word' id='word_1_213' title='bbox 1243 1944 1344 1972; x_wconf 75' lang='lat' dir='ltr'><strong>igurm</strong></span> 
     </span>
    </p>
   </div>
   <div class='ocr_carea' id='block_1_4' title="bbox 91 1944 1312 2016">
    <p class='ocr_par' dir='ltr' id='par_1_28' title="bbox 91 1944 1312 2016">
     <span class='ocr_line' id='line_1_30' title="bbox 91 1944 1312 2016; baseline 0.002 -35"><span class='ocrx_word' id='word_1_214' title='bbox 91 1944 271 1982; x_wconf 86' lang='lat' dir='ltr'><strong>AEmilius</strong></span> <span class='ocrx_word' id='word_1_215' title='bbox 300 1947 470 1991; x_wconf 89' lang='lat' dir='ltr'><strong>Paullus,</strong></span> <span class='ocrx_word' id='word_1_216' title='bbox 500 1954 709 1998; x_wconf 86' lang='lat' dir='ltr'><strong>prorogato</strong></span> <span class='ocrx_word' id='word_1_217' title='bbox 739 1961 785 1984; x_wconf 83' lang='lat' dir='ltr'><strong>ex</strong></span> <span class='ocrx_word' id='word_1_218' title='bbox 805 1948 1006 1984; x_wconf 86' lang='lat' dir='ltr'><strong>consulatu</strong></span> <span class='ocrx_word' id='word_1_219' title='bbox 1025 1949 1201 1998; x_wconf 76' lang='lat' dir='ltr'><strong>imperio,</strong></span> <span class='ocrx_word' id='word_1_220' title='bbox 1217 1985 1312 2016; x_wconf 60' lang='lat' dir='ltr'>gestae</span> 
     </span>
    </p>
   </div>
   <div class='ocr_carea' id='block_1_5' title="bbox 90 2009 1204 2317">
    <p class='ocr_par' dir='ltr' id='par_1_29' title="bbox 90 2009 1204 2317">
     <span class='ocr_line' id='line_1_31' title="bbox 91 2009 1202 2061; baseline 0.006 -17"><span class='ocrx_word' id='word_1_221' title='bbox 91 2009 278 2060; x_wconf 90' lang='lat' dir='ltr'><strong>principio</strong></span> <span class='ocrx_word' id='word_1_222' title='bbox 293 2012 388 2048; x_wconf 86' lang='lat' dir='ltr'><strong>veris</strong></span> <span class='ocrx_word' id='word_1_223' title='bbox 405 2012 442 2048; x_wconf 90' lang='lat' dir='ltr'><strong>in</strong></span> <span class='ocrx_word' id='word_1_224' title='bbox 461 2011 623 2061; x_wconf 84' lang='lat' dir='ltr'><strong>Ligures</strong></span> <span class='ocrx_word' id='word_1_225' title='bbox 644 2012 837 2061; x_wconf 87' lang='lat' dir='ltr'><strong>Ingaunos</strong></span> <span class='ocrx_word' id='word_1_226' title='bbox 856 2013 1062 2049; x_wconf 76' lang='lat' dir='ltr'><strong>exercitum</strong></span> <span class='ocrx_word' id='word_1_227' title='bbox 1081 2013 1202 2051; x_wconf 90' lang='lat' dir='ltr'><strong>intro-</strong></span> 
     </span>
     <span class='ocr_line' id='line_1_32' title="bbox 91 2072 1203 2129; baseline 0.006 -21"><span class='ocrx_word' id='word_1_228' title='bbox 91 2072 210 2110; x_wconf 73' lang='lat' dir='ltr'><strong>duxit.</strong></span> <span class='ocrx_word' id='word_1_229' title='bbox 267 2074 345 2112; x_wconf 91' lang='lat' dir='ltr'><strong>Ubi</strong></span> <span class='ocrx_word' id='word_1_230' title='bbox 376 2077 538 2126; x_wconf 89' lang='lat' dir='ltr'><strong>primum</strong></span> <span class='ocrx_word' id='word_1_231' title='bbox 567 2076 607 2112; x_wconf 89' lang='lat' dir='ltr'><strong>in</strong></span> <span class='ocrx_word' id='word_1_232' title='bbox 635 2076 803 2112; x_wconf 87' lang='lat' dir='ltr'><strong>hostium</strong></span> <span class='ocrx_word' id='word_1_233' title='bbox 832 2076 969 2112; x_wconf 89' lang='lat' dir='ltr'><strong>finibus</strong></span> <span class='ocrx_word' id='word_1_234' title='bbox 989 2084 1114 2114; x_wconf 86' lang='lat' dir='ltr'><strong>castra</strong></span> <span class='ocrx_word' id='word_1_235' title='bbox 1132 2091 1203 2129; x_wconf 92' lang='lat' dir='ltr'><strong>po—</strong></span> 
     </span>
     <span class='ocr_line' id='line_1_33' title="bbox 93 2136 1204 2192; baseline 0.007 -22"><span class='ocrx_word' id='word_1_236' title='bbox 93 2136 181 2178; x_wconf 88' lang='lat' dir='ltr'><strong>suit,</strong></span> <span class='ocrx_word' id='word_1_237' title='bbox 200 2136 313 2186; x_wconf 85' lang='lat' dir='ltr'><strong>legati</strong></span> <span class='ocrx_word' id='word_1_238' title='bbox 332 2140 380 2176; x_wconf 91' lang='lat' dir='ltr'><strong>ad</strong></span> <span class='ocrx_word' id='word_1_239' title='bbox 399 2152 499 2184; x_wconf 86' lang='lat' dir='ltr'><strong>eum,</strong></span> <span class='ocrx_word' id='word_1_240' title='bbox 520 2153 586 2190; x_wconf 89' lang='lat' dir='ltr'><strong>per</strong></span> <span class='ocrx_word' id='word_1_241' title='bbox 605 2141 769 2190; x_wconf 86' lang='lat' dir='ltr'><strong>speciem</strong></span> <span class='ocrx_word' id='word_1_242' title='bbox 788 2139 890 2189; x_wconf 87' lang='lat' dir='ltr'><strong>pacis</strong></span> <span class='ocrx_word' id='word_1_243' title='bbox 911 2140 1097 2190; x_wconf 85' lang='lat' dir='ltr'><strong>petendae,</strong></span> <span class='ocrx_word' id='word_1_244' title='bbox 1119 2154 1204 2192; x_wconf 89' lang='lat' dir='ltr'><strong>spe-</strong></span> 
     </span>
     <span class='ocr_line' id='line_1_34' title="bbox 92 2199 1202 2253; baseline 0.007 -19"><span class='ocrx_word' id='word_1_245' title='bbox 92 2199 257 2236; x_wconf 82' lang='lat' dir='ltr'><strong>culatum</strong></span> <span class='ocrx_word' id='word_1_246' title='bbox 274 2211 458 2241; x_wconf 87' lang='lat' dir='ltr'><strong>venerunt</strong></span> <span class='ocrx_word' id='word_1_247' title='bbox 475 2220 483 2242; x_wconf 76' lang='lat' dir='ltr'><em>z</em></span> <span class='ocrx_word' id='word_1_248' title='bbox 516 2211 680 2253; x_wconf 85' lang='lat' dir='ltr'><strong>negante</strong></span> <span class='ocrx_word' id='word_1_249' title='bbox 698 2203 847 2245; x_wconf 89' lang='lat' dir='ltr'><strong>Paullo,</strong></span> <span class='ocrx_word' id='word_1_250' title='bbox 870 2204 943 2241; x_wconf 87' lang='lat' dir='ltr'><strong>nisi</strong></span> <span class='ocrx_word' id='word_1_251' title='bbox 963 2217 1048 2240; x_wconf 90' lang='lat' dir='ltr'><strong>cum</strong></span> <span class='ocrx_word' id='word_1_252' title='bbox 1069 2205 1202 2242; x_wconf 84' lang='lat' dir='ltr'><strong>deditis</strong></span> 
     </span>
     <span class='ocr_line' id='line_1_35' title="bbox 90 2264 1204 2317; baseline 0.006 -18"><span class='ocrx_word' id='word_1_253' title='bbox 90 2264 228 2313; x_wconf 85' lang='lat' dir='ltr'><strong>pacisci</strong></span> <span class='ocrx_word' id='word_1_254' title='bbox 249 2277 287 2301; x_wconf 85' lang='lat' dir='ltr'><strong>se</strong></span> <span class='ocrx_word' id='word_1_255' title='bbox 307 2279 451 2316; x_wconf 89' lang='lat' dir='ltr'><strong>pacem,</strong></span> <span class='ocrx_word' id='word_1_256' title='bbox 468 2282 546 2306; x_wconf 91' lang='lat' dir='ltr'><strong>non</strong></span> <span class='ocrx_word' id='word_1_257' title='bbox 565 2276 643 2306; x_wconf 87' lang='lat' dir='ltr'><strong>tam</strong></span> <span class='ocrx_word' id='word_1_258' title='bbox 659 2269 697 2304; x_wconf 90' lang='lat' dir='ltr'><strong>id</strong></span> <span class='ocrx_word' id='word_1_259' title='bbox 714 2267 953 2311; x_wconf 86' lang='lat' dir='ltr'><strong>recusabant,</strong></span> <span class='ocrx_word' id='word_1_260' title='bbox 973 2282 1086 2317; x_wconf 87' lang='lat' dir='ltr'><strong>quam</strong></span> <span class='ocrx_word' id='word_1_261' title='bbox 1106 2276 1204 2307; x_wconf 79' lang='lat' dir='ltr'><strong>tein-</strong></span> 
     </span>
    </p>
   </div>
   <div class='ocr_carea' id='block_1_6' title="bbox 598 2332 687 2370">
    <p class='ocr_par' dir='ltr' id='par_1_30' title="bbox 598 2332 687 2370">
     <span class='ocr_line' id='line_1_36' title="bbox 598 2332 687 2370; baseline 0 0"><span class='ocrx_word' id='word_1_262' title='bbox 598 2332 687 2370; x_wconf 78' lang='lat' dir='ltr'><strong>M4</strong></span> 
     </span>
    </p>
   </div>
  </div>
 </body>
</html>
