1546 2648
373 138 527 169 LIBER
551 136 682 167 XLII·
715 135 822 165 CAP.
847 133 962 167 L111.
1114 135 1195 182 377

90 236 153 264 suo
178 233 337 277 gerentes
361 228 492 265 bellum
518 226 701 264 Romanos
724 227 916 275 speciosum
947 228 1092 264 Graeciae
1117 228 1200 264 zibe—
1214 236 1256 266 U.
1270 235 1392 267 C.581.

94 294 216 329 randae
235 294 356 329 tulisse
375 292 519 329 titulum
534 307 546 328 .·
572 304 666 328 nunc
679 292 873 339 propalam
892 291 1147 328 Macedoniam
1165 279 1253 329 inA·
1267 278 1303 310 C·
1319 285 1392 314 '7²‘

91 358 292 393 servitutem
304 360 440 405 petere,
456 367 500 392 ne
513 367 576 392 rex
589 356 725 391 vicinus
739 356 889 403 imperio
905 356 952 391 sit
967 355 1143 398 Romano,
1161 369 1203 392 ne

90 432 175 468 gens
202 420 291 457 bello
318 421 447 456 nobilis
474 432 579 456 arma
607 419 747 455 habeat.
803 419 894 456 Hoec
915 421 1008 455 enim
1029 421 1203 455 tradenda

89 485 245 532 superbis
273 486 426 521 dominis
453 494 524 521 esse
551 496 631 520 cum
659 495 742 531 rege
769 495 960 532 regnoque,
980 484 1010 519 si
1038 484 1203 520 absistere

90 548 195 591 bello,
213 553 247 584 et
255 548 388 597 facere
406 550 585 597 imperata
603 548 725 584 velint.

140 611 254 650 LIII.
274 613 401 652 Quum
420 624 488 663 per
505 624 657 648 omnem
673 611 889 648 orationem
905 611 995 648 satis
1012 611 1203 661 frequenti

90 676 250 713 adsensu
277 677 552 714 subclamatum
578 682 700 722 esset3
732 682 813 711 tum
833 688 922 712 vero
950 688 994 712 ea
1019 676 1202 713 vocifera-

90 740 160 784 tio,
181 741 292 777 simul
310 742 592 791 indignantium
617 741 966 789 minitantiumque,
987 742 1124 791 partim
1138 740 1203 791 ju—

91 803 263 841 bentium
287 805 434 843 bonum
459 806 628 842 animum
651 805 793 842 habere
818 817 958 854 regem,
980 812 1113 842 exorta
1132 811 1202 848 est,

89 875 133 904 nt
157 867 271 905 finem
297 869 444 905 dicendi
462 868 628 905 faceret:
659 874 809 904 tantum
833 868 950 918 jussis
971 869 1018 905 ad
1039 869 1111 905 iter
1135 882 1204 919 pa·

89 944 187 975 rare,
210 931 308 982 (jam
337 933 438 970 enim
467 933 554 976 dici,
574 944 726 969 movere
755 938 879 968 castra
908 933 955 968 ab
984 932 1203 982 Nymphaeo

88 994 305 1044 Romanos)
346 997 532 1034 concione
572 996 738 1039 dimissa,
773 995 818 1032 ad
858 995 1062 1032 audiendas
1100 995 1203 1045 lega·
1218 1003 1420 1037 Macedoniae

90 1059 215 1096 tiones
241 1060 451 1097 civitatium
479 1059 717 1096 Macedoniae
744 1071 784 1095 se
803 1058 990 1095 contulit:
1022 1066 1204 1096 venerant
1217 1048 1359 1121 0ἱέὴὸΨὲ

90 1129 216 1160 autem
236 1123 282 1160 ad
299 1125 493 1174 pecunias,
514 1136 584 1175 pro
602 1123 849 1160 facultatibus
871 1136 1028 1173 quaeque
1054 1124 1145 1168 suis,
1167 1131 1203 1160 et
1216 1101 1392 1167 Ebeprxpggn

90 1186 320 1223 frumentum
339 1187 594 1238 pollicendum
610 1187 656 1224 ad
671 1187 824 1224 bellum.
863 1186 1051 1223 Omnibus
1072 1187 1205 1235 gratiae

90 1255 199 1294 actae,
219 1251 416 1287 remissum
436 1251 612 1287 omnibus
627 1266 638 1297 5
672 1251 762 1286 satis
789 1251 914 1299 regios
935 1250 1137 1300 adparatus
1157 1252 1205 1287 ad

90 1327 133 1351 ea
161 1315 303 1352 dictum
329 1314 536 1351 subticere:
571 1314 744 1352 vehicula
769 1321 921 1352 tantum
943 1316 1143 1365 imperata,
1165 1322 1206 1351 ut

89 1383 295 1422 tormenta,
316 1377 554 1428 telorumque
573 1378 773 1415 missilium
791 1379 988 1427 ingentem
1008 1379 1083 1414 vim
1108 1391 1205 1428 prae-

88 1449 274 1493 paratam,
293 1441 547 1492 bellicumque
573 1443 676 1480 aliud
694 1444 990 1479 instrumentum
1009 1442 1203 1479 veherent.

89 1506 288 1543 Profectus
317 1507 405 1543 inde
433 1512 517 1543 toto
546 1508 730 1551 exercitu,
756 1507 958 1544 Eordaeam
988 1512 1136 1557 petens,
1157 1506 1204 1542 ad

90 1568 344 1618 Begorritem,
361 1582 474 1619 quem
490 1573 643 1613 vocant,
660 1570 783 1607 lacum
799 1571 933 1620 positis
950 1571 1097 1613 castris,
1113 1582 1203 1620 pos-

90 1639 173 1669 tero
192 1633 252 1669 die
271 1634 311 1670 in
329 1633 517 1670 Elimeam
539 1634 587 1671 ad
606 1634 862 1671 Haliacmona
875 1635 1031 1671 fluvium
1050 1646 1202 1684 proces·
1230 1678 1235 1683 „

88 1697 149 1734 sit.
194 1696 345 1734 Deinde
363 1697 463 1734 saltu
483 1704 646 1747 angusto
667 1699 853 1748 superatis
872 1697 1082 1741 montibus,
1104 1711 1201 1748 quos
1214 1713 1242 1744 It
1258 1714 1291 1743 jn
1305 1714 1411 1745 Thes.

89 1761 323 1798 Cambunios
344 1767 496 1805 vocant,
517 1762 712 1798 descendit
739 1762 786 1798 ad
814 1761 1023 1812 (Tripolim
1042 1762 1199 1810 vocant)
1213 1756 1338 1788 saliam-

87 1825 273 1869 Azorum,
302 1825 499 1875 Pythium,
533 1831 572 1861 et
603 1824 795 1862 Dolichen
826 1826 1049 1864 incolentes.
1107 1825 1203 1863 Haec

88 1891 163 1927 tria
181 1892 320 1942 oppida
339 1892 543 1942 paullisper
563 1899 756 1936 cunctata,
777 1894 866 1942 quia
891 1892 1042 1929 obsides
1072 1892 1203 1929 Laris-

89 1955 171 1991 saeis
192 1955 387 1999 dederant,
407 1956 507 1992 victa
532 1962 660 1992 tamen
689 1957 867 2006 praesenti
894 1963 1012 1999 metu,
1032 1957 1072 1992 in
1097 1957 1203 1993 dedi-

89 2020 233 2056 tionem
254 2026 534 2057 concesserunt.
591 2020 764 2069 Benigne
789 2021 847 2057 his
868 2020 1080 2071 adpellatis‚
1101 2021 1202 2057 haud

90 2082 224 2119 dubius
244 2084 467 2121 Perrhaebos
487 2097 637 2134 quoque
657 2085 754 2121 idem
775 2085 958 2128 facturos,
980 2084 1125 2126 urbem,
1142 2086 1201 2121 ni-

91 2146 145 2182 hil
164 2149 364 2192 cunctatis,
385 2151 449 2198 qui
469 2149 702 2193 incolebant,
722 2151 846 2201 primo
866 2150 1030 2186 adventu
1055 2150 1201 2199 recipit.

91 2210 263 2259 Cyretias
292 2211 512 2261 obpugnare
540 2219 709 2257 coactus,
740 2214 863 2264 primo
893 2213 1008 2249 etiam
1036 2213 1097 2248 die
1125 2213 1203 2248 acri

90 2286 276 2311 concursu
296 2275 341 2312 ad
361 2282 490 2326 portas
510 2284 742 2316 armatorum
758 2284 816 2314 est
830 2277 1023 2328 repulsus:
1046 2282 1203 2326 postem
