1546 2648
294 185 375 227 262
438 214 442 220 -
535 204 541 210 ·
748 198 949 227 T.L1v11

99 296 139 326 U.
155 295 193 326 C.
208 300 280 329 ⁵72-
293 283 458 334 culapio,
480 282 601 320 Saluti
620 282 720 320 dona
740 297 890 328 vovere,
911 291 948 321 et
966 286 1055 322 dare
1075 287 1182 335 signa
1202 286 1398 331 inaurata5

98 339 191 372 A.C.
208 345 376 396 ¹8⁰·quae
404 348 509 383 vovit
537 346 727 396 deditque.
782 347 998 385 Decemviri
1029 349 1343 399 supplicationem
1364 349 1403 384 in

288 411 451 449 biduum
469 410 693 447 valetudinis
713 423 845 448 caussa
864 412 902 448 in
923 412 1015 448 urbe
1035 420 1073 448 et
1092 425 1159 463 per
1174 413 1302 449 omnia
1320 411 1405 448 fora

293 474 620 523 conciliabulaque
652 474 873 511 edixerunt:
912 475 1075 525 majores
1106 476 1301 513 duodecim
1335 487 1404 511 an-

292 539 366 582 nis,
387 550 518 574 omnes
548 538 721 573 coronati
751 544 789 573 et
817 538 985 575 lauream
1013 539 1053 575 in
1081 552 1196 576 manu
1215 545 1403 580 tenentes,

293 601 612 652 supplicaverunt.
666 601 825 638 Fraudis
853 614 1004 651 quoque
1031 603 1207 639 humanae
1235 603 1405 639 insinua·-

292 671 399 702 verat
419 665 585 714 suspicio
605 665 739 700 animis
756 681 767 709 3
800 671 839 701 et
860 666 1031 702 veneficii
1050 667 1209 714 quaestio
1229 679 1276 702 ex
1295 678 1403 701 sena-

294 728 549 771 tusconsulto,
571 727 671 776 quod
700 728 738 763 in
768 727 874 771 urbe,
896 729 1097 778 propiusve
1126 729 1258 765 urbem
1277 728 1406 764 decem

293 792 460 830 millibus
480 804 658 841 passuum
677 798 775 828 esset
791 793 1048 836 commissum,
1070 793 1113 829 C.
1131 792 1290 829 Claudio
1309 804 1405 842 prae-

292 856 383 898 tori,
405 856 468 904 qui
488 856 525 891 in
546 855 673 892 locum
695 856 756 893 Ti.
774 855 938 892 Minucii
958 862 1039 892 erat
1058 856 1275 902 subfectus,
1308 854 1407 891 ultra

294 921 480 957 decimum
508 920 672 970 lapidem
695 933 763 970 per
790 919 875 956 fora
898 919 1225 969 conciliabulaque
1245 920 1289 956 C.
1307 918 1406 955 Mae-

295 987 376 1030 nio,
397 987 613 1036 priusquam
642 987 681 1022 in
702 986 913 1023 Sardiniam
945 986 1181 1037 provinciam
1198 983 1404 1033 trajiceret,

296 1051 459 1087 decreta.
515 1050 699 1100 Suspecta
718 1049 882 1086 consulis
903 1055 984 1085 erat
1003 1061 1104 1085 mors
1124 1048 1305 1084 maxime:
1337 1058 1405 1082 ne-

295 1121 401 1151 catus
421 1127 442 1150 a
462 1115 608 1153 Quarta
629 1113 799 1149 Hostilia
814 1124 932 1149 uxore
951 1111 1170 1148 dicebatur:
1194 1117 1236 1146 ut
1254 1109 1405 1158 quidem

294 1177 393 1214 filius
413 1176 493 1227 ejus
513 1177 562 1216 Q.
578 1176 732 1212 Fulvius
751 1175 910 1212 Flaccus
930 1174 1111 1210 inlocum
1130 1173 1254 1210 vitrici
1273 1171 1407 1209 consul

297 1248 354 1277 est
369 1239 593 1282 declaratus,
613 1239 808 1288 aliquanto
825 1238 944 1288 magis
960 1238 1112 1274 infamis
1132 1249 1234 1274 mors
1253 1236 1404 1272 Pisonis

297 1305 415 1354 coepit
443 1317 547 1340 esse:
579 1310 618 1340 et
645 1310 760 1340 testes
780 1302 1028 1345 exsistebant,
1050 1302 1113 1351 qui
1132 1309 1220 1352 post
1239 1300 1405 1337 declara-

295 1376 356 1406 tos
388 1367 560 1405 consules
590 1367 773 1405 Albinum
802 1376 839 1403 et
868 1366 1063 1409 Pisonem,
1084 1365 1221 1415 quibus
1241 1363 1405 1401 comitiis

296 1434 453 1471 Flaccus
474 1432 613 1468 tulerat
631 1431 834 1481 repulsam,
849 1437 889 1467 et
908 1431 1181 1481 exprobratum
1196 1429 1229 1466 ei
1249 1442 1272 1464 a
1285 1434 1406 1465 matre

296 1498 479 1539 dicerent,
510 1496 610 1546 quod
631 1494 715 1544 jam
745 1496 779 1530 ei
809 1495 962 1531 tertium
993 1500 1152 1542 negatus
1187 1481 1405 1528 consulatus

296 1561 442 1612 petenti
471 1566 584 1603 esset,
605 1567 642 1595 et
671 1558 866 1609 adjecisse,
894 1563 1044 1607 pararet
1061 1571 1098 1594 se
1116 1558 1164 1594 ad
1189 1556 1405 1604 petendum,

295 1629 394 1662 intra
413 1626 502 1661 duos
527 1636 657 1660 menses
685 1624 906 1673 effecturam,
926 1628 968 1659 ut
987 1624 1109 1659 consul
1124 1622 1248 1671 fieret.
1303 1618 1410 1655 Inter

297 1688 416 1724 multa
433 1687 508 1724 alia
527 1686 760 1729 testimonia,
791 1685 838 1722 ad
867 1698 1039 1722 caussam
1064 1683 1308 1736 pertinefftia,
1329 1682 1409 1718 haec

297 1765 447 1803 quoque
475 1764 564 1794 vox,
585 1751 696 1787 nimis
717 1763 807 1787 vero
835 1757 972 1787 eventu
994 1749 1255 1800 comprobata,
1276 1746 1408 1789 valuit,

299 1829 365 1853 cur
396 1815 567 1852 Hostilia
600 1815 856 1850 damnaretur.
914 1814 1022 1850 Veris
1060 1812 1248 1864 principio
1280 1809 1408 1860 hujus,

299 1880 388 1916 dum
407 1878 580 1915 consules
601 1890 720 1913 novos
741 1877 907 1913 delectus
931 1876 1063 1913 Romae
1082 1882 1203 1918 tenet,
1223 1886 1324 1911 mors
1345 1874 1409 1910 de-

298 1943 386 1980 inde
415 1942 582 1984 alterius,
604 1948 642 1977 et
670 1941 822 1977 creandi
848 1941 1004 1977 comitia
1032 1939 1197 1976 consulis
1224 1940 1261 1975 iu
1283 1938 1408 1974 locum

299 2006 394 2057 ejus,
415 2006 544 2041 omnia
564 2004 730 2041 tardiora
747 2004 942 2041 fecerunt:
974 2004 1127 2040 interim
1146 2002 1188 2038 P.
1210 2000 1408 2038 Cornelius

299 2078 338 2106 et
369 2069 425 2105 M.
445 2069 614 2111 Baebius,
644 2069 709 2117 qui
740 2068 778 2104 in
808 2067 1007 2104 consulatu
1039 2066 1135 2103 nihil
1164 2063 1409 2102 memorabile

300 2138 507 2182 gesserant,
542 2133 582 2168 in
617 2132 800 2181 Apuanos
837 2131 998 2179 Ligures
1035 2130 1241 2166 exercitum
1271 2127 1407 2163 indux-

300 2201 423 2231 erunt.

354 2255 594 2294 XXXVIII.
623 2255 799 2305 Ligures,
819 2256 884 2304 qui
913 2262 1002 2292 ante
1031 2255 1235 2291 adventum
1263 2254 1301 2289 in
1321 2261 1409 2303 pro-

299 2322 463 2358 vinciam
483 2319 680 2358 consulum
699 2332 778 2358 non
798 2325 1082 2371 exspectassent
1106 2318 1262 2362 bellum,
1281 2317 1410 2368 inpro-
