1546 2648
430 126 642 156 LIBROR.
666 124 889 154 DEPERD.
1133 121 1218 170 571

103 219 170 262 vit,
203 224 239 256 et
266 230 436 267 magnam
460 222 605 267 partem
637 219 733 254 Asice
759 218 905 266 recepit.
961 215 1069 253 Sulla
1099 218 1225 255 multis

101 283 237 331 proeliis
268 283 425 320 Thracas
449 283 587 319 cecidit.
646 282 764 322 Quum
784 282 828 318 L.
852 281 965 317 Cinna
994 286 1028 317 et
1058 281 1123 318 Cn.
1144 282 1223 318 Pa-

98 348 218 395 pirius
238 346 365 390 Carbo,
385 346 428 382 ab
446 358 482 382 se
505 347 592 394 ipsis
617 346 775 382 consules
799 357 866 393 per
891 344 1069 381 biennium
1094 347 1221 390 creati,

102 409 234 447 bellum
261 415 388 447 contra
416 409 562 447 Sullam
586 414 776 459 pararent,
812 409 975 457 effectum
1005 413 1056 445 est
1079 421 1147 458 per
1175 409 1222 446 L.

105 474 290 511 Valerium
324 475 494 511 Flaccum
520 475 720 523 principem
747 478 903 516 senatus,
931 475 993 520 qui
1025 475 1224 510 orationem

98 539 137 575 in
155 543 280 576 senatu
305 539 442 582 habuit,
463 543 499 575 et
522 551 591 588 per
609 551 680 582 eos,
708 539 768 587 qui
796 539 994 575 concordiae
1019 538 1224 581 studebant,

98 607 141 640 ut
167 605 279 652 legati
307 604 356 640 ad
381 604 525 641 Sullam
552 604 595 640 de
617 615 710 652 pace
738 604 978 640 mitterentur.
1038 603 1155 640 Cinna
1179 602 1224 638 ab

100 670 256 705 exercitu
274 681 350 712 suo,
372 681 474 717 quem
492 670 645 705 invitum
671 667 817 716 cogebat
844 680 952 704 naves
978 668 1224 712 conscendere,

99 737 135 768 et
166 734 334 770 adversus
362 733 507 769 Sullam
532 733 723 782 proficisci,
751 730 961 781 interfectus
993 736 1057 768 est.
1129 731 1225 768 Con-

96 797 256 833 sulatum
290 797 405 834 Carbo
435 799 532 835 solus
563 799 684 846 gessit.
742 797 863 840 Sulla,
895 808 1004 845 quum
1040 798 1077 832 in
1096 797 1224 832 Asiam

99 860 306 907 trajecisset,
334 875 464 911 pacem
490 874 571 899 cum
590 862 813 898 Mithridate
829 861 952 910 fecit,·
981 862 1096 898 itaut
1117 862 1148 896 is
1167 872 1225 898 ce-

98 924 198 961 deret
220 926 417 973 provinciis
448 926 554 968 Asia,
587 926 776 974 Bithynia,
808 925 1056 974 Cappadocia.
1122 924 1224 960 Fim-

97 988 187 1033 bria,
208 990 366 1026 desertus
389 989 434 1027 ab
462 991 632 1033 exercitu,
664 991 728 1039 qui
759 990 810 1026 ad
837 989 982 1027 Sullam
1011 990 1223 1032 transierat,

97 1054 171 1102 ipse
188 1065 224 1090 se
245 1056 445 1102 percussit:
474 1055 741 1103 inpetravitque
769 1054 815 1092 de
837 1065 937 1091 servo
960 1065 1038 1098 suo,
1064 1051 1228 1103 praebens

99 1118 283 1164 cervicem,
303 1122 345 1155 ut
361 1130 399 1155 se
421 1119 611 1156 occideret.

539 1224 774 1263 LXXXIV.

103 1292 290 1346 SULLA
318 1308 458 1354 legatis,
480 1309 542 1355 qui
559 1321 582 1343 a
599 1312 725 1343 senatu
743 1307 841 1343 missi
859 1310 976 1349 erant,
990 1304 1167 1354 futurum
1184 1316 1224 1343 se

96 1371 133 1406 in
148 1374 326 1418 potestate
343 1375 488 1406 senatus
502 1371 698 1419 respondit,
715 1372 746 1407 si
765 1372 867 1413 cives,
885 1372 946 1419 qui
962 1371 1059 1419 pulsi
1071 1383 1093 1406 a
1105 1370 1222 1407 Cinna

98 1435 147 1470 ad
171 1446 206 1470 se
232 1433 485 1483 confugerant,
515 1436 812 1471 restituerentur:
841 1447 918 1483 quae
936 1435 1092 1471 conditio
1111 1446 1222 1482 quum

87 1497 192 1545 justa
222 1501 364 1535 senatui
394 1500 590 1542 videretur,
618 1512 686 1547 per
719 1500 914 1536 Carbonem
944 1499 1221 1548 factionemque
1246 1541 1252 1546 s

98 1561 185 1609 ejus,
207 1565 265 1599 cui
295 1564 426 1600 bellum
454 1564 642 1600 videbatur
672 1565 812 1607 utilius,
843 1576 888 1600 ne
920 1564 1134 1606 conveniret,
1165 1562 1220 1611 ef-

87 1627 232 1677 fectum
264 1632 325 1665 est.
383 1627 485 1664 Idem
522 1627 649 1671 Carbo,
679 1640 786 1676 quum
815 1628 859 1664 ab
892 1627 1050 1663 omnibus
1079 1628 1222 1675 oppidis

99 1693 221 1730 Italice
240 1693 453 1741 coloniisque
472 1692 603 1728 obsides
623 1694 761 1740 exigere
779 1693 898 1735 vellet,
915 1693 1079 1741 utfidem
1098 1703 1223 1727 eorum

99 1761 226 1792 contra
256 1756 401 1793 Sullam
430 1757 616 1804 obligaret,
651 1769 817 1793 consensu
848 1761 992 1792 senatus
1020 1755 1223 1803 prohibitus

100 1825 162 1857 est.
219 1820 332 1856 Novis
359 1820 490 1856 civibus
514 1821 819 1856 senatusconsulto
852 1820 1066 1869 suffragium
1096 1819 1223 1854 datum

100 1889 163 1920 est.
222 1885 265 1926 Q.
286 1885 457 1922 Metellus
475 1886 577 1927 Pius,
598 1886 660 1933 qui
682 1890 807 1933 partes
826 1885 1057 1933 optimatium
1085 1887 1225 1919 secutus

101 1953 194 1992 erat,
216 1959 320 1997 quum
341 1950 376 1985 in
396 1949 526 1998 Africa
545 1948 675 1985 bellum
690 1950 891 1992 moliretur,
908 1961 930 1984 a
948 1948 987 1984 C.
1003 1948 1111 1983 Fabio
1126 1959 1224 1995 prae·

101 2018 177 2050 tore
200 2015 325 2062 pulsus
354 2018 429 2050 est:
456 2019 668 2062 senatusque
700 2015 902 2050 consultum
931 2024 1000 2061 per
1017 2011 1224 2061 factionem

101 2077 271 2113 Carbonis
289 2082 325 2114 et
344 2078 601 2114 Marianarum
618 2080 783 2127 partium
791 2077 942 2127 factum
962 2081 1026 2120 est,
1046 2081 1086 2113 ut
1105 2087 1224 2112 omnes

98 2141 228 2189 ubique
246 2144 417 2179 exercitus
436 2144 716 2181 dimitterentur.
763 2142 939 2180 Libertini
959 2143 996 2178 in
1016 2142 1170 2190 quinque
1188 2143 1223 2175 et

102 2208 257 2254 triginta
279 2208 389 2244 tribus
407 2208 587 2246 distributi
604 2213 700 2246 sunt.
758 2209 942 2246 Praeterea
961 2207 1045 2243 belli
1063 2207 1224 2255 adparae

99 2276 188 2315 tum,
209 2272 308 2321 quod
327 2277 455 2312 contra
475 2274 620 2311 Sullam
638 2272 874 2318 excitabatur,
892 2273 1062 2310 continet.
