1546 2648
265 181 419 212 LIBER
441 180 624 210 xxXIx.
656 179 765 210 CAP.
788 180 970 212 xxxvl.
1086 183 1165 229 193

56 271 161 315 deus,
177 270 301 321 ipsum
319 270 434 306 etiam
447 268 643 319 juvenem,
663 269 766 318 quod
793 269 930 306 Romae
951 270 1062 308 obses
1081 284 1167 323 spe·
1179 279 1223 312 U.
1235 280 1273 312 c.
1288 283 1362 312 5⁶⁸.

55 336 178 372 cimen
194 335 306 383 regiae
325 332 464 370 indolis
482 332 661 382 dedisset,
682 332 823 382 aliquid
840 335 1024 370 momenti
1044 335 1167 373 factu·
1182 325 1220 356 A·
1233 324 1270 356 C·
1285 330 1360 355 ¹⁸4·

52 411 149 436 rum.
194 398 354 435 Interim
373 410 440 449 per
459 398 622 448 speciem
638 397 771 434 auxilii
789 398 989 448 Byzantiis
1007 399 1168 446 ferendi,

52 475 92 500 re
124 463 207 513 ipsa
234 462 282 500 ad
306 468 489 499 terrorem
518 459 656 511 regulis
684 460 878 498 Thracum
906 461 1176 513 injiciendum,

52 526 260 579 profectus,
276 525 456 576 perculsis
477 525 521 561 iis
539 537 617 561 uno
631 524 784 576 proelio,
804 531 842 561 et
858 526 1057 564 Amadoco
1074 528 1170 565 duce

52 597 180 642 capto,
200 591 240 628 in
257 590 526 628 Macedoniam
548 589 674 633 rediit,
691 590 815 626 missis
837 590 884 626 ad
904 590 1056 628 adcolas
1076 591 1170 630 Istri

52 655 216 694 fluminis
234 656 432 699 barbaros,
454 662 496 691 ut
523 656 562 691 in
583 654 735 701 Italiam
765 655 1041 706 inrumperent,
1062 655 1168 693 solli-

54 721 240 759 citandos.
285 721 338 758 Et
357 721 396 757 in
415 719 684 769 Peloponneso
704 719 886 763 adventus
903 719 1169 759 Romanorum

52 782 279 834 legatorum,
300 785 364 834 qui
396 797 444 821 ex
470 782 703 830 Macedo-nia
721 784 761 820 in
790 783 976 830 Achaiam
996 784 1050 820 ire
1066 783 1170 835 jussi

54 856 176 891 erant,
206 838 520 899 exspectabatur:
553 847 730 895 adversus
759 860 854 897 quos
884 855 926 884 ut
954 855 1168 899 praeparata

52 912 212 949 consilia
242 912 441 956 haberent,
473 911 661 962 Lycortas
693 918 835 962 praetor
863 913 1069 950 concilium
1105 914 1165 951 in-
1178 924 1364 958 Concilium

53 977 160 1014 dixit.
216 976 278 1015 lbi
297 977 342 1014 de
365 975 665 1013 Lacedaemoniis
686 983 825 1013 actum.
855 977 914 1013 Ea:
932 978 1089 1014 hostibus
1106 991 1165 1016 eos
1175 970 1390 1009 Achaeommd

53 1047 276 1079 accusatores
284 1041 409 1092 factos
421 1058 433 1078 .·
453 1047 488 1078 et
501 1041 706 1090 periculum
725 1052 808 1084 esse,
829 1053 872 1078 ne
885 1042 970 1077 victi
986 1044 1101 1090 magis
1120 1044 1169 1079 ti-

53 1108 175 1144 mendi
187 1106 331 1156 forent,
353 1119 460 1156 quam
478 1107 648 1142 bellantes
661 1105 846 1154 fuissent:
875 1107 1007 1156 quippe
1024 1108 1062 1142 in
1079 1107 1171 1145 bello

54 1172 158 1207 sociis
186 1170 360 1208 Romanis
388 1170 535 1207 Achoeos
565 1182 672 1206 usos:
698 1182 795 1218 nunc
826 1171 962 1217 eosdem
987 1170 1172 1209 Romanos

53 1236 222 1284 aequiores
240 1235 532 1278 Lacedaemoniis,
553 1247 661 1283 quam
679 1234 832 1277 Achoeis,
852 1246 948 1271 esse:
975 1236 1035 1271 ubi
1052 1238 1170 1274 Areus

51 1301 160 1335 etiam
184 1304 220 1336 et
241 1299 460 1342 Alcibiades,
488 1300 590 1335 ambo
611 1299 758 1341 exsules,
784 1310 847 1334 suo
872 1298 1035 1348 beneficio
1062 1303 1167 1337 resti-

0 1364 1 1384 ³
53 1365 137 1406 tut-i,
165 1364 380 1411 legationem
410 1364 565 1400 Romam
589 1364 757 1405 adversus
785 1368 928 1411 gentem
955 1364 1169 1402 Achaeorum

52 1429 107 1464 ita
135 1428 180 1464 de
207 1428 292 1476 ipsis
310 1429 475 1464 meritam
492 1428 734 1476 suscepissent,
755 1428 913 1475 adeoque
930 1426 1065 1477 infesta
1083 1441 1166 1465 ora-

53 1494 147 1530 tione
173 1495 230 1528 usi
257 1496 380 1535 essent,
401 1497 441 1532 ut
465 1495 593 1541 patria
615 1493 728 1541 pulsi,
747 1503 820 1528 non
837 1494 996 1529 restituti
1014 1495 1051 1529 in
1070 1505 1164 1537 eam,

50 1557 269 1594 viderentur.
326 1555 480 1592 Clamor
496 1555 660 1608 undique
679 1562 799 1603 ortus,
816 1555 974 1592 referret
986 1557 1161 1593 nomina-

53 1621 124 1657 tim
143 1620 188 1657 de
216 1620 261 1656 iis
278 1635 285 1655 :
318 1626 370 1663 et,
388 1632 503 1668 quum
522 1621 652 1661 omnia
669 1621 739 1663 ira,
759 1632 839 1656 non
860 1619 1035 1664 consilio,
1056 1633 1164 1669 gere-

53 1692 198 1728 rentur,
219 1684 352 1735 capitis
373 1685 540 1721 damnati
560 1691 661 1723 sunt.
716 1684 864 1721 Paucos
884 1690 972 1736 post
986 1684 1064 1721 dies
1079 1684 1164 1722 Ro-

53 1750 157 1786 mani
173 1748 291 1799 legati
308 1755 516 1786 venerunt:
546 1749 606 1785 his
627 1748 772 1786 Clitore
790 1749 831 1787 in
850 1749 1015 1787 Arcadia
1032 1749 1165 1789 datum

53 1819 111 1850 est
128 1813 344 1851 concilium.

106 1877 302 1917 XXXVI.
331 1877 556 1929 Priusquam
592 1886 750 1930 agerent
785 1881 1003 1930 quidquam,
1041 1887 1164 1918 terror

54 1942 204 1979 Achaeis
219 1941 381 1994 injectus
402 1950 482 1980 erat
501 1950 539 1981 et
554 1946 752 1995 cogitatio,
769 1958 880 1994 quam
896 1958 976 1982 non
991 1958 1036 1981 ex
1053 1958 1163 1994 aequo

54 2006 279 2058 disceptatio
309 2008 438 2045 futura
469 2015 591 2056 esset5
623 2010 725 2059 quod
754 2010 897 2046 Areum
926 2016 964 2045 et
991 2008 1162 2045 Alcibia-

54 2071 152 2114 dem,
181 2071 315 2121 capitis
346 2071 392 2108 ab
419 2085 459 2109 se
483 2073 523 2109 in
550 2073 714 2110 concilio
743 2074 918 2123 proximo
947 2072 1162 2116 dammum,

54 2147 138 2171 cum
153 2134 288 2184 legatis
302 2136 496 2180 videbant,
517 2150 587 2174 nec
606 2137 753 2174 hiscere
768 2138 966 2188 quisquam
985 2136 1162 2174 audebat.

52 2197 200 2248 Appius
220 2211 277 2242 ea,
298 2212 379 2248 quae
403 2200 503 2251 apud
520 2206 691 2237 senatum
713 2201 835 2250 questi
855 2206 963 2237 erant
981 2199 1161 2238 Lacedae·
1174 2216 1344 2250 Romamn(5

38 2261 188 2318 ixionii,
218 2261 414 2312 displicere
442 2265 590 2301 senatui
622 2265 812 2302 ostendit:
845 2266 976 2301 caedem
1003 2260 1296 2314 primumlegatus

222 2326 229 2333 .
745 2332 751 2339 .
894 2330 901 2337 .
1175 2306 1317 2343 increpat

53 2326 101 2363 ad
128 2325 328 2375 confltetum
348 2327 496 2377 factam
527 2341 663 2373 eorum,
691 2343 753 2380 qut
780 2342 803 2366 a
830 2329 1096 2379 thlopoemene
1116 2331 1163 2367 ad
1172 2348 1322 2380 Achaeos,

104 2387 206 2427 vox..
226 2388 295 2427 IV.
587 2392 627 2429 K
