1546 2648
319 181 374 224 86
466 214 471 220 .
772 195 817 226 T.
843 198 975 228 mvn

125 291 166 322 U.
180 292 217 322 C.
232 290 458 333 563.perato‚
478 290 512 322 et
535 298 649 334 prope
673 291 774 322 extra
807 287 924 324 orbem
952 292 1054 324 terrae
1081 289 1182 325 ultra
1198 288 1293 338 juga
1321 291 1431 328 Tauri

122 335 213 366 A'C'
234 343 304 369 ¹⁸9·
317 355 454 393 exacto,
485 363 591 398 quam
618 363 713 398 spem
742 363 812 387 esse
839 354 1034 388 sustinendi
1060 354 1177 389 belli.9
1206 355 1379 392 Phaeneas
1397 361 1432 392 et

318 415 542 457 Damoteles,
559 417 653 463 quod
671 427 690 450 e
707 427 746 450 re
763 416 988 459 AEtolorum,
1009 422 1050 453 ut
1076 419 1112 453 in
1141 420 1206 454 tali
1226 421 1431 469 casu,fide-

315 490 383 526 que
399 491 465 515 sua
483 491 553 515 esse
571 484 761 521 censerent,
783 485 939 527 agereret.
1000 482 1103 522 Quod
1123 484 1215 518 enim
1232 484 1296 519 sib-i
1316 486 1430 520 consi-

316 543 418 585 lium,
452 548 516 579 aut
542 541 639 588 cujus
667 544 719 578 rei
751 544 958 580 electionem
994 558 1016 580 a
1041 545 1203 594 fortuna
1235 549 1432 584 relictam?

316 607 413 643 Cum
442 608 500 643 his
530 608 715 643 mandatis
746 607 860 655 legati
892 610 996 645 missi
1027 622 1136 647 orare
1159 612 1368 655 consulem,
1391 617 1431 649 ut

310 677 477 720 parceret
496 673 588 713 urbi,
617 673 839 708 misereretur
861 676 978 720 gentis
1002 677 1180 721 quondam
1198 678 1313 719 socia',
1335 677 1431 713 nolle

315 739 431 773 dicere
460 735 611 782 injuriis,
645 737 795 772 miseriis
826 742 920 773 certe
951 743 1082 774 coactae
1116 740 1280 775 insanire.
1346 741 1430 776 Non

312 801 396 848 plus
427 801 516 836 mali
547 802 690 836 meritos
715 801 862 836 AEtolos
890 802 1062 837 Antiochi
1091 802 1194 844 bella,
1216 815 1324 851 quam
1352 804 1433 840 boni

314 869 411 906 ante,
437 876 544 912 quum
572 865 737 900 adversus
763 864 974 912 Philippum
1001 865 1170 902 bellatum
1194 868 1254 909 sit,
1272 867 1431 915 fecisse.-

312 941 375 965 nec
396 934 471 965 tum
492 930 592 977 large
611 930 770 976 gratiam
789 930 939 965 relatam
961 929 1039 972 sibi,
1060 943 1124 966 nec
1140 943 1233 966 nunc
1253 933 1429 969 inmodice

310 1006 451 1043 paenam
487 991 626 1040 injungi
661 994 793 1030 debere.
864 994 924 1029 Ad
955 1007 998 1030 ea
1032 994 1165 1030 consul
1201 995 1424 1045 respondit:

313 1058 436 1106 Magis
462 1070 565 1106 soepe,
595 1070 703 1106 quam
730 1070 810 1094 vere
836 1071 1018 1106 umquam,
1039 1059 1187 1096 AEtolos
1211 1072 1337 1108 pacem
1364 1073 1427 1108 pe-

314 1129 408 1160 tere:
436 1124 665 1159 imitarentur
684 1123 901 1158 Antiochum
923 1125 957 1158 in
974 1125 1130 1171 petenda
1145 1136 1247 1172 pace,
1269 1137 1370 1172 quem
1390 1126 1428 1161 in

313 1190 444 1225 bellum
464 1190 662 1224 traxissent.
711 1188 793 1223 Non
806 1190 931 1235 paucis
950 1189 1088 1224 urbibus
1107 1201 1199 1230 eum,
1220 1190 1263 1225 cle
1274 1202 1428 1237 quarum

313 1254 477 1289 libertate
501 1256 675 1288 certatum
691 1253 750 1294 sit,
770 1253 831 1287 sed
849 1254 943 1288 omni
965 1254 1053 1288 Asia
1072 1254 1122 1289 cis
1146 1254 1304 1290 Taurum
1327 1267 1425 1291 mon-

315 1323 397 1360 tem,
432 1319 551 1365 opimo
583 1329 705 1364 regno,
740 1318 928 1353 excessisse.
984 1317 1144 1359 AEtolos,
1168 1319 1238 1354 nisi
1264 1320 1424 1362 inermes,

314 1383 358 1418 de
382 1394 472 1430 pace
500 1385 642 1428 agentes
666 1392 734 1416 non
769 1381 977 1416 auditurum
1004 1393 1065 1416 se:
1095 1393 1200 1417 arma
1228 1383 1300 1418 illis
1324 1384 1426 1430 prius

312 1457 485 1495 equosque
509 1456 626 1480 omnes
646 1445 836 1480 tradendos
864 1455 957 1490 esse„
971 1445 1097 1480 deinde
1122 1445 1425 1486 mille-talentdm

312 1511 454 1557 argenti
479 1509 613 1557 populo
638 1507 804 1543 Romano
827 1509 984 1543 dandum
998 1523 1010 1544 .·
1039 1506 1138 1553 cujus
1154 1521 1300 1545 summae
1318 1510 1426 1546 climi-

313 1575 414 1610 dium
443 1584 596 1621 pra’sens
624 1576 887 1612 numeraretur,
919 1573 948 1606 si
974 1583 1099 1618 pacem
1128 1572 1256 1607 habere
1279 1573 1421 1609 vellent.

311 1639 372 1674 Ad
390 1650 432 1674 ea.
451 1636 671 1682 adjectarum
693 1636 799 1671 etiam
822 1637 855 1670 in
866 1634 990 1683 foedus
1008 1646 1091 1676 esse,
1111 1640 1151 1670 ut
1169 1637 1318 1679 eosdem,
1340 1647 1425 1684 quos

309 1704 464 1751 populiis
485 1702 679 1742 Romanus,
701 1701 832 1735 amicos
851 1704 960 1748 atque·
975 1699 1088 1735 hostes
1107 1699 1270 1737 habeant.

366 1766 440 1802 IX.
471 1765 658 1801 Adversus
679 1776 761 1812 quae
779 1763 908 1811 legati,
930 1769 967 1798 et
986 1763 1074 1810 quia
1094 1764 1222 1810 gravia
1241 1770 1362 1806 erant,
1383 1770 1421 1800 et

311 1831 400 1880 quia
419 1842 572 1866 suorum
596 1829 742 1864 animos
774 1828 978 1863 indomitos
1006 1840 1049 1863 ac
1079 1826 1278 1863 mutabiles
1304 1840 1420 1864 nove-

309 1902 410 1938 rant,
432 1893 536 1930 nullo
565 1892 712 1929 reddito
742 1904 937 1941 responsc),
958 1891 1110 1927 domum
1139 1893 1296 1940 regressi
1317 1899 1418 1936 sunt,

309 1967 351 1996 ut
372 1960 485 1995 etiam
514 1965 628 2006 atque
656 1958 785 1999 etiam,
807 1956 895 2005 quid
915 1956 1102 2004 agendum
1123 1964 1236 1998 esset,
1263 1970 1302 1993 re
1322 1958 1420 1994 inte-

307 2037 388 2072 gra,
418 2029 618 2072 praetorem
645 2029 682 2057 et
715 2021 902 2070 principes
934 2019 1186 2056 consulerent.
1244 2020 1420 2057 Clamore

307 2094 344 2124 et
368 2087 498 2136 jurgio
526 2087 688 2136 excepti,
711 2098 817 2133 quam
848 2086 908 2121 diu
939 2096 1014 2120 rem
1041 2085 1239 2127 traherent,
1261 2086 1422 2132 qualem-

305 2164 453 2200 cumque
476 2164 601 2199 pacem
626 2149 761 2199 referre
772 2148 894 2195 jussi?
921 2161 1037 2198 quum
1062 2149 1226 2184 redirent
1257 2148 1420 2186 Ambra-

305 2217 416 2258 ciam,
437 2216 679 2251 Acarnanum
713 2214 857 2249 insidiis
891 2225 1020 2263 proper
1042 2213 1138 2248 viam
1167 2214 1315 2262 positis,
1336 2213 1419 2262 qui-

301 2281 459 2316 buscum
493 2278 633 2315 bellum
661 2285 755 2321 erat,
787 2279 1032 2314 circuixiventi
1066 2279 1252 2328 Thyrium
1289 2286 1418 2315 custo-

300 2345 426 2381 diendi
464 2344 711 2382 deducuntur.
779 2343 874 2380 Haec
908 2355 1017 2380 mora
1056 2342 1195 2394 injecta
1231 2350 1287 2380 est
1320 2343 1417 2394 paci.
1503 2336 1518 2352 ⁹
