1546 2648
287 137 340 179 18
744 152 790 182 τ.
813 154 947 185 mvn

91 240 136 272 U.
147 240 185 271 C.
200 245 271 272 ⁵62.
284 244 380 283 tata,
407 239 446 276 in
469 240 642 277 eumdem
668 249 822 292 portum
841 243 1016 282 decurrit.
1074 244 1135 283 Ibi
1162 259 1208 283 ex
1238 245 1398 296 agresti-

88 284 130 316 A‘
144 284 183 315 C'
202 291 355 342 1⁹⁰’bus
371 305 542 353 cognito,
562 305 729 342 hostium
746 319 860 344 naves
877 308 924 345 ad
939 308 1152 346 AEthaliam
1172 317 1286 354 stare,
1302 323 1396 348 con-

284 367 411 405 silium
446 369 633 414 habitum,
668 377 794 407 utrum
827 372 1018 423 extemplo
1052 374 1311 417 decernerent,
1347 387 1396 410 an

282 430 477 470 Rhodiam
497 441 761 484 exspectarent
781 434 961 473 classem:
994 437 1111 474 dilata
1130 451 1183 482 re,
1206 440 1279 486 (ita
1296 439 1398 474 enim

282 496 445 547 placuit)
469 498 672 548 Corycum,
695 499 793 535 unde
813 506 1008 543 venerant,
1030 500 1273 551 trajecerunt.
1320 501 1398 538 Po-

283 560 477 611 lyxenidas
499 576 664 612 quoque,
688 576 804 612 quum
830 564 971 601 frustra
996 566 1176 609 stetisset,
1202 566 1399 616 Ephesum

285 627 410 664 rediit.
475 627 576 664 Tum
612 627 800 664 Romanae
833 641 947 665 naves
987 641 1106 665 vacuo
1142 629 1190 665 ab
1222 628 1398 665 hostibus

91 690 242 740 Rom—ana
285 692 381 728 mari
400 693 554 729 Samum
574 692 818 743 trajecerunt.
874 693 1023 730 Eodem
1042 700 1081 729 et
1099 692 1252 729 Rhodia
1270 692 1398 729 classis

89 734 275 817 ξὲὲἒῗῗιζψ
285 761 375 806 post
399 755 478 791 dies
508 768 650 806 paucos
669 757 796 793 venit:
830 768 943 805 quam
970 761 1012 792 ut
1037 761 1295 806 exspectatam
1318 766 1400 791 esse

90 828 180 852 sum.
285 819 497 870 adpareret,
518 820 682 871 profecti
707 819 900 871 extemplo
926 826 1014 856 sunt
1037 820 1248 870 Ephesum,
1269 824 1313 856 ut
1334 824 1400 855 aut

284 883 531 920 decernerent
562 884 688 922 navali
725 885 946 927 certamine,
984 889 1064 926 aut,
1101 883 1133 919 si
1170 882 1401 919 detractaret

283 947 405 984 hostis
425 961 608 999 pugnam,
633 949 752 998 (quod
772 948 977 999 plurimum
992 949 1174 984 intererat
1189 947 1236 983 ad
1253 946 1402 982 animos

282 1011 513 1060 civitatium)
534 1013 681 1049 timoris
702 1012 979 1049 confessionem
999 1011 1264 1060 exprimerent.
1295 1009 1401 1045 Con-

283 1079 346 1111 tra
364 1074 492 1112 fauces
518 1083 650 1126 portus
680 1076 867 1112 instructa
896 1076 935 1111 in
960 1074 1127 1110 frontem
1146 1073 1298 1109 navium
1319 1071 1401 1108 acie

284 1143 443 1176 stetere:
475 1147 678 1190 postquam
694 1152 807 1176 nemo
827 1139 1003 1175 adversus
1019 1138 1115 1180 ibat,
1132 1136 1251 1173 classe
1267 1135 1403 1179 divisa,

283 1212 371 1252 pars
400 1201 441 1238 in
470 1202 550 1239 salo
580 1203 629 1239 ad
657 1204 798 1239 ostium
826 1208 960 1252 portus
989 1202 1030 1236 in
1060 1199 1236 1236 anchoris
1268 1198 1400 1244 stetit3

284 1276 372 1315 pars
392 1266 432 1302 in
450 1271 591 1304 terram
606 1268 745 1304 milites
762 1267 950 1318 exposuit.
1007 1264 1054 1300 In
1070 1277 1149 1307 eos,
1164 1262 1248 1314 jam
1267 1263 1404 1310 ingen*

285 1332 365 1364 tem
389 1330 555 1379 praedam
585 1331 662 1368 late
684 1330 917 1381 depopulato
943 1341 1036 1377 agro
1059 1332 1229 1377 agentes,
1249 1324 1404 1362 Andro-

285 1391 394 1429 nicus
423 1393 604 1436 Macedo,
638 1396 702 1442 qui
735 1395 775 1430 in
807 1392 985 1443 praesidio
1018 1391 1164 1441 Ephesi
1196 1395 1291 1432 erat,
1319 1387 1404 1438 jam

285 1455 478 1493 moenibus
498 1456 845 1508 adpropinquantes
867 1457 1106 1508 eruptionem
1123 1455 1232 1498 fecit,
1248 1461 1404 1491 exutos-

287 1531 362 1570 que
388 1532 528 1569 magna
553 1528 661 1571 parte
686 1522 821 1572 praedae
847 1522 895 1558 ad
919 1533 1022 1558 mare
1042 1533 1085 1557 ac
1110 1530 1224 1557 naves
1244 1517 1404 1566 redegit.

286 1582 450 1621 Postero
469 1584 544 1629 die,
564 1585 710 1622 insidiis
730 1586 855 1623 medio
874 1586 993 1622 ferme
1014 1586 1080 1621 viae
1100 1583 1250 1635 positiS,
1267 1582 1315 1619 ad
1333 1580 1403 1618 eli-

287 1647 467 1686 ciendum
484 1655 594 1686 extra
618 1651 762 1687 moenia
785 1649 1053 1693 Macedonem,
1073 1647 1242 1685 Romani
1268 1646 1316 1683 ad
1341 1657 1405 1681 ur-

288 1710 377 1749 bem
396 1712 548 1761 agmine
565 1712 665 1750 iere:
698 1713 800 1757 inde,
829 1726 945 1763 quum
973 1725 1018 1749 ea
1048 1713 1130 1763 ipsa
1155 1710 1336 1761 suspicio,
1354 1720 1405 1745 ne

289 1775 373 1824 quis
406 1776 539 1819 exiret,
575 1776 832 1821 deterruisset,
865 1777 1059 1813 redierunt
1091 1775 1137 1812 ad
1169 1786 1308 1811 naves:
1351 1778 1405 1815 et,

289 1845 391 1876 terra
418 1841 588 1890 marique
617 1841 851 1890 fugientibus
885 1847 1077 1878 certamen
1113 1838 1304 1881 hostibus,
1335 1837 1406 1873 Sa·

287 1915 408 1947 mum,
429 1904 527 1940 unde
553 1912 721 1948 venerat,
742 1905 870 1942 classis
893 1905 1042 1956 repetit.
1098 1903 1193 1940 Inde
1223 1902 1314 1938 duas
1341 1913 1405 1937 so-

289 1967 436 2004 ciorum
461 1980 508 2005 ex
539 1968 663 2012 ltalia,
694 1970 784 2006 duas
813 1969 985 2006 Rhodias
1012 1969 1182 2004 triremes
1204 1979 1289 2004 cum
1308 1977 1406 2016 prae·

288 2028 392 2067 fecto
416 2030 598 2081 Epicrate
625 2033 866 2070 Rhodiorum
898 2033 946 2069 ad
979 2031 1119 2069 fretum
1149 2028 1405 2080 Cephalleniae

288 2095 471 2131 tuendum
491 2102 631 2146 praetor
649 2098 764 2135 misit.
822 2096 1009 2133 Infestum
1040 2096 1080 2132 id
1104 2094 1307 2132 latrocinio
1326 2092 1405 2129 La·

289 2157 542 2195 cedaemonius
569 2159 774 2211 Hybristas
802 2173 887 2197 cum
906 2159 1110 2210 juventute
1130 2156 1406 2209 Cephallenum

289 2220 474 2259 faciebat:
507 2223 751 2276 clausumque
763 2223 848 2276 jam
873 2236 977 2262 mare
997 2222 1270 2261 commeatibus
1294 2219 1403 2258 Itali-

288 2285 342 2323 cis
361 2290 458 2326 erat.
