1546 2648
401 121 554 151 LIBER
579 121 722 150 xmv.
754 120 862 150 CAP.
886 121 943 151 11.
1142 119 1226 165 425

120 210 219 247 cuim
242 209 288 247 ad
309 210 512 248 exercitum
533 210 556 233 ⁴*
573 209 610 247 *.
665 209 802 246 Paucis
828 216 917 260 post
935 208 1066 246 diebus
1094 210 1226 247 consul
1242 211 1282 242 U.
1297 212 1333 242 C.
1349 219 1422 246 3⁸3,

117 275 339 311 concionem
364 275 463 325 apud
488 273 626 310 milites
655 273 812 311 habuit:
845 285 952 309 orsus
973 286 995 310 a
1023 274 1226 324 parricidio
1240 255 1330 288 A'C'
1349 262 1420 290 ¹⁶⁹⁹

114 337 241 375 Persei
260 345 476 390 perpetrato
505 339 543 375 in
563 337 733 381 fratrem,
754 338 928 387 cogitato
947 337 986 373 in
1013 344 1223 387 parentem,

113 401 264 452 adjecit,
282 408 362 451 post
385 404 515 440 scelere
535 408 685 452 partum
713 414 876 450 regnum,
897 402 1078 451 veneficia,
1099 404 1222 446 caedes,

110 466 298 503 latrocinio
316 466 474 516 nefando
490 470 644 516 petitum
659 468 868 510 Eumenem,
884 464 1034 513 injurias
1052 467 1089 501 in
1102 479 1220 514 popu-

108 529 182 565 lum
202 530 417 574 Romanum,
439 533 652 579 direptiones
666 533 841 568 sociarum
856 530 996 566 urbium
1015 529 1219 577 contrafoe·

105 593 182 636 dus,
202 606 245 630 ea
259 597 379 631 onmia
394 608 501 644 quam
516 597 603 632 Diis
617 608 753 644 quoque
768 597 880 632 invisa
895 606 987 630 essen
994 598 1020 637 t,
1036 606 1218 630 sensurum

103 658 139 692 ὶη
158 659 254 694 exitu
272 671 389 696 rerum
414 672 573 696 suarum.
629 660 763 695 Favere
787 660 882 695 enim
908 659 1039 706 pietati
1055 658 1218 707 fideique

101 721 215 765 Deos,
231 735 299 770 per
316 736 394 771 quae
406 725 562 772 populus
578 724 762 760 Romanus
776 725 824 759 ad
840 728 981 759 tantum
989 721 1140 771 fastigii
1154 733 1213 758 ve-

98 786 203 822 nerit.
259 786 366 823 Vires
387 787 521 824 deinde
550 787 682 838 populi
709 787 891 830 Romani,
914 785 998 837 jam
1027 792 1211 822 terrarum

98 847 229 885 orbem
249 850 550 900 complectentis,
567 864 652 887 cum
671 851 811 888 viribus
830 850 1084 893 Macedoniae,
1100 862 1208 886 exer-

96 913 192 949 citus
212 926 298 950 cum
327 915 552 952 exercitibus
582 917 827 966 comparavit.
887 916 1030 957 Quanto
1055 914 1208 960 majores

94 976 260 1026 Philippi
277 979 517 1028 Antiochique
536 992 617 1029 opes
634 992 706 1016 non
720 978 912 1027 majoribus
930 980 1039 1027 copiis
1056 976 1207 1026 fractas

93 1041 198 1076 esse?
236 1082 247 1091 ⁶

145 1103 200 1141 II.
229 1103 356 1156 Hujus
377 1108 524 1156 generis
550 1108 818 1147 adhortatione
843 1109 1010 1146 accensis
1039 1107 1201 1144 militum

92 1168 240 1212 animis,
272 1170 486 1208 consultare
515 1172 561 1208 de
589 1185 737 1209 summa
764 1173 919 1221 gerendi
950 1171 1041 1208 belli
1071 1174 1201 1222 coepit.

88 1230 151 1267 Eo
171 1238 207 1268 et
229 1233 453 1270 C.Marcius
474 1241 615 1286 praetor
633 1249 656 1272 a
675 1235 869 1279 Chalcide,
891 1234 1009 1272 classe
1028 1242 1198 1285 accepta,

88 1295 202 1332 venit.
246 1295 423 1341 Placuit,
457 1311 536 1334 non
573 1298 673 1336 ultra
708 1300 892 1336 morando
924 1299 964 1335 in
1002 1298 1200 1334 Thessalia

83 1363 230 1410 tempus
256 1366 391 1405 terere,
421 1362 488 1399 sed
515 1375 666 1399 movere
696 1363 888 1414 extemplo
916 1369 1053 1406 castra,
1084 1370 1197 1412 atque

82 1434 238 1472 pergere
273 1424 360 1461 inde
398 1426 436 1462 in
472 1425 766 1473 Macedoniam3
803 1433 842 1462 et
876 1433 1077 1477 praetorem
1107 1427 1195 1462 dare
1208 1429 1408 1479 Cos-inMa-

83 1498 251 1536 operam,
271 1494 314 1524 ut
329 1489 463 1526 eodem
481 1496 652 1540 tempore
672 1490 800 1527 classis
821 1503 972 1540 quoque
994 1474 1381 1548 invehatu1·‘c³g‘1³1<t'g¹r¹¹{¹i¹t¹·

81 1549 249 1587 hostium
279 1551 466 1591 litoribus.
521 1554 690 1591 Praetore
710 1555 880 1598 dimisso,
910 1554 1057 1597 consul,
1085 1567 1191 1590 men-

80 1618 224 1650 struum
236 1613 347 1665 jusso
374 1617 495 1654 milite
525 1630 652 1654 secum
679 1618 792 1663 ferre,
821 1618 1015 1668 profectus
1045 1618 1193 1655 decimo
1223 1616 1230 1621 ⁷

76 1683 166 1727 post
185 1678 259 1721 die,
280 1693 394 1729 quam
419 1681 626 1717 exercitum
656 1690 866 1732 acceperat,
895 1689 1018 1718 castra
1046 1682 1189 1718 movit:

78 1747 129 1785 et,
160 1743 268 1779 unius
295 1744 369 1780 diei
396 1758 618 1795 progressus
648 1747 734 1789 iter,
765 1746 983 1782 convocatis
1013 1746 1192 1782 itinerum

77 1804 248 1850 ducibus,
262 1821 391 1857 quum,
409 1816 645 1860 exponerent
664 1811 700 1846 in
719 1810 893 1853 consilio,
907 1809 1100 1860 jussisset,
1117 1823 1193 1858 qua

75 1869 232 1920 quisque
251 1872 430 1910 ducturus
454 1882 576 1920 esset3
609 1874 794 1910 submotis
815 1864 875 1917 iisss
896 1887 1010 1923 quani
1034 1873 1190 1924 potissi-

74 1943 177 1969 mum
202 1942 361 1985 peteret,
391 1937 522 1973 retulit
550 1939 596 1974 ad
625 1937 837 1974 consilium.
894 1937 990 1972 Aliis
1017 1950 1084 1986 per
1112 1936 1189 1986 Py-

59 1996 195 2042 ·thium
224 1998 400 2048 placebat
428 2001 510 2037 via:
543 2002 625 2037 aliis
656 2014 722 2050 per
751 2000 986 2036 Cambunios
1021 2006 1185 2043 montes,

74 2070 147 2106 qua
162 2062 284 2109 priore
300 2076 402 2099 anno
419 2064 576 2101 duxerat
594 2064 782 2101 Hostilius
800 2063 956 2100 consul:
988 2062 1070 2099 aliis
1087 2076 1184 2113 prae-

73 2126 130 2157 ter
148 2123 367 2162 Ascuridem
395 2127 583 2178 paludem.
640 2127 830 2164 Restabat
858 2126 1093 2176 aliquantum
1114 2127 1184 2162 viae

72 2187 306 2223 communis:
338 2190 465 2239 itaque
494 2192 533 2227 iu
562 2191 599 2228 id
629 2199 791 2242 tempuS‚
812 2204 888 2241 quo
917 2203 1035 2241 prope
1059 2191 1184 2226 divor-

69 2248 163 2285 tium
183 2249 360 2287 itinerum
379 2260 502 2290 castra
525 2255 687 2306 posituri
706 2261 829 2299 erant,
850 2254 1075 2291 deliberatio
1103 2251 1184 2303 ejus
