1546 2648
355 185 458 240 ‘384
494 174 498 180 ”
674 189 682 194 “
817 198 864 227 ·r.
887 199 1022 229 mvn

145 295 190 327 U.
201 292 239 324 C.
254 298 327 325 581.
415 284 527 322 LIX.
556 284 604 322 In
627 285 729 322 hunc
759 288 913 325 modum
941 289 1106 327 maxime
1132 289 1327 327 instructae
1359 291 1472 334 acies,

145 337 238 368 ΑΕ·
253 342 328 372 ¹⁷¹*
360 362 428 400 par
446 349 564 387 ferme
583 351 771 400 utrimque
790 364 967 390 numerus
987 355 1157 404 equitum
1176 366 1219 391 ac
1238 353 1328 391 levis
1349 366 1471 390 arma-

360 418 469 458 turae,
499 421 743 459 concurrunt,
778 429 801 452 a
824 416 1080 455 funditoribus
1103 417 1471 468 jaculatoribusque‚

144 470 310 504 Pfoellum·
359 478 423 526 qui
442 484 728 528 praecesserunt,
744 479 881 529 proelio
897 488 996 518 orto.
1024 480 1145 529 Primi
1160 481 1330 517 omnium
1343 480 1469 526 Thra-

358 553 434 585 ces,
450 542 551 578 haud
570 554 676 578 secus
690 555 803 592 quam
817 543 881 580 diu
897 544 1067 581 claustris
1083 550 1241 582 retentae
1255 544 1359 589 ferae,
1376 557 1470 581 con·

356 605 465 641 citati
484 617 570 641 cum
588 605 735 654 ingenti
755 605 918 643 clamore
945 608 985 642 in
1005 606 1179 644 dextrum
1205 620 1338 652 cornu,
1359 598 1468 644 Itali·

355 680 420 706 cos
441 669 600 717 equites,
621 668 860 704 incurrerunt
871 684 882 713 3
917 675 958 703 ut
977 681 1046 704 usu
1064 669 1155 706 belli
1175 677 1213 706 et
1231 671 1387 718 ingenio
1407 672 1470 707 in«

354 732 492 782 pavida
506 745 598 781 gens
616 732 832 769 turbaretur
846 746 854 768 :
878 731 1010 781 gladiis
1022 733 1150 770 hastas
1163 740 1290 783 petere
1306 734 1466 784 pedites,

354 807 457 833 nunc
493 797 683 833 succidere
714 808 823 832 crura
858 797 977 845 equis,
1015 808 1116 833 nunc
1152 797 1218 833 ilia
1252 796 1467 834 subfodere.

353 858 528 902 Perseus,
548 860 588 896 in
612 858 774 896 mediam
803 859 974 896 invectus
1004 860 1138 903 aciem,
1159 859 1313 897 Graecos
1342 861 1466 911 primo

352 923 485 973 inpetu
505 924 661 959 avertit:
694 923 829 972 quibus
845 936 960 973 quum
975 924 1097 972 gravis
1118 924 1165 961 ab
1183 931 1291 973 tergo
1306 925 1465 961 instaret

351 987 473 1023 hostis
485 1003 497 1032 3
529 985 800 1022 Thessalorum
833 987 1037 1036 equitatus,
1068 988 1132 1036 qui
1161 1000 1183 1023 a
1215 986 1310 1024 laevo
1343 999 1463 1024 cornu

350 1049 455 1087 brevi
476 1050 600 1100 spatio
619 1049 827 1100 disjunctus
847 1050 887 1086 in
907 1050 1082 1087 subsidiis
1103 1051 1226 1087 fuerat
1241 1058 1349 1088 extra
1367 1064 1462 1088 con-

351 1127 516 1156 cursum,
544 1115 666 1163 primo
696 1120 887 1164 spectator
916 1115 1144 1159 certaminis,
1176 1115 1324 1158 deinde,
1354 1115 1464 1152 incli-

349 1185 440 1216 nata
458 1191 512 1221 re,
533 1178 699 1214 maximo
729 1177 812 1214 usui
832 1178 915 1214 fuit.
973 1178 1160 1216 Cedentes
1190 1179 1291 1216 enim
1323 1179 1462 1216 sensim

348 1242 506 1291 integris
527 1240 736 1284 ordinibus,
757 1248 958 1292 postquam
978 1254 1018 1278 se
1032 1242 1214 1279 Eumenis
1230 1242 1379 1279 auxiliis
1396 1243 1462 1280 ad·

341 1306 568 1357 junxerunt,
590 1312 629 1342 et
656 1318 741 1342 cum
762 1318 808 1343 eo
826 1313 951 1342 tutum
986 1307 1085 1344 inter
1114 1307 1264 1344 ordines
1294 1318 1382 1343 suos
1401 1319 1460 1343 re-

348 1379 500 1421 ceptum
521 1371 632 1407 sociis
645 1370 738 1419 fuga
752 1370 942 1421 dissipatis
959 1366 1115 1415 dabant,
1135 1377 1187 1414 et,
1204 1383 1319 1420 quum
1334 1370 1458 1408 minus

347 1435 508 1472 conferti
524 1435 654 1471 hostes
670 1435 870 1478 instarent,
883 1435 1061 1485 progredi
1076 1436 1191 1473 etiam
1206 1435 1302 1478 ausi,
1318 1434 1458 1472 multos

344 1498 572 1547 fugientium
607 1499 740 1535 obvios
779 1505 1019 1548 exceperunt.
1075 1498 1159 1536 Nec
1195 1499 1304 1547 regii,
1338 1499 1458 1549 sparsi

336 1561 421 1612 jam
441 1563 512 1614 ipsi
530 1563 670 1612 passim
690 1562 896 1612 sequendo,
917 1574 1002 1602 cum
1018 1562 1202 1600 ordinatis
1219 1569 1261 1598 et
1275 1569 1380 1601 certo
1397 1563 1455 1600 in-

129 1639 199 1668 Rex
214 1642 324 1676 eques·
343 1627 563 1664 cedentibus
581 1627 698 1675 gradu
711 1638 843 1662 manus
856 1638 1053 1666 conserere
1065 1625 1272 1664 audebant.
1312 1626 1454 1670 Quum,

126 1679 293 1755 efiicgroeuo
342 1691 464 1727 victor
483 1690 646 1739 equestri
665 1689 802 1740 proelio
827 1701 894 1727 rex
919 1701 1035 1739 parvo
1062 1696 1259 1728 momento
1287 1689 1319 1726 si
1347 1689 1454 1740 adju-

227 1744 235 1753 ’
341 1755 471 1798 visset,
488 1752 716 1791 debellatum
732 1759 844 1796 esset,
859 1760 1076 1803 opportune
1091 1752 1308 1790 adhortanti
1323 1764 1453 1802 super·

339 1817 444 1854 venit
470 1816 652 1866 phalanx,
673 1828 787 1866 quam
813 1828 881 1853 sua
910 1822 1060 1865 sponte,
1089 1827 1137 1852 ne
1163 1814 1296 1851 audaci
1325 1823 1453 1866 coepto

339 1879 526 1924 deessent,
552 1879 714 1930 Hippias
744 1886 783 1916 et
810 1878 1006 1916 Leonatus
1035 1878 1173 1928 raptim
1202 1877 1451 1923 adduxerant,

337 1951 540 1994 postquam
569 1956 749 1994 prospere
784 1955 974 1994 pugnasse
1012 1943 1178 1991 equitem
1210 1950 1450 1994 acceperunt.

336 2008 565 2046 Fluctuante
582 2020 672 2056 rege
692 2007 790 2045 inter
808 2019 912 2057 spem
940 2013 1156 2056 metumque
1175 2011 1292 2043 tantae
1312 2002 1365 2046 rei
1385 2019 1451 2044 co.

335 2072 485 2115 nandae,
507 2071 698 2108 Cretensis
719 2070 910 2114 Evander,
931 2082 1007 2119 quo
1026 2068 1201 2106 ministro
1219 2067 1381 2120 Delphis
1401 2070 1449 2107 ad

332 2134 490 2172 insidias
510 2134 692 2172 Eumenis
714 2134 816 2182 regis
840 2145 933 2186 *usus
964 2138 1059 2175 erat,
1089 2138 1291 2181 postquam
1312 2144 1449 2181 agmen

330 2197 541 2248 inpeditum
560 2198 793 2247 venientium
815 2195 884 2233 sub
904 2195 1021 2244 siguis
1039 2195 1146 2238 vidit,
1168 2194 1215 2231 ad
1235 2207 1361 2245 regem
1381 2195 1448 2234 ad-

329 2262 460 2304 currit,
482 2267 520 2298 et
535 2272 690 2298 monere
709 2260 862 2303 institit,
884 2272 928 2297 ne
947 2260 1062 2296 elatus
1070 2258 1257 2309 felicitate
1273 2272 1448 2298 summam

327 2335 447 2363 rerum
468 2329 596 2363 temere
614 2326 655 2363 in
672 2336 740 2363 non
756 2326 989 2362 necessariam
1010 2325 1126 2363 aleam
1149 2324 1266 2363 daret.
1306 2323 1348 2362 Sa·
1364 2336 1448 2362 con·
