1546 2648
142 275 185 307 U.
199 276 236 307 C.
252 282 324 308 583.

143 321 182 351 A.
196 319 233 351 C.
252 325 323 354 169.

337 171 422 227 438
803 183 833 210 'r
876 183 1009 212 L1v11

336 274 432 310 tium
450 284 564 309 naves
583 272 893 322 conspexissent,
926 272 1012 323 ipsi,
1029 270 1191 307 obscura
1208 277 1336 315 nocte,
1356 272 1446 309 sim·

337 337 428 390 plici
452 338 598 381 ordine,
618 350 731 387 quam
750 343 929 387 poterant
946 337 1120 386 proxime
1139 335 1227 372 litus
1257 343 1446 380 tenentes,

338 404 529 440 intrarunt
549 402 691 439 urbem.
743 400 871 452 Hujus
890 402 980 438 novi
1009 400 1174 451 praesidii
1197 401 1299 438 fama
1328 401 1448 438 absis-

338 474 419 505 tere
441 467 728 519 obpugnatione
743 466 854 503 simul
868 466 1064 503 Romanos
1081 478 1282 516 regemque
1298 467 1425 515 coegit
1440 480 1448 501 :

338 533 579 570 circumvecti
603 532 922 582 promontorium,
939 531 986 567 ad
1004 530 1185 567 Toronen
1207 530 1364 567 classem
1383 530 1450 567 ad·

339 595 529 647 pulerunt.
557 595 656 632 Eam
675 607 826 644 quoque
845 593 1067 644 obpugnare
1086 594 1224 638 adorti,
1245 594 1310 630 ubi
1329 594 1451 631 valida

338 660 488 697 defendi
508 672 622 696 manu
637 658 999 701 animadverterunt,
1013 659 1122 694 irrito
1136 658 1290 708 incepto
1308 657 1451 695 Deme-

338 724 497 761 triadem
516 730 664 774 petunt.
721 722 781 760 Ibi
801 735 917 772 quum
943 721 1290 772 adpropinquantes
1310 722 1454 773 repleta

339 790 482 826 moenia
500 789 654 826 armatis
674 788 870 832 vidissent,
883 787 1120 838 praetervecti
1139 787 1186 823 ad
1201 785 1336 823 Iolcon
1355 786 1453 824 clas·

339 865 419 891 sem
444 853 694 905 adpulerunt5
724 852 826 897 inde,
855 864 949 901 agro
978 857 1142 896 vastato,
1171 851 1455 889 Demetriadem

340 929 497 968 quoque
515 917 744 967 adgressuri.

394 981 514 1019 XIII.
543 981 650 1018 Inter
666 981 749 1018 haec
768 986 807 1017 et
826 978 973 1023 consul,
992 991 1042 1016 ne
1061 979 1186 1028 segnis
1203 979 1350 1015 sederet
1368 985 1455 1015 tan·

341 1055 423 1082 tum
443 1045 482 1081 iu
502 1058 594 1094 agro
610 1045 774 1088 hostico,
791 1043 849 1081 M.
862 1042 1068 1095 Popillium
1084 1056 1167 1080 cum
1184 1043 1350 1092 quinque
1369 1043 1456 1079 mil-

341 1108 441 1146 libus
466 1108 630 1146 militum
659 1108 707 1146 ad
738 1107 966 1145 Meliboeam
995 1106 1128 1143 urbem
1160 1106 1458 1156 obpugnandam

341 1173 475 1210 mittit.
527 1172 610 1209 Sita
624 1179 682 1209 est
699 1172 740 1209 in
755 1171 944 1208 radicibus
961 1169 1069 1207 Ossae
1084 1171 1241 1213 montis,
1258 1182 1334 1220 qua
1352 1176 1460 1222 parte

343 1237 384 1274 in
402 1236 640 1274 Thessaliam
658 1237 795 1286 vergit,
811 1242 1027 1287 opportune
1042 1235 1230 1272 inminens
1251 1247 1363 1286 super
1378 1235 1459 1271 De-

345 1302 580 1340 metriadem.
609 1302 757 1339 Primus
773 1301 955 1338 adventus
964 1300 1132 1337 hostium
1142 1299 1303 1351 perculit
1318 1300 1461 1337 incolas

344 1365 443 1405 loci:
476 1367 657 1405 conlectis
677 1366 812 1404 deinde
837 1379 885 1403 ex
909 1365 1139 1416 necopinato
1153 1363 1294 1416 pavore
1312 1365 1462 1409 animis,

345 1432 563 1469 discurrunt
582 1433 718 1470 armati
738 1432 785 1469 ad
807 1438 937 1482 portas
957 1443 1001 1467 ac
1020 1430 1175 1473 moenia,
1196 1443 1271 1479 qua
1296 1430 1462 1480 suspecti

345 1496 470 1533 aditus
508 1503 639 1533 erant:
672 1508 851 1547 spemque
888 1493 1079 1545 extemplo
1115 1493 1343 1537 inciderunt,
1378 1494 1463 1543 capi

345 1561 470 1610 primo
495 1560 626 1611 inpetu
655 1572 778 1611 posse.
835 1559 998 1596 Obsidio
1029 1558 1146 1607 igitur
1174 1558 1394 1608 parabatur,
1421 1564 1460 1594 et

348 1636 466 1675 opera
490 1623 822 1675 obpugnationum
841 1623 922 1660 fieri
950 1628 1088 1672 coepta.
1144 1622 1318 1665 Perseus,
1346 1633 1462 1671 quum

349 1688 528 1732 audisset,
555 1687 667 1724 simul
695 1686 920 1724 Meliboeam
949 1699 972 1723 a
996 1685 1162 1722 consulis
1191 1685 1360 1722 exercitu
1393 1684 1463 1721 ob-

348 1753 525 1803 pugnari,
553 1752 665 1789 simul
693 1752 851 1789 classem
873 1750 971 1788 Iolci
1001 1757 1114 1793 stare,
1136 1756 1177 1786 ut
1202 1749 1289 1786 inde
1320 1748 1463 1785 Deme-

350 1816 510 1852 triadem
547 1816 826 1865 adgrederetur,
861 1815 1152 1865 Euphranorem
1185 1812 1384 1862 quemdam
1417 1824 1464 1849 ex

349 1879 508 1915 ducibus
539 1891 625 1916 cum
661 1878 816 1916 delectis
853 1878 1000 1914 duobus
1037 1876 1202 1914 millibus
1239 1875 1465 1913 Meliboeam

349 1944 492 1980 mittit:
525 1944 645 1980 eidem
664 1944 904 1993 imperatum,
925 1949 982 1986 ut,
1006 1943 1036 1978 si
1057 1955 1078 1978 a
1103 1941 1289 1978 Meliboea
1310 1940 1466 1977 submo-

348 2008 466 2044 visset
484 2006 698 2051 Romanos,
721 2006 1002 2043 Demetriadem
1028 2006 1131 2056 prius
1151 2005 1303 2042 occulto
1328 2005 1465 2041 itinere

350 2072 526 2116 intraret,
546 2085 659 2122 quam
687 2070 735 2108 ab
755 2070 863 2108 Io'lco
889 2071 936 2107 ad
960 2070 1089 2107 urbem
1115 2075 1239 2106 castra
1267 2075 1464 2105 moverent

350 2135 532 2173 Romani.
588 2136 641 2173 Et
659 2136 707 2173 ab
727 2134 1054 2186 obpugnatoribus
1072 2133 1280 2176 Meliboeae,
1297 2145 1413 2182 quum
1424 2132 1464 2168 in

351 2199 609 2251 superioribus
629 2199 723 2236 locis
743 2206 898 2249 repente
924 2199 1172 2249 adparuisset‚
1194 2209 1280 2234 cum
1300 2195 1465 2246 trepida·

350 2264 458 2300 tione
482 2263 602 2300 multa
632 2263 764 2301 relicta
794 2276 911 2315 opera
938 2270 1040 2307 sunt,
1072 2263 1245 2312 ignisque
1273 2259 1461 2311 injectus:

351 2328 406 2365 ita
424 2341 447 2365 a
473 2327 659 2367 Meliboea
692 2327 910 2367 abscessum
940 2333 1010 2365 est.
1066 2326 1311 2378 Euphranor,
1341 2323 1467 2361 soluta
