1546 2648
354 174 436 218 174
475 180 479 187 ·
795 177 840 206 τ.
863 177 996 207 mvn

169 257 210 287 U·
224 258 262 289 C·
276 262 350 291 ⁵5⁶·
364 277 444 302 cum
473 266 691 313 adsignaret.
753 266 884 315 Utique
912 267 1065 302 Feceniae
1083 266 1247 313 Hispuloe
1276 266 1390 308 datio,
1412 265 1474 301 de-

169 301 208 331 A.
222 302 258 333 C.
276 308 288 332 1
297 306 347 333 86.

361 331 528 372 minutio,
547 330 664 378 gentis
679 331 836 378 enuptio,
869 332 995 366 tutoris
1013 333 1111 378 optio
1142 331 1225 365 item
1250 333 1350 371 esset,
1371 329 1475 376 quasi

360 395 393 430 ei
423 395 478 430 vir
501 398 710 430 testamento
730 395 890 429 dedisset.
953 395 1084 442 Utique
1108 396 1140 430 ez?
1166 395 1317 442 ingenuo
1341 393 1472 429 nubere

360 460 481 495 liceret
493 475 506 495 .·
532 471 599 494 neu
619 460 706 506 quid
733 460 778 500 ei,
806 459 866 506 qni
893 471 974 494 eam
1002 459 1240 509 duxissetQOb
1270 459 1307 493 id
1332 456 1472 506 fraudi

353 524 600 571 ignominiaeve
626 527 724 558 esset.
788 523 917 570 Utique
944 524 1100 559 consules
1125 527 1377 571 proetoresque‚
1408 522 1470 569 qui

353 599 448 624 nunc
466 592 590 631 essent,
621 589 724 636 quive
754 592 877 635 postea
901 587 1030 636 futuri
1058 592 1180 629 essent,
1211 591 1393 627 curarent,
1423 598 1469 621 ne

355 652 443 700 quid
460 653 494 688 ei
510 652 654 687 mulieri
677 650 816 697 injuriae
832 651 954 700 fieret,
975 653 1099 699 utique
1125 655 1202 686 tuto
1220 654 1331 686 esset:
1361 650 1399 685 id
1415 661 1470 685 se-

355 721 481 752 natum
500 716 603 758 velle,
624 720 659 751 et
677 728 813 764 oequum
836 727 984 757 censere,
1005 719 1045 752 ut
1063 717 1116 751 ita
1130 715 1251 764 fieret.
1307 712 1367 749 Ea
1385 725 1469 749 om-

355 780 420 817 nia
431 779 510 817 lata
521 779 569 816 ad
581 779 743 830 plebem,
759 779 934 828 factaque
950 784 1038 816 sunt
1050 792 1096 815 ex
1113 775 1466 823 senatusconsult03

355 850 394 881 et
412 844 458 881 de
477 850 689 882 ceterorum
708 843 873 881 indicum
893 844 1107 896 inpunitate
1125 841 1363 894 praemiisque
1375 854 1468 879 con-

356 908 499 946 sulibus
518 910 742 960 permissum
762 915 831 946 est.

407 973 504 1011 XX.
533 973 585 1010 Et
596 972 678 1024 jam
695 973 743 1013 Q.
759 972 943 1016 Marcius,
960 972 1232 1022 quaestionibus
1249 985 1324 1010 suae
1341 973 1468 1022 regio-

355 1038 413 1075 nis
433 1038 625 1090 perfectis,
646 1039 684 1074 in
704 1038 865 1088 Ligures
895 1037 1129 1088 provinciam
1147 1037 1334 1088 proficisci
1355 1049 1466 1088 para-

354 1102 444 1150 bat3
477 1104 597 1140 tribus
623 1102 788 1139 millibus
816 1102 985 1153 peditum
1015 1101 1292 1145 Romanorum,
1314 1109 1466 1138 centum

354 1168 632 1218 quinquaginta
657 1166 861 1216 equitibus,
892 1172 930 1202 et
958 1166 1124 1216 quinque
1142 1165 1307 1203 millibus
1336 1166 1468 1204 Latini

354 1231 520 1268 nominis
542 1231 727 1281 peditum,
748 1230 918 1266 ducentis
945 1230 1133 1279 equitibus
1161 1231 1200 1266 in
1227 1230 1467 1281 supplemen-

352 1303 435 1332 tum
455 1296 632 1346 acceptis.
689 1295 834 1332 Eadem
854 1295 1061 1345 provincia,
1084 1295 1181 1331 idem
1204 1307 1380 1331 numerus
1399 1308 1466 1346 pe-

353 1360 470 1397 ditum
493 1360 737 1410 equitumque
764 1365 802 1396 et
821 1358 976 1407 collegae
997 1358 1166 1394 decretus
1196 1365 1288 1396 erat.
1345 1359 1467 1396 Exer-

353 1424 449 1461 citus
476 1431 717 1475 acceperunt,
739 1436 832 1474 quos
858 1423 984 1473 priore
1010 1435 1111 1459 anno
1132 1423 1175 1460 C.
1191 1422 1399 1461 Flaminius
1429 1431 1469 1461 et

350 1487 408 1526 M.
421 1488 601 1526 AEmilius
621 1488 793 1525 consules
819 1487 1056 1524 habuerunt:
1089 1487 1180 1523 duas
1207 1494 1389 1538 praeterea
1413 1487 1467 1525 le-

353 1553 487 1602 giones
508 1566 624 1589 novas
646 1565 691 1589 ex
711 1550 1043 1588 senatusconsulto
1064 1550 1336 1602 scriberejussi
1353 1557 1464 1587 sunt:

353 1625 393 1654 et
411 1619 546 1667 viginti
569 1617 688 1654 millia
709 1617 877 1667 peditum
894 1616 1005 1652 sociis
1022 1622 1059 1652 et
1073 1615 1218 1652 nomini
1234 1615 1378 1652 Latino
1397 1616 1468 1652 im-

352 1689 550 1734 perarunt,
578 1689 615 1718 et
645 1682 790 1731 equites
820 1680 922 1717 mille
950 1687 1155 1724 trecentos,
1185 1686 1224 1717 et
1251 1681 1325 1718 tria
1352 1680 1471 1718 millia

353 1746 523 1797 peditum
537 1745 817 1788 Romanorum,
835 1745 1017 1781 ducentos
1035 1745 1178 1793 equites
1194 1758 1202 1780 :
1232 1751 1354 1780 totum
1367 1745 1468 1781 hunc

355 1811 580 1854 exercitum,
598 1816 735 1860 praeter
754 1809 937 1858 legiones,
954 1809 992 1845 in
1009 1807 1310 1859 supplementum
1327 1807 1470 1858 Hispa-

353 1875 496 1912 niensis
514 1875 701 1912 exercitus
722 1875 806 1911 duci
826 1873 1000 1924 placebat
1015 1889 1022 1910 :
1046 1874 1173 1922 itaque
1190 1872 1365 1909 consules
1379 1872 1467 1909 dum

358 1941 429 1992 ipsi
443 1940 718 1991 quaestionibus
735 1938 1039 1990 inpediebantur,
1051 1938 1097 1975 T.
1110 1937 1294 1973 Maenium
1310 1936 1471 1974 delectui

162 2013 206 2044 Q.
223 2013 310 2043 Mar·
354 2006 532 2043 habendo
552 2005 814 2056 praefecerunt.
861 2003 1044 2040 Perfectis
1065 2001 1351 2051 quaesti011ibuS,
1369 2001 1473 2050 prior

159 2058 228 2089 ⁰³³⁵
244 2067 263 2086 a
279 2057 329 2087 Π·
357 2071 408 2108 Q.
420 2070 590 2107 Marcius
612 2071 648 2106 in
665 2069 826 2118 Ligures
842 2069 1024 2118 Apuanos
1041 2073 1098 2102 est
1116 2065 1320 2117 profectus.
1367 2064 1471 2101 Dum

158 2101 291 2141 guribus

161 2146 300 2175 circum-

157 2195 244 2220 vent'
251 2198 287 2220 .S·

357 2135 509 2186 penitus
529 2135 568 2170 in
598 2133 747 2170 abditos
768 2132 899 2175 saltus,
921 2145 1002 2181 quae
1032 2129 1186 2166 latebrae
1215 2127 1471 2178 receptacula-

357 2211 430 2250 que
457 2210 606 2249 semper
632 2197 704 2234 illis
726 2197 891 2239 fuerant,
921 2194 1180 2246 persequitur;
1212 2193 1251 2228 in
1281 2204 1474 2244 praeoccu-

361 2264 460 2315 patis
482 2263 683 2312 angustiis,
704 2261 790 2298 loco
815 2262 946 2310 iniquo
972 2267 1028 2296 est
1048 2260 1348 2296 circumventus:
1381 2269 1473 2306 qua-

362 2336 451 2366 tuor
483 2327 601 2366 millia
641 2327 804 2364 militum
838 2327 998 2371 amissa5
1032 2332 1069 2361 et
1105 2324 1265 2373 legionis
1302 2321 1474 2358 secundae
