1546 2648
456 138 664 170 mmzon.
686 139 908 168 DEPERD.
1154 136 1237 184 557

117 233 328 278 gatii-nem:
357 231 419 267 sed
448 229 570 278 Scipio
600 230 723 265 tenuit.
784 228 891 264 Bella
911 229 1002 264 inter
1020 229 1240 267 Antiochum

122 295 250 343 Syriae,
270 301 305 332 et
321 296 519 332 Phraatem
536 293 758 330 Parthorum
775 304 891 339 regem
907 297 1022 340 gesta,
1043 305 1107 329 nec
1125 296 1240 342 magis

119 361 248 408 quietae
264 371 330 396 *res
352 359 510 406 AEgyptl
527 357 746 405 afferuntur.
800 357 1026 398 Ptolemaeus,
1048 358 1238 405 Euergetes

118 425 401 471 cognominatus,
422 423 463 458 ob
482 423 631 457 nimiam
660 421 908 456 crudelitatem
925 422 996 456 suis
1016 422 1158 464 invisus,
1179 424 1236 458 in·-

117 499 219 523 eensa
239 500 261 523 a
279 488 413 536 populo
431 488 544 534 regia,
565 487 661 522 clam
678 484 818 532 Cypron
837 484 1030 533 profugit:
1058 490 1105 527 et,
1127 499 1237 534 qutun

113 553 228 587 sorori
253 551 327 598 ejus
346 552 559 599 Cleopatrae,
581 562 687 598 quam
709 550 808 597 (filia
827 548 902 595 ejus
919 551 1056 597 virgine
1081 563 1146 598 per
1163 553 1236 588 vim

114 627 327 663 compressa,
343 621 452 664 atque
470 617 506 651 in
528 616 796 650 matrimonium
816 609 942 660 ducta)
962 616 1233 662 repudiaverat,

114 691 262 726 regumn
293 692 315 716 a
341 680 477 728 populo
504 677 635 714 'datum
666 683 768 719 esset,
796 676 955 726 infensus
969 678 1110 727 filium,
1131 691 1236 727 quem

113 755 156 779 ex
174 744 239 779 illa
259 744 419 787 habebat,
443 743 553 791 Cypri
573 744 716 784 occidit,
737 747 914 791 caputque
932 741 1075 789 ejus,‘et
1092 747 1232 786 manus,

112 811 148 842 et
173 808 280 854 pedes
310 809 437 851 matri¹
454 808 561 842 misit.
619 807 820 842 Seditiones
849 819 872 842 a
899 807 1092 842 triumuiris
1109 807 1235 843 Fulvio

109 870 252 913 Flacco,
268 875 304 906 et
323 870 362 906 C.
380 870 557 912 Graccho,
579 874 613 905 et
637 870 677 906 C.
698 870 849 918 Papirio
857 871 1042 912 Carbone,
1069 883 1157 917 agro
1175 872 1234 906 di·

108 935 262 971 videndo
280 936 421 976 creatis,
443 936 604 970 excitata>
616 951 628 970 .·
656 935 779 982 quibus
798 947 906 983 quum
927 935 972 971 P.
989 935 1110 983 Scipio
1125 935 1233 984 Afri-

108 1009 217 1034 canus
235 999 495 1052 adversaretur,
521 996 706 1046 fortisque
725 1011 768 1033 ac
790 999 933 1033 validus
952 999 996 1034 de
1015 1000 1072 1034 die
1087 1000 1232 1035 domum

109 1074 144 1098 se
167 1064 365 1110 recepisset,
394 1066 554 1098 mortuus
581 1063 617 1096 in
643 1062 801 1097 cubiculo
833 1063 994 1097 inventus
1021 1067 1084 1098 est.
1141 1063 1231 1098 Sus-

104 1131 212 1174 pecta
229 1126 326 1174 fuit,
359 1130 542 1174 tamquam
568 1126 601 1160 ei
630 1137 800 1161 venenum
826 1126 989 1168 dedisset,
1017 1126 1232 1175 Sempronia

106 1202 209 1233 uxor,
227 1191 308 1227 hinc
325 1191 492 1233 maxime,
513 1191 607 1238 quod
633 1202 733 1226 soror
751 1195 838 1226 esset
857 1191 1098 1228 Gracchorum
1114 1207 1126 1228 .·
1147 1204 1228 1228 cum

106 1254 231 1303 quibus
254 1256 418 1291 simultas
436 1253 614 1303 Africano
632 1253 789 1303 suerat:
818 1255 862 1290 de
885 1259 999 1290 morte
1018 1260 1138 1292 tamen
1156 1254 1230 1302 ejus

105 1320 208 1355 nulla
227 1321 372 1368 quaestio
397 1324 492 1356 acta.
549 1320 606 1355 Eo
633 1318 816 1367 defuncto,
845 1320 1034 1356 seditiones
1064 1322 1229 1356 triumvi-

103 1384 200 1419 rales
217 1386 336 1420 acrius
355 1388 575 1419 exarserunt.
635 1383 674 1418 C.
695 1383 927 1431 Sempronius
955 1385 1076 1420 consul
1104 1389 1229 1420 contra

104 1447 266 1496 Iapydas
292 1450 412 1496 primo
437 1459 512 1483 rem
540 1448 634 1483 male
660 1449 793 1495 gessit:
820 1460 902 1483 mox
919 1450 1070 1484 victoria
1090 1450 1229 1485 cladem

103 1516 287 1560 acceptam
313 1512 513 1547 emendavit
543 1499 682 1547 virtute'
699 1511 754 1548 D.
776 1511 883 1548 Junii
907 1513 1028 1555 Bruti,
1058 1511 1252 1562 eju-noui.

102 1576 331 1613 Lusitaniam
349 1576 545 1624 subegerat.

617 1673 708 1712 LX.

100 1737 170 1790 L·
199 1762 235 1796 A
249 1760 407 1797 UREL
419 1761 443 1796 I
453 1761 523 1797 US
547 1761 668 1796 consul
696 1760 904 1797 rebellantes
923 1761 1059 1797 Sardos
1075 1761 1225 1809 subegit.

95 1824 150 1861 M.
170 1825 315 1861 Fulvius
332 1826 481 1861 Flaccus
505 1827 644 1873 primus
668 1826 928 1874 Transalpinos
947 1827 1102 1873 Ligures
1131 1826 1225 1865 bello

95 1889 247 1930 domuit,
289 1892 413 1926 missus
448 1892 485 1926 in
515 1890 702 1934 'auxilium
737 1891 1036 1926 Massiliensibus.
1057 1892 1229 1927 adversus·

99 1953 280 1988 Salluvios
304 1954 441 1996 Gallos,
463 1955 626 2003 qui-fines
644 1955 921 1996 Massiliensium.
939 1955 1223 2002 populabantur.

99 2016 144 2052 L.
166 2017 325 2063 Opimius
354 2020 490 2064 praetor
512 2017 755 2064 Fregellanos,
784 2019 843 2065 qui
862 2017 1081 2066 defecerant,
1101 2019 1138 2053 in
1159 2019 1222 2053 de·-

101 2080 271 2115 ditionem
286 2081 436 2127 accepit,
450 2080 631 2128 Fregellas
645 2082 770 2117 diruit.
811 2082 1022 2117 Pestilentia
1043 2082 1078 2116 in
1091 2080 1223 2129 Africa

102 2142 145 2178 ab
165 2144 301 2189 ingenti
321 2144 536 2180 locustarum
557 2146 801 2189 multitudine,
818 2150 852 2181 et
870 2147 997 2182 deinde
1014 2150 1224 2182 necatarum

99 2213 232 2253 strage,
253 2206 373 2255 fuisse
401 2210 568 2245 traditur.
626 2210 798 2246 Lustrum
829 2223 851 2246 a·
878 2210 1072 2246 censoribus
1099 2211 1222 2246 condi-

103 2277 175 2307 tum
196 2277 259 2309 est.
281 2316 284 2317 ⁷
317 2272 428 2317 Cema
452 2280 533 2311 sunt
558 2276 688 2311 civium
708 2278 831 2324 capita
851 2281 1006 2327 trecenta
1024 2276 1238 2323 nonaginta.

599 2337 720 2376 Bb3
