1546 2648
319 184 404 241 136
499 214 503 221 ·
575 207 582 214 ·
777 196 979 229 'nmvn

116 293 164 326 U.
177 293 214 325 C.
229 299 301 326 565.
315 286 409 322 alias
427 296 516 333 agro
535 284 712 328 multatis,
733 286 816 322 aliis
839 288 993 334 vectigal
1012 288 1204 336 inponitis:
1231 300 1342 336 regna
1360 300 1427 325 au-

118 338 209 369 ¹·C·
230 343 417 396 ¹⁸7·getis,
447 349 621 390 minuitis,
653 349 806 391 donatis,
829 351 1020 386 adimitis:
1047 363 1138 387 curae
1162 356 1285 388 vestrae
1309 363 1426 388 cense-

316 414 362 448 tis
389 424 472 455 esse,
503 417 542 448 ut
571 424 697 460 pacem
729 417 825 448 terra
853 415 1013 462 marique
1042 415 1202 452 habeant.
1259 416 1332 457 An,
1359 416 1429 451 nisi

311 477 481 525 praesidia
511 476 708 511 defluxisset
725 477 934 520 Antiochus,
956 490 1033 525 quae
1060 480 1180 527 quieta
1206 480 1244 514 in
1267 480 1339 514 suis
1366 490 1427 514 ar-

314 541 410 577 cibus
436 546 552 581 erant,
582 551 652 574 non
680 542 856 587 putaretis
884 542 1070 578 liberatam
1095 544 1256 578 Asiam?
1285 544 1317 578 si
1337 542 1427 578 Gal·

314 605 432 640 lorum
464 604 634 639 exercitus
665 604 768 652 effusi
795 610 1025 651 vagarentur,
1055 611 1139 641 rata
1171 607 1265 641 dona
1293 609 1425 647 vestra,

314 680 392 717 quoe
409 669 567 710 dedistis,
589 668 664 714 regi
683 668 849 711 Eumeni,
870 673 953 705 rata
975 670 1118 706 libertas
1145 670 1346 706 civitatibus
1373 682 1427 706 es·

312 737 365 768 set
378 733 399 767 9
427 731 499 766 Sed
517 732 602 778 quid
620 743 684 777 ego
703 731 776 767 haec
795 733 849 767 ita
867 738 1098 780 argumentor
1112 748 1123 778 3
1157 738 1339 781 tamquam
1357 745 1427 769 non

312 795 521 843 acceperim,
549 796 611 830 sed
628 794 780 843 fecerim
812 796 925 832 hostes
954 797 1078 833 Gallos
1093 798 1115 833 ,9
1147 798 1208 839 Te,
1226 797 1271 832 L.
1287 796 1424 845 Scipio,

312 861 470 908 adpello,
492 858 590 905 cujus
605 871 669 907 ego
688 860 788 903 mihi,
808 862 995 897 succedens
1012 863 1049 896 in
1068 863 1177 897 vicem
1196 863 1337 909 imperii
1356 864 1423 905 tui,

313 926 479 960 virtutem
489 924 781 973 felicitatemque
797 927 936 973 pariter
955 938 1023 961 non
1034 925 1184 974 frustra
1202 926 1245 962 ab
1264 926 1350 961 Diis
1369 927 1425 962 in-

312 989 521 1026 mortalibus
535 993 700 1036 precatus
716 1001 794 1024 sum
807 1006 818 1032 ‚·
850 994 895 1032 te,
917 990 962 1025 P.
981 990 1116 1037 Scipio,
1138 991 1198 1037 qui
1224 990 1332 1037 legati
1346 988 1423 1036 jus,

313 1055 458 1101 collega²
478 1051 711 1098 majestatem,
728 1058 762 1088 et
780 1054 879 1101 apud
885 1052 1047 1101 fratrem
1067 1054 1257 1096 consulem,
1274 1059 1310 1090 et
1327 1055 1426 1102 apud

310 1120 501 1154 exercitum
517 1118 688 1160 habiasca-
703 1119 881 1159 sciatisne,
896 1119 932 1153 in
944 1120 1098 1153 exercitu-
1110 1118 1280 1153 Antiochi
1298 1118 1423 1153 Gallo-

310 1195 389 1218 rum
405 1183 555 1229 legiones
555 1180 672 1229 fuisse
681 1183 702 1217 .9
715 1183 877 1217 videritis
890 1183 926 1217 in
939 1183 1015 1217 acie
1026 1193 1095 1223 ρος,
1109 1183 1146 1217 in
1158 1193 1264 1217 cornu
1275 1186 1423 1230 utroque

312 1247 369 1293 (id
387 1247 481 1282 enim
499 1245 632 1281 roboris
650 1257 720 1281 esse
745 1245 945 1292 videbatur)
970 1246 1102 1282 locatos
1117 1246 1138 1281 ,9
1163 1247 1422 1294 pugnaveritis,

307 1314 349 1346 ut
367 1322 444 1346 cum
471 1309 624 1345 hostibus
642 1308 753 1355 justis
768 1311 789 1345 .9
816 1310 1012 1346 cecideritis
1029 1311 1049 1345 ‚9
1074 1310 1191 1358 spolia
1218 1321 1339 1345 eorum
1364 1322 1420 1345 re·

309 1374 464 1410 tuleritis
479 1374 502 1408 ?
532 1374 646 1420 Atqui
673 1385 751 1408 cum
772 1373 962 1415 Antiocho,
991 1385 1062 1409 non
1087 1385 1166 1409 cum
1191 1373 1318 1416 Gallis,
1348 1373 1420 1410 bel-

308 1439 383 1474 lum
403 1443 436 1473 et
453 1442 594 1473 senatus
614 1438 827 1480 decreverat,
849 1442 884 1473 et
906 1438 1060 1485 populus
1074 1435 1258 1483 jusserat:
1285 1439 1345 1473 sed
1371 1439 1421 1474 si-

307 1503 396 1545 mul,
419 1506 458 1537 ut
479 1502 619 1549 opinor,
641 1512 721 1536 cum
746 1501 799 1536 his
824 1501 1051 1536 decreverant
1068 1489 1329 1548 jusseruntque,
1361 1502 1422 1549 qui

307 1567 405 1601 intra
434 1564 507 1612 ejus
533 1566 703 1613 praesidia
722 1563 905 1612 fuissent:
935 1577 977 1600 ex
1003 1565 1138 1612 quibus,
1161 1569 1294 1612 praeter
1311 1566 1419 1603 Anti-

305 1629 445 1671 ochum,
467 1640 543 1664 cum
571 1640 640 1675 quo
662 1640 789 1676 pacem
814 1627 1002 1675 pepigerat
1021 1627 1158 1676 Scipio,
1186 1632 1222 1663 et
1243 1640 1321 1664 cum
1350 1640 1418 1676 quo

307 1695 517 1730 nominatim.
531 1692 654 1741 sicclus
674 1697 712 1728 ut
727 1694 850 1741 fieret,
872 1693 1149 1734 mandaveratis,
1170 1704 1288 1728 omnes
1305 1692 1420 1730 hostes

304 1762 424 1799 erant,
455 1759 515 1804 qui
542 1768 607 1804 pro
627 1756 804 1792 Antiocho
832 1768 936 1791 arma
961 1757 1127 1791 adversus
1158 1767 1221 1791 nos
1248 1757 1419 1793 tulerunt.

308 1821 352 1856 In
375 1833 445 1869 qua
465 1832 586 1855 caussa
606 1832 713 1867 quum
739 1819 838 1854 Galli
863 1823 947 1854 ante
975 1830 1093 1854 omnes
1109 1817 1282 1867 fuissent,
1303 1824 1338 1854 et
1362 1831 1418 1855 re-

304 1886 383 1933 guli
401 1886 561 1932 quidam,
582 1890 616 1919 et
636 1885 780 1931 tyranni
793 1901 805 1926 ,·
835 1895 899 1930 ego
927 1888 1043 1918 tamen
1064 1887 1097 1918 et
1127 1895 1207 1918 cum
1232 1884 1326 1926 aliis,
1350 1897 1418 1932 pro

308 1951 484 1997 dignitate
506 1949 645 1996 imperii
663 1949 768 1983 vestri
796 1948 925 1983 coactis
953 1947 1048 1982 luere
1072 1951 1223 1994 peccata
1249 1959 1328 1990 sua,
1345 1961 1419 1996 pa·

307 2025 381 2049 cem
408 2013 558 2060 pepigi:
586 2017 621 2048 et
645 2012 833 2048 Gallorum
860 2013 1010 2053 animm,
1035 2013 1064 2047 si
1090 2016 1231 2059 possent
1258 2014 1420 2060 mitigari

307 2090 332 2113 a
349 2076 507 2125 feritate
534 2078 653 2118 insita,
676 2079 837 2112 tentavi:
866 2081 912 2119 et,
930 2081 1116 2124 postquam
1145 2077 1335 2112 indomitos
1359 2082 1417 2113 at-

308 2154 375 2191 que
400 2142 629 2189 inplacabiles
647 2142 840 2183 cernebam,
863 2146 935 2177 tum
955 2142 1093 2176 demum
1118 2141 1153 2176 ci
1178 2145 1284 2188 atque
1310 2143 1420 2179 armis

307 2206 513 2242 coercendos
544 2210 645 2240 ratus
667 2217 755 2240 sum.
813 2205 933 2246 Nunc,
964 2204 1131 2251 quoniam
1158 2206 1309 2252 suscepti
1336 2205 1420 2242 belli

306 2274 502 2317 purgatum
520 2274 571 2305 est
589 2271 733 2310 crimen,
751 2270 842 2316 gesti
866 2268 1045 2304 reddenda
1064 2272 1115 2304 est
1137 2270 1254 2304 ratio:
1283 2270 1320 2304 in
1349 2281 1418 2316 quo

308 2334 518 2383 confiderem
537 2334 696 2383 equidem
715 2345 845 2370 caussae
863 2344 960 2377 meae,
981 2333 1120 2370 etiamsi
1138 2344 1206 2371 non
1225 2333 1323 2381 apud
1340 2331 1417 2370 Ra-
