1546 2648
338 185 419 231 134
492 215 498 222 ,
619 199 621 201 ·
779 185 826 215 τ.
859 186 994 217 mvn

138 283 182 314 U.
199 282 235 314 C.
249 287 320 315 56⁵.
330 273 626 326 populum-ferri,
645 273 771 318 velint,
782 274 979 322 jubeantne
996 287 1076 312 cum
1101 276 1218 313 Gallis
1236 277 1367 314 bellum
1382 289 1444 326 ge·

135 328 176 358 A*
191 326 228 357 C·
247 333 366 378 ¹⁶⁷'ri
381 343 402 378 ,9
430 341 540 377 Modo
565 345 659 376 certe
683 341 839 376 consules
863 342 1038 376 Graecz'am
1068 346 1177 388 atque
1194 343 1320 377 Asiam
1349 343 1446 378 vole-

330 407 415 442 bant
429 421 441 441 :
471 410 587 441 tamen
604 405 910 452 perseverantibus
928 405 1034 448 vobis,
1057 405 1208 451 Ligures
1221 408 1447 454 provinciam

329 471 526 511 decernere,
548 470 642 504 dicto
661 470 845 504 audientes
858 468 1027 517 fuerunt.
1084 469 1218 505 Merito
1240 482 1324 517 ergo
1342 483 1364 506 α
1382 482 1445 507 vo-

329 534 392 576 bis,
411 544 577 582 prospere
595 533 686 568 bello
698 538 810 580 gesto,
829 533 1050 581 triumphum
1066 538 1202 581 petent,
1220 535 1345 583 quibus
1359 547 1444 572 auc-

331 598 463 634 toribus
479 601 672 644 gesserunt.

129 665 274 715 Manlius
284 676 318 697 se
383 660 551 698 XLVII.
580 659 685 696 Talis
706 659 829 695 oratio
849 658 951 695 Furii
974 666 1012 695 et
1031 660 1180 696 AEmilii
1199 661 1284 698 fuit.
1327 661 1442 699 Man-

122 709 274 741 defendat.
329 729 421 765 lium
453 728 492 763 in
519 727 621 763 hunc
654 726 816 761 maxime
845 725 1000 761 modum
1030 727 1270 776 respondisse
1296 729 1442 778 accepi-

329 804 422 828 mus.
477 791 623 826 Tribuni
649 790 762 836 plebis
779 794 887 824 antea
905 789 1063 825 solebant
1084 791 1305 838 triumphum
1321 796 1445 839 postu-

328 855 480 892 lantibus
498 855 694 894 adversari,
718 853 847 889 Patres
865 855 1066 901 conscripti.
1126 855 1259 895 Quibus
1276 867 1340 903 ego
1356 868 1444 904 gra-

327 922 414 956 tiam
451 918 574 960 habeo,
612 918 706 965 quod
737 928 797 952 seu
828 917 929 959 mihi,
959 929 1017 952 seu
1056 920 1298 965 magnitudini
1325 931 1445 956 rerum

323 989 520 1032 gestarum,
543 982 606 1017 hoc
625 982 810 1022 dederunt,
834 985 872 1016 ut
894 993 962 1016 non
986 982 1101 1016 solum
1119 982 1260 1018 silentio
1279 995 1442 1031 compro-

326 1049 451 1084 barent
471 1046 637 1082 honorem
659 1057 788 1086 meum,
808 1046 870 1080 sed
888 1044 1024 1092 referre
1043 1047 1165 1087 etiam,
1185 1047 1216 1080 si
1235 1058 1322 1094 opus
1340 1052 1441 1090 esset,

325 1113 531 1148 viderentur
547 1111 670 1158 parati
689 1120 770 1144 esse.
828 1110 886 1145 Ex
904 1110 1021 1145 decem
1038 1110 1179 1156 legatis,
1198 1112 1229 1145 si
1248 1111 1336 1146 Diis
1357 1112 1441 1158 pla-

326 1182 394 1217 cet,
416 1176 510 1222 quod
535 1174 719 1209 consilium
739 1173 983 1219 dispensandae
1009 1173 1341 1222 cohonestandaeque
1367 1176 1441 1211 vic-

328 1241 426 1276 toria>
451 1237 720 1286 imperatoribus
744 1234 896 1282 majores
922 1238 1095 1273 dederunt
1123 1239 1249 1280 nostri,
1273 1239 1440 1275 adversa-

325 1307 398 1340 rios
418 1304 537 1339 babeo.
564 1303 608 1338 L.
621 1302 759 1343 Furius,
781 1301 1010 1337 L.AEmilius
1027 1313 1170 1337 currum
1189 1302 1442 1350 triumphalem

327 1381 382 1405 me
400 1368 628 1404 conscendere
651 1365 850 1413 probibent,
872 1377 1039 1401 coronam
1058 1367 1227 1413 insignem
1247 1368 1359 1414 capiti
1379 1367 1440 1402 de-

326 1433 502 1474 trahunt3
533 1443 618 1479 quos
635 1442 713 1478 ego,
733 1431 763 1465 si
790 1430 922 1465 tribuni
947 1441 1002 1465 me
1031 1429 1253 1477 triumphare
1274 1430 1440 1478 probibe-

324 1502 419 1539 rent,
442 1501 542 1532 testes
561 1497 737 1531 citaturus
753 1493 820 1542 fui
845 1506 961 1530 rerum
982 1507 1005 1530 a
1023 1505 1078 1529 me
1094 1484 1286 1542 gestarum.
1343 1495 1440 1532 Nul-

328 1564 398 1598 lius
429 1561 589 1609 equidem
623 1559 761 1594 invideo
793 1559 930 1601 honori,
954 1560 1081 1594 Patres
1112 1561 1310 1607 conscripti.
1372 1559 1440 1596 Vos

327 1626 484 1662 tribunos
509 1625 622 1672 plebei
644 1635 770 1671 nuper,
791 1625 884 1659 viros
896 1622 1018 1671 fortes
1045 1635 1088 1658 ac
1107 1628 1280 1666 strenuos,
1301 1625 1438 1671 inpedi-

323 1695 420 1727 entes
446 1690 488 1730 Q.
509 1689 610 1724 Fabii
627 1687 801 1723 Labeonis
828 1687 1061 1734 triumphum,
1082 1688 1299 1723 auctoritate
1321 1692 1439 1724 vestra

323 1755 569 1790 deterruisti-s:
599 1751 846 1799 triumphacit,
874 1763 975 1798 quem
1005 1763 1074 1786 non
1107 1751 1235 1786 bellum
1268 1750 1437 1797 injustum

320 1821 476 1867 gessisse,
496 1819 557 1853 seri
586 1817 718 1852 hostem
744 1817 887 1852 omnino
905 1828 976 1851 non
994 1817 1134 1857 vidisse,
1156 1817 1292 1852 inimici
1310 1814 1435 1861 jaeta-

321 1885 420 1920 bant.
478 1883 572 1930 Ego,
593 1882 653 1929 qui
682 1893 758 1916 cum
790 1885 928 1916 centum
958 1881 1111 1916 millibus
1128 1879 1436 1928 ferocissimorum

322 1948 474 1983 hostium
501 1947 610 1993 signis
637 1945 786 1980 conlatis
815 1945 918 1979 toties
945 1945 1117 1991 pugnari,
1149 1945 1210 1991 qui
1235 1944 1318 1992 plus
1347 1957 1435 1992 qua-

322 2013 492 2058 draginta
511 2010 627 2046 millia
647 2009 827 2044 hominum
848 2009 923 2056 cepi
943 2013 1007 2043 aut
1027 2009 1153 2050 occidi,
1175 2009 1237 2055 qui
1255 2008 1337 2044 bina
1357 2021 1434 2045 cas-

322 2081 379 2112 tra
398 2087 516 2111 eorum
537 2074 748 2121 expugnavi,
771 2073 831 2120 qui
855 2073 946 2107 citra
965 2070 1059 2118 juga
1083 2072 1194 2107 Tauri
1220 2073 1340 2107 omnia
1364 2085 1433 2120 pa-

318 2140 472 2181 catiora,
493 2149 599 2185 quam
629 2142 725 2172 terra
755 2137 866 2172 Italia
896 2141 958 2178 est,
980 2137 1121 2184 reliqui,
1151 2147 1223 2172 nan
1253 2136 1435 2185 triumpha

316 2204 424 2239 modo
445 2201 634 2251 fraudor,-
663 2201 723 2236 sed
759 2211 918 2236 caussam
951 2200 1049 2247 apud
1081 2211 1154 2242 vos,
1186 2200 1317 2236 Patres
1349 2211 1432 2236 con-

311 2268 454 2315 scripti,
481 2265 725 2302 accusantibus
752 2266 836 2300 meis
870 2265 942 2311 ipse
970 2265 1106 2311 legatiS,
1138 2265 1227 2300 dico.
1283 2264 1432 2312 Duplex

310 2343 448 2376 eorum,
467 2336 510 2367 ut
533 2330 844 2374 animadvertistis,
867 2329 998 2366 Patres
1023 2330 1225 2379 conscripti,
1252 2329 1430 2366 accusatio
