1546 2648
338 172 419 202 110
790 170 834 200 τ.
858 169 991 202 mvn
1534 157 1539 219 1

475 216 480 223 ’
1535 223 1539 259 Ι

139 259 183 292 U.
196 259 231 290 C.
248 265 530 310 563.recepere:
562 269 647 309 pars
675 256 812 309 major,
833 259 965 297 dextra
992 259 1159 310 laevaque
1187 259 1347 311 praelati,
1367 271 1442 310 qua

138 303 179 334 Δ·
193 302 230 333 C'
249 310 320 340 ¹⁸9'
331 335 518 373 quemque
536 323 686 373 inpetus
707 321 808 366 tulit,
829 323 1031 372 fugerunt:
1063 325 1239 368 victores,
1259 337 1376 374 usque
1395 324 1442 360 ad

329 394 455 424 castra
473 387 606 429 secuti,
623 386 839 422 ceciderunt
857 393 986 436 terga:
1019 388 1153 425 deinde
1172 389 1210 424 in
1224 389 1355 425 castris
1373 401 1438 424 cu·

328 452 488 502 piditate
506 450 640 501 praedae
666 450 869 494 haeserunt,
889 463 960 487 nec
982 452 1209 501 sequebatur
1227 453 1439 501 quisquam.

329 515 378 552 In
406 514 583 552 cornibus
613 513 714 550 Galli
734 513 872 550 diutius
903 521 1102 559 steterunt,
1129 517 1218 565 quia
1245 516 1362 552 serius
1391 515 1438 551 ad

331 592 395 616 eos
428 585 650 629 perventum
687 584 766 613 est:
802 585 967 615 ceterum
1004 592 1052 616 ne
1088 581 1251 630 primum
1287 579 1438 629 quidem

328 642 543 693 conjectum
564 642 725 678 telorum
747 637 927 679 tulerunt.
985 644 1143 687 Consul,
1164 645 1227 693 qui
1246 645 1435 692 ingressos

325 708 367 743 in
387 713 511 743 castra
530 706 576 742 ab
597 707 809 756 direptione
829 706 1047 742 abstrahere
1072 720 1150 743 non
1170 713 1333 757 poterat,
1354 718 1434 749 eos,

325 771 389 819 qui
406 771 445 806 in
458 770 634 806 cornibus
650 769 815 813 fuerant,
832 771 1004 820 protinus
1021 771 1067 806 ad
1080 771 1289 820 sequendos
1305 771 1434 806 hostes

324 835 448 872 misit:
481 847 548 884 per
566 835 801 883 aliquantum
829 836 991 885 spatium
1013 836 1145 879 secuti,
1166 848 1244 871 non
1265 835 1348 885 plus
1374 841 1432 870 ta-

323 911 410 935 men
431 905 520 934 octo
539 898 657 934 millia
675 900 874 935 hominum
894 900 932 935 in
951 899 1041 948 fuga
1062 901 1167 946 (narn
1182 912 1309 949 pugna
1330 899 1434 935 nulla

323 961 414 1008 fuit)
436 962 672 998 ceciderunt:
705 962 838 1011 reliqui
866 962 1004 998 flumen
1034 963 1163 1013 Halyn
1191 963 1434 1013 trajecerunt.

323 1025 586 1062 Romanorum
609 1039 745 1075 magna
766 1039 852 1076 pars
874 1039 917 1064 ea
934 1034 1046 1063 nocte
1063 1028 1099 1063 in
1118 1028 1284 1064 hostium
1300 1028 1431 1064 castris

322 1091 485 1136 mansit;
518 1097 662 1127 ceteros
683 1091 721 1126 in
742 1103 809 1126 sua
829 1097 953 1127 castra
968 1090 1100 1127 consul
1118 1092 1280 1128 reduxit.
1337 1091 1431 1128 Pos-

322 1161 405 1189 tero
425 1153 484 1190 die
515 1154 683 1203 captivos
714 1154 951 1203 praedamque
981 1155 1190 1190 recensuit:
1223 1167 1305 1204 quae
1325 1162 1433 1192 tanta

320 1217 408 1260 fuit,
442 1224 622 1266 quantam
656 1217 872 1253 avidissima
900 1218 1070 1267 rapiendi
1097 1231 1204 1266 gens,
1234 1232 1348 1268 quum
1379 1220 1430 1256 cis

320 1289 491 1318 montem
509 1282 679 1318 Taurum
705 1283 834 1319 omnia
852 1284 963 1319 armis
991 1296 1057 1333 per
1082 1283 1220 1320 multos
1247 1284 1431 1320 tenuisset

319 1358 454 1388 annos,
472 1358 693 1382 coacervare
713 1346 850 1395 potuit.
899 1345 1013 1390 Galli,
1034 1359 1080 1383 ex
1097 1347 1274 1398 dissipata
1290 1349 1429 1397 passim

317 1411 411 1459 fuga
430 1412 467 1446 in
489 1423 605 1446 unum
633 1410 756 1447 locum
786 1413 1022 1460 congregati,
1045 1425 1183 1461 magna
1207 1426 1292 1463 pars
1313 1414 1430 1450 saucii

318 1480 384 1511 aut
403 1475 578 1517 inermes,
598 1475 729 1510 nudati
745 1475 919 1511 omnibus
937 1476 1062 1519 rebus,
1081 1479 1256 1518 oratores
1270 1476 1316 1513 de
1333 1491 1426 1528 pace

317 1539 365 1575 ad
384 1538 576 1576 consulem
604 1539 798 1576 miserunt.
854 1540 933 1576 Eos
954 1540 1121 1576 Manlius
1148 1541 1342 1591 Ephesum
1363 1555 1426 1578 ve-

315 1602 548 1652 nirejussit:
582 1604 674 1653 ipse,
699 1602 795 1653 (jam
822 1605 922 1640 enim
943 1605 1105 1640 medium
1126 1606 1298 1641 autumni
1325 1608 1423 1652 erat)

314 1666 408 1703 locis
440 1665 572 1715 gelidis
603 1667 887 1716 propinquitate
926 1667 1043 1704 Tauri
1076 1669 1216 1704 montis
1249 1670 1426 1706 excedere

313 1742 535 1780 properans,
556 1720 738 1766 victorem
758 1732 965 1768 exercitum
984 1733 1024 1768 in
1050 1732 1209 1769 hiberna
1229 1733 1425 1774 maritimae

315 1806 391 1830 orae
411 1795 571 1831 reduxit.

365 1857 562 1896 XXVIII.
592 1858 696 1895 Dum
724 1860 804 1896 haec
833 1861 872 1896 in
891 1861 983 1896 Asia
1003 1867 1199 1909 geruntur,
1230 1862 1267 1897 in
1289 1863 1422 1899 ceteris

310 1922 515 1972 provinciis
537 1923 750 1970 tranquillae
769 1935 825 1959 res
853 1923 1019 1961 fuerunt.
1077 1925 1261 1961 Censores
1289 1925 1424 1963 Romae

309 1985 354 2021 T.
368 1985 571 2025 Quinctius
605 1985 840 2023 Flamininus
871 1994 908 2023 et
933 1987 991 2025 M.
1012 1987 1191 2025 Claudius
1216 1989 1421 2027 Marcellus

309 2054 481 2084 senatum
500 2048 741 2098 perlegerunt
757 2066 763 2085 ε
788 2050 961 2100 princeps
976 2051 1014 2087 in
1030 2058 1164 2088 senatu
1179 2053 1330 2088 tertium
1345 2052 1421 2090 lec-

290 2107 368 2147 ‘tus
389 2112 431 2148 P.
446 2111 573 2162 Scipio
589 2112 791 2150 Africanus
808 2128 816 2150 ε
845 2122 1008 2164 quatuor
1028 2115 1097 2152 soli
1114 2116 1294 2166 praeteriti
1315 2124 1417 2162 sunt,

256 2211 263 2218 ,
307 2188 419 2212 nemo
440 2176 559 2212 curuli
580 2189 665 2213 usus
685 2178 852 2216 honore:
887 2187 924 2216 et
944 2181 982 2216 in
998 2181 1167 2229 equitatu
1188 2182 1419 2218 recensendo

306 2240 409 2276 ruitis
424 2241 625 2277 admodum
638 2254 795 2278 censura
813 2243 898 2280 fuit.
960 2244 1288 2299 Substructionem
1308 2257 1420 2296 super

305 2303 594 2357 AEquimaelium
612 2306 652 2344 in
665 2306 873 2359 Capitolio,
892 2315 929 2346 et
946 2309 1044 2347 viam
1060 2309 1165 2347 silice
1180 2310 1419 2352 sternendam
