1546 2648
319 187 474 216 LIBER
499 185 628 214 xLu.
661 183 768 213 CAP.
788 185 893 214 xm.
1077 176 1160 231 363

51 274 209 318 Scilicet,
228 287 293 312 nec
314 277 502 318 Eumenes,
521 287 631 324 quum
650 279 726 311 tam
747 275 869 311 multis
884 277 1006 323 gravis
1022 277 1163 325 publice
1175 284 1218 315 U.
1228 284 1266 315 c.
1276 285 1314 316 ⁵8
1323 293 1351 315 1.

51 351 94 376 ac
114 341 288 388 privatim
313 342 375 384 sit,
404 341 530 384 alium,
561 351 670 389 quam
697 351 767 383 me,
802 340 987 376 inimicum
1015 328 1263 380 habuit:A'c‘
1279 332 1351 363 ¹⁷¹·

50 415 163 452 neque
176 416 240 453 ego
248 406 424 454 potiorem
438 416 650 454 quemquam
662 405 713 441 acl
726 405 927 442 ministeria
933 404 1163 455 facinorum,

50 479 160 517 quam
175 469 395 513 Rammium,
418 470 540 518 (quem
561 480 673 517 neque
689 480 861 518 umquam
879 473 963 506 ante
987 471 1166 515 videram,

49 537 115 569 'nec
121 545 220 570 eram
230 540 358 582 postea
369 533 522 582 visurus)
535 535 690 570 invenire
697 535 813 583 potui.
835 535 886 572 Et
904 534 1165 580 Thebanorum,

49 608 137 645 quos
159 587 356 647 naufragio
381 600 513 648 perisse
538 602 690 641 constat,
710 603 746 634 et
764 598 930 636 Artetari
948 600 1053 636 coedis
1075 599 1165 636 mihi

49 663 235 699 reddenda
251 665 347 700 ratio
365 669 441 701 est:
470 666 506 700 in
525 676 597 713 qua
616 669 736 700 tamen
753 663 845 701 nihil
861 664 962 701 ultra
983 663 1163 711 objicitur,

50 738 159 774 quam
185 728 429 777 interfectores
447 727 521 775 ejus
538 729 575 764 in
593 739 700 777 regno
718 729 893 764 exsulasse
911 740 998 766 meo.
1056 726 1174 775 Cujus!

50 793 262 829 conditionis
281 795 506 842 iniquitatem
525 795 577 829 ita
595 799 668 829 non
685 804 764 829 sum
787 798 1027 837 recusaturus,
1046 796 1078 831 si
1103 805 1165 831 vos

49 868 188 905 quoque
206 851 381 906 accipitis,
401 863 456 900 ut,
477 860 689 907 quicumque
707 858 840 894 exsules
864 859 901 895 in
920 859 1071 896 Italiam
1098 864 1166 896 aut

49 920 205 957 Romam
232 933 271 957 se
301 922 542 964 contulerunt,
576 921 631 957 his
650 921 879 970 facinorum,
909 928 1060 972 propter
1086 935 1165 972 quoe

48 986 212 1021 damnati
229 990 325 1029 sunt,
346 991 507 1022 auctores
523 997 584 1022 vos
591 985 710 1035 fuisse
717 985 932 1035 fateamini.
983 987 1026 1024 Si
1044 986 1110 1023 hoc
1127 992 1164 1024 et

47 1062 108 1086 vos
124 1050 343 1094 recusabitis,
363 1056 400 1088 et
417 1062 535 1088 omnes
556 1051 640 1087 alioe
661 1056 795 1100 gentes,
816 1063 881 1100 ego
906 1063 1045 1101 quoque
1069 1053 1165 1088 inter

49 1122 179 1154 ceteros
202 1129 274 1154 ero.
331 1119 394 1162 Et,
415 1119 586 1161 Hercule,
606 1119 693 1167 quid
718 1119 859 1155 adtinet
883 1119 1051 1167 cuiquam
1073 1120 1164 1155 eoesi-

50 1183 138 1219 liu-m
156 1187 294 1231 patere,
313 1184 344 1219 si
361 1195 535 1232 nusquam
553 1184 667 1220 exsuli
683 1182 840 1233 futurus
859 1184 956 1220 locus
973 1185 1055 1220 est?
1083 1184 1164 1232 Ego

50 1252 169 1284 tamen
186 1249 283 1291 istos,
300 1253 342 1284 ut
354 1249 516 1296 primum
534 1250 572 1284 in
591 1248 809 1285 Macedonia
823 1260 906 1292 esse,
922 1249 1126 1285 admonitus
1140 1257 1165 1284 a

47 1310 154 1353 vobis,
172 1314 340 1360 comperi,
356 1313 544 1360 requisitos
559 1312 658 1348 abire
672 1324 715 1348 ex
731 1324 841 1359 regno
850 1311 957 1358 jussi,
974 1317 1010 1348 et
1025 1313 1062 1348 in
1076 1323 1163 1361 per-

42 1381 193 1426 petuum
220 1378 392 1414 interdixi
406 1377 544 1426 finibus
571 1378 668 1414 meis,
724 1378 777 1413 Et
798 1378 872 1414 haec
892 1379 1036 1426 quidem
1059 1376 1163 1421 mihi,

49 1448 233 1493 tamquam
251 1456 414 1481 caussam
433 1445 567 1480 dicenti
583 1455 659 1487 reo,
679 1441 813 1489 objecta
830 1448 938 1480 sunt:
965 1444 1047 1486 illa,
1069 1447 1164 1480 tam·

48 1520 156 1557 quam
173 1511 263 1557 regi,
283 1514 318 1545 et
338 1522 415 1557 quae
440 1509 484 1545 de
499 1507 655 1557 foedere,
677 1508 771 1556 quod
794 1507 883 1544 mihi
902 1512 954 1543 est
971 1507 1162 1550 vobiscum,

48 1575 339 1622 disceptationem
372 1573 536 1610 habeant.
592 1573 704 1614 Nam,
737 1573 769 1608 si
800 1577 852 1608 est
880 1574 918 1608 in
938 1571 1083 1621 foeclere
1109 1573 1163 1608 ita

47 1638 233 1685 scriptum,
248 1642 289 1673 ut
306 1649 363 1679 ne,
379 1639 410 1673 si
429 1637 559 1672 bellum
578 1637 720 1684 quidem
738 1636 818 1684 quis
835 1635 984 1684 inferat,
1002 1637 1093 1672 tueri
1107 1647 1164 1672 rne

46 1712 262 1749 regnumque
281 1712 400 1737 meum
426 1701 547 1743 liceat,
567 1699 656 1736 ‘mihi
671 1699 872 1748 fatendum
900 1704 965 1742 est,
986 1700 1082 1747 quod
1107 1710 1164 1735 me

46 1767 157 1802 armis
175 1766 341 1802 adversus
357 1765 584 1813 Abrupolim,
603 1765 738 1800 socium
759 1763 888 1811 populi
907 1763 1078 1806 Romani,
1100 1764 1162 1800 cle-

37 1830 236 1880 fenderim,
247 1830 373 1880 foeclus
389 1831 566 1867 violatum
584 1841 666 1866 esse.
723 1828 789 1865 Sin
817 1833 939 1865 autem
967 1829 1033 1865 hoc
1060 1833 1096 1864 et
1120 1841 1164 1865 ex·

38 1895 179 1946 foedere
204 1897 318 1939 licuit,
338 1900 373 1931 et
392 1893 477 1941 jure
499 1895 660 1943 gentium
684 1895 738 1930 ita
763 1898 1013 1942 comparatum
1038 1898 1102 1936 est,
1124 1898 1163 1929 ut

47 1971 152 1996 arma
169 1962 278 1996 armis
292 1960 562 2008 propulsentur,
583 1959 670 2007 quid
696 1958 841 1995 tandem
864 1970 921 1994 me
939 1957 1071 2007 facere
1099 1959 1160 1994 de-

46 2025 133 2066 cuit,
154 2035 263 2072 quum
280 2024 476 2072 Abrupolis
489 2024 585 2072 fines
605 2023 675 2058 mei
694 2023 796 2069 regni
812 2033 922 2069 usque
941 2022 988 2057 ad
1005 2020 1160 2069 Amphi-

45 2088 159 2136 polim
184 2092 431 2136 pervastasset,
451 2088 570 2123 multa
598 2086 709 2122 libera
733 2087 871 2134 capita,
891 2097 1061 2132 magnam
1088 2086 1160 2121 vim

0 2152 1 2166 ²
45 2153 320 2199 mancipiorum,
340 2153 456 2188 multa
474 2152 594 2188 millia
608 2162 780 2199 pecorum
805 2151 1005 2198 abegisset?
1035 2150 1160 2191 Quies-

48 2227 162 2252 cerem
180 2220 216 2251 et
231 2221 389 2263 paterer,
409 2217 518 2253 donec
537 2217 681 2253 Pellam
699 2220 735 2252 et
752 2218 789 2252 in
807 2217 945 2263 regiam
964 2226 1079 2251 meam
1098 2226 1160 2250 ar-

26 2284 166 2325 ,matus
195 2281 440 2328 pervenisset?
471 2282 523 2317 At
550 2282 645 2317 enim
672 2280 765 2316 bello
793 2280 936 2328 quidem
955 2277 1056 2325 justo
1084 2288 1161 2314 sum

45 2349 249 2395 persecutus
259 2361 272 2390 ‚-
300 2344 362 2381 sed
379 2346 474 2382 vinci
490 2356 561 2381 non
578 2347 739 2392 oportuit
755 2357 850 2388 eum,
870 2356 983 2393 neque
1007 2354 1062 2387 ea,
1083 2353 1160 2391 quae

567 2407 648 2445 R2
