1546 2648
140 279 182 309 U.
196 277 320 314 0582.

140 322 180 352 A.
195 322 232 352 C.
249 327 320 358 170.

142 843 309 876 Lucretius

144 888 327 919 damnatur.

152 1618 214 1648 Res
230 1618 262 1647 in
279 1617 322 1647 11-

153 1660 252 1698 lyrico
267 1670 335 1700 ges-

151 1709 201 1735 ἢ.

332 177 418 229 406
777 189 822 216 Τ.
848 188 980 217 mvn

332 292 369 318 se
405 281 454 316 ad
491 275 535 316 L.
555 278 784 315 Hortensium
815 283 1004 327 praetorem
1041 279 1188 315 (laturos
1223 277 1294 316 esse
1305 295 1317 322 ς
1359 291 1436 327 quae

337 345 581 381 Chalcidenses
599 347 794 391 querantur
812 347 907 385 acta,
925 355 966 378 ea
983 345 1123 379 senatui
1141 356 1210 379 non
1225 344 1391 392 placere:
1407 343 1438 378 si

333 411 396 458 qui
423 411 460 446 in
486 410 688 444 servitutem
717 407 816 443 liberi
842 409 1023 450 venissent,
1043 412 1083 443 ut
1108 420 1164 444 eos
1188 407 1439 456 conquirendos

327 474 448 521 primo
477 484 615 521 quoque
643 476 813 518 tempore,
842 471 1146 519 restituendosque
1174 473 1212 507 in
1241 471 1441 507 libertatem

332 541 499 573 curaret:
524 537 699 572 sociorum
726 535 911 571 navalium
937 536 1125 578 neminem,
1152 539 1285 583 praeter
1308 534 1441 581 magis-

336 604 422 642 tros,
442 601 479 635 in
498 599 653 647 hospitia
671 599 798 634 deduci
816 609 954 645 aequum
970 609 1117 634 censere.
1155 597 1251 634 Haec
1270 596 1442 634 Horten-

336 663 393 699 sio
415 662 527 712 jussu
555 668 706 697 senatus
736 661 887 710 scripta.
943 660 1107 697 Munera
1132 661 1264 697 binum
1283 659 1443 696 minium

337 726 419 762 aeris
438 725 572 775 legatis
595 726 723 768 missa,
745 731 782 761 et
802 724 975 761 vehicula
1001 715 1182 761 Mictioui
1208 724 1359 774 publice
1385 722 1444 759 lo·

338 795 436 832 cata,
460 802 543 838 quae
572 801 656 825 eum
684 788 929 824 Brundisium
959 788 1158 824 commode
1185 787 1443 838 pei-veherent.

340 854 384 890 C.
403 852 638 896 Lucretium,
667 852 733 888 ubi
761 852 854 895 dies,
882 865 965 901 quae
994 852 1094 888 dicta
1122 858 1216 895 erat,
1236 851 1354 894 venit,
1377 850 1445 886 tri-

339 916 430 953 buni
447 916 492 953 ad
512 916 693 967 populum
712 922 950 959 accusarunt,
970 915 1203 964 multamque
1218 915 1339 951 decies
1356 926 1445 950 cen·

338 986 420 1017 tum
438 979 597 1016 millium
617 980 698 1016 aeris
719 979 906 1016 dixerunt.
943 979 1116 1015 Comitiis
1136 979 1292 1021 habitis,
1313 988 1444 1014 omnes

338 1043 505 1093 quinque
524 1049 565 1082 et
580 1043 738 1092 triginta
756 1042 876 1078 tribus
897 1055 980 1078 eum
1002 1042 1314 1078 condemnarunt.

393 1105 466 1143 IX.
497 1106 541 1142 In
568 1105 773 1154 Liguribus
795 1118 840 1141 eo
861 1118 962 1141 anno
981 1105 1077 1141 nihil
1097 1104 1343 1141 memorabile
1362 1115 1446 1152 ges—

340 1177 445 1206 tum:
472 1182 563 1206 nam
581 1182 651 1206 nec
669 1169 798 1205 hostes
819 1175 1020 1205 moverunt
1038 1182 1155 1212 arma,
1175 1181 1298 1217 neque
1317 1166 1449 1204 consul

341 1237 381 1272 in
401 1248 532 1285 agrum
549 1248 680 1272 eorum
696 1235 864 1284 legiones
881 1236 1029 1272 induxit
1044 1251 1051 1272 :
1075 1242 1127 1279 et,
1143 1236 1232 1272 satis
1253 1234 1449 1284 explorata

343 1313 435 1350 pace
461 1300 541 1350 ejus
562 1301 666 1343 anni,
684 1299 821 1336 milites
851 1301 1008 1336 duarum
1036 1300 1229 1348 legionum
1253 1298 1448 1334 Romana-

343 1377 426 1401 rum
444 1354 551 1401 intra*
562 1364 639 1400 dies
661 1365 872 1412 sexaginta,
888 1377 1001 1413 quam
1020 1365 1059 1400 in
1080 1363 1311 1414 provinciam
1330 1362 1446 1403 venit,

344 1428 504 1464 dimisit:
528 1428 716 1464 sociorum
732 1428 897 1463 nominis
914 1427 1043 1464 Latini
1060 1428 1225 1464 exercitu
1247 1431 1390 1462 mature
1409 1425 1449 1459 in

343 1491 502 1527 hiberna
521 1491 671 1527 Lunam
689 1497 726 1526 et
746 1491 850 1526 Pisas
871 1491 1045 1533 deducto,
1063 1492 1142 1540 ipse
1157 1502 1242 1525 cum
1261 1487 1448 1538 equitibus

346 1555 480 1590 Galliae
499 1555 703 1604 provinciae
729 1554 906 1604 pleraque
929 1555 1068 1604 oppida
1094 1553 1197 1590 adiit.
1253 1552 1452 1601 Nusquam

347 1618 452 1661 alibi,
472 1631 583 1667 quam
608 1619 648 1654 in
671 1618 914 1661 Macedonia,
934 1617 1074 1654 bellum
1102 1623 1204 1654 erat:
1236 1622 1449 1666 suspectum
1500 1660 1505 1668 Ι

349 1689 475 1719 tamen
495 1689 532 1718 et
551 1682 735 1719 Gentium
754 1682 971 1732 Illyriorum
991 1695 1118 1730 regem
1133 1680 1348 1718 habebant:
1381 1679 1451 1714 ita-

349 1759 422 1796 que
447 1752 486 1782 et
504 1753 593 1783 octo
617 1759 732 1783 naves
751 1753 906 1783 ornatas
927 1760 948 1782 a
967 1746 1170 1782 Brundisio
1190 1750 1340 1782 senatus
1366 1754 1455 1778 cen-

349 1810 424 1845 suit
445 1810 646 1846 mittendas
664 1810 710 1846 ad
726 1810 770 1846 C.
783 1809 939 1846 Furium
954 1809 1119 1857 legatum
1136 1808 1269 1850 Issam,
1286 1806 1349 1855 qui
1369 1817 1452 1841 cum

348 1873 522 1922 praesidio
542 1873 698 1909 duarum
718 1872 923 1909 Issensium
951 1873 1101 1908 navium
1128 1871 1256 1907 insulae
1282 1875 1452 1920 praeerat.

348 1938 439 1974 Duo
467 1938 586 1975 millia
613 1938 775 1975 militum
793 1939 832 1974 in
852 1951 913 1975 eas
933 1951 1045 1974 naves
1066 1944 1154 1973 sunt
1174 1937 1350 1987 inposita,
1371 1948 1452 1986 quae

353 2001 401 2040 Q.
421 2001 587 2038 Maenius
616 1999 756 2052 praetor
785 2015 830 2038 ex
858 2001 1185 2038 senatusconsulto
1215 2001 1252 2036 in
1282 2012 1325 2035 ea
1350 2004 1456 2050 purte

353 2065 490 2107 Italiae,
507 2078 589 2113 quae
609 2065 761 2115 objecta
780 2065 933 2117 lllyrico
953 2073 1022 2108 est,
1043 2065 1285 2114 conscripsit;
1309 2069 1345 2099 et
1365 2074 1456 2098 con-

352 2127 409 2163 sul
425 2127 614 2164 Hostilius
631 2129 704 2178 Ap.
719 2128 917 2165 Claudium
933 2130 971 2165 in
989 2128 1179 2178 Illyricum
1195 2139 1278 2162 cum
1295 2131 1457 2175 quatuor

352 2189 515 2226 millibus
541 2191 709 2240 peditum
734 2192 849 2233 misit,
876 2198 916 2227 ut
943 2192 1092 2228 adcolas
1121 2190 1261 2239 lllyrici
1288 2197 1455 2225 tutaren-

354 2259 435 2288 tur:
468 2254 545 2302 qui,
565 2266 641 2290 non
662 2260 862 2290 contentus
887 2254 944 2296 iis,
966 2266 1056 2302 quas
1084 2254 1300 2295 adduxerat,
1321 2251 1452 2302 copiis,

355 2315 495 2353 auxilia
521 2316 568 2354 ab
595 2317 705 2353 sociis
732 2317 990 2368 conrogando,
1013 2318 1056 2354 ad
1084 2323 1172 2354 octo
1198 2315 1313 2353 millia
1330 2306 1453 2351 homi-
