1546 2648
128 279 172 311 U.
185 279 223 311 C.
237 287 311 312 ⁵85.

130 323 171 353 Α.
185 323 222 354 C.
237 327 310 359 107.

121 1319 298 1350 Decretum
314 1324 315 1327 ’

121 1363 160 1393 de
174 1362 301 1402 Illyriis.

113 2241 312 2273 Macedoniae

112 2293 172 2316 tres
186 2286 278 2315 urbes

112 2329 240 2368 direptae
256 2338 275 2358 a

111 2371 276 2402 Romanis.

321 181 407 226 512
776 185 824 214 Τ.
848 186 982 217 mvn

321 285 421 310 noscae
435 275 591 311 civitatis
607 265 835 312 accessionem
843 276 1011 325 facitis?
1030 278 1206 327 Equidem
1222 290 1290 327 pro
1303 280 1431 327 patria

323 338 384 387 q'ui
404 339 513 374 letum
532 338 755 387 obpetissent,
774 351 866 388 saepe
882 341 1004 390 fando
1021 343 1145 378 audivi
1158 358 1170 379 :
1194 343 1257 391 qui
1270 344 1433 390 patriam

317 398 388 452 pro
405 413 442 438 se
467 404 586 451 perire
608 416 747 452 aequum
779 410 970 449 censerent,
993 406 1028 442 hi
1051 407 1162 454 primi
1180 407 1313 443 inventi
1338 411 1433 443 sunt.

326 466 421 507 Quin
449 468 628 515 aperimus
651 473 791 516 portas,
825 474 860 505 et
892 471 1080 518 imperium
1108 471 1314 519 accipimus,
1340 470 1436 518 quod

323 529 415 566 orbis
433 535 610 567 terrarum
629 532 800 579 accepit?
828 531 924 568 Haec
944 533 1130 569 dicentem
1161 545 1277 582 quum
1305 532 1434 569 multi·

323 593 416 629 tudo
435 599 667 643 sequeretur,
687 594 880 630 Antinous
908 601 946 631 et
963 594 1187 632 Theodotus
1211 595 1251 631 in
1274 596 1433 645 primam

325 657 528 693 stationem
547 657 716 694 hostium
735 658 975 708 inruperunt,
995 665 1109 708 atque
1128 659 1195 701 ibi,
1217 659 1433 696 obserentes

323 732 363 757 se
392 721 465 770 ipsi
490 720 722 766 vulneribus,
752 722 967 759 interfecti:
1001 722 1088 760 urbs
1108 723 1236 760 dedita
1265 730 1322 760 est
1350 722 1433 759 Ro-

322 786 456 822 manis.
514 785 636 823 Simili
654 788 866 838 pertinacia
889 787 1047 839 Cephali
1067 788 1246 838 principis
1267 787 1436 825 clausum

321 848 569 894 Tecmonem,
590 851 674 901 ipso
699 850 917 896 interfecto,
945 865 1013 903 per
1031 852 1262 888 deditionem
1281 852 1435 902 recepit.

321 913 407 950 Nec
428 913 607 965 Phylace,
637 927 709 952 nec
736 915 945 961 Horreum,
979 916 1306 968 obpugnationem
1335 915 1433 952 tule-

321 985 422 1016 runt.
478 979 621 1016 Pacata
647 980 782 1030 Epiro,
815 981 1019 1030 divisisque
1048 981 1088 1017 in
1121 980 1281 1018 hiberna
1314 980 1434 1030 copiis

320 1053 389 1091 per
407 1048 640 1092 opportunas
671 1043 797 1086 urbes,
826 1056 1017 1092 regressus
1049 1044 1129 1094 ipse
1158 1044 1197 1079 in
1224 1042 1434 1092 Illyricum,

321 1104 488 1149 Scodrae,
524 1118 600 1155 quo
637 1106 804 1155 quinque
839 1106 958 1155 legati
994 1107 1041 1143 ab
1077 1106 1204 1143 Roma
1237 1111 1436 1149 venerant,

322 1169 487 1206 evocatis
515 1181 562 1205 ex
590 1174 675 1205 tota
701 1169 900 1219 provincia
928 1169 1178 1221 principibus,
1203 1174 1434 1206 conventum

322 1233 469 1270 habuit.
525 1231 586 1269 Ibi
605 1245 675 1283 pro
693 1232 875 1271 tribunali
891 1234 1163 1284 pronunciavit
1182 1233 1228 1269 de
1246 1232 1438 1268 sententia

323 1295 498 1333 consilii:
529 1296 724 1333 ‘Senatum
764 1298 1008 1346 populumque
1054 1297 1259 1334 Romanum
1295 1296 1439 1343 Illyrios

322 1375 392 1400 esse
412 1363 537 1400 liberos
556 1361 705 1409 jubere:
730 1363 901 1411 praesidia
920 1374 963 1398 ea·
980 1362 1141 1398 omnibus
1168 1361 1320 1409 oppidis,
1341 1360 1437 1396 arci·

323 1428 397 1471 b'us,
418 1432 455 1464 et
471 1428 626 1464 castellis
643 1437 714 1462 sese
732 1427 980 1464 deducturum.
1037 1426 1123 1462 Non
1150 1425 1266 1461 solum
1294 1423 1435 1466 liberos,

320 1493 382 1529 sed
409 1493 516 1528 etiam
541 1492 703 1527 inmunes
723 1489 814 1539 fore
841 1490 1003 1533 Issenses,
1029 1494 1065 1526 et
1089 1489 1313 1531 Taulantios,
1333 1487 1437 1523 Das—

320 1558 533 1593 saretiorum
555 1556 730 1598 Pirustas,
761 1554 985 1598 Rhizonitas,
1016 1554 1229 1596 Olciniatas,
1249 1551 1359 1600 quod,
1378 1552 1436 1587 in-

321 1622 453 1659 columi
494 1621 636 1662 Gentio,
673 1620 724 1656 acl
757 1619 940 1656 Romanos
973 1617 1192 1668 defecissent.
1260 1616 1438 1654 Daorseis

323 1698 460 1736 quoque
491 1686 742 1722 inmunitatem
768 1685 879 1727 dare,·
908 1685 1017 1732 quod,
1047 1684 1174 1719 relicto
1204 1680 1436 1722 Caravantio,

324 1763 404 1787 cum
422 1751 533 1787 armis
551 1751 599 1786 ad
619 1749 802 1786 Romanos
833 1750 1050 1785 transissent.
1107 1745 1372 1787 Scodrensibus,
1399 1749 1435 1780 et

323 1816 616 1858 Dassarensibus,
632 1821 667 1852 et
682 1816 912 1864 Selepitanis,
926 1816 1116 1862 ceterisque
1125 1813 1274 1860 Illyriis,
1283 1810 1438 1858 vectigal

325 1882 515 1918 dimidium
545 1879 631 1927 ejus,
662 1881 755 1928 quod
781 1881 858 1927 regi
886 1880 1098 1927 pendissent.
1163 1875 1257 1912 Inde
1289 1875 1329 1911 in
1360 1880 1437 1910 tres

324 1951 450 1996 partes
470 1944 663 1995 Illyricum
684 1943 811 1980 divisit
828 1958 836 1979 ε
861 1955 974 1980 unam
993 1954 1074 1978 eam
1094 1941 1200 1984 fecit,
1221 1952 1304 1988 quae
1321 1950 1435 1988 supra

324 2011 426 2047 dicta
444 2016 500 2046 est
516 2025 527 2055 ;
559 2008 715 2045 alteram
734 2006 925 2045 Labeatas
945 2018 1075 2043 omnes
1093 2022 1103 2051 3
1135 2005 1288 2041 tertiam
1307 2003 1432 2051 Agra-

323 2077 488 2118 vonitas,
523 2081 560 2111 et
592 2073 837 2116 Rhizonitas,
871 2080 909 2109 et
945 2071 1170 2114 Olciniatas,
1209 2067 1436 2117 adcolasque

325 2152 455 2176 eorum
473 2155 481 2176 ε
512 2140 584 2175 hac
604 2138 768 2175 formula
787 2138 888 2174 dicta
906 2137 945 2173 in
971 2135 1139 2185 Illyrico,
1171 2135 1250 2187 ipse
1269 2133 1308 2169 in
1326 2131 1436 2183 Epiri

324 2204 574 2241 Passaronem
594 2204 631 2240 in
652 2202 811 2239 hiberna
830 2201 953 2238 rediit.

378 2268 553 2305 XXVII.
594 2268 695 2304 Dum
715 2268 796 2303 haec
817 2266 854 2302 in
875 2265 1028 2315 Illyrico
1056 2268 1251 2312 geruntur,
1280 2258 1432 2297 Paullus

326 2338 414 2370 ante
452 2332 653 2369 adventum
701 2331 830 2367 decem
876 2328 1088 2378 legatorum
1136 2327 1184 2367 Q.
1222 2324 1435 2362 Maximum
