1546 2648
281 161 334 191 10
725 163 770 192 T.
798 163 932 193 LIVII

85 245 129 275 U.
143 245 179 274 C.
195 250 267 276 562.
281 251 363 287 dem
384 250 418 287 le

86 289 113 319 A
138 288 163 318 C
195 295 255 321 ¹90
422 256 531 300 gatos
552 251 597 288 ad
618 251 810 288 consulem
832 259 869 290 et
888 253 1110 290 Africanum
1125 252 1336 304 jusserunt,
1358 262 1396 291 et

280 323 423 366 petere,
438 322 493 360 ut,
511 317 540 352 si
558 316 645 353 dare
661 329 746 352 vere
762 330 908 366 pacem,
924 331 1002 354 non
1018 325 1166 355 tantum
1183 320 1397 363 ostendere,

280 381 507 417 frustrantes
528 393 632 431 spem
652 380 889 424 miscrorum,
910 381 1063 425 vellent,
1084 389 1150 418 aut
1178 396 1224 419 ex
1253 395 1400 419 summa

281 445 454 496 pecnniae
484 445 692 487 demerent,
716 450 782 480 aut
810 445 1096 494 permissionem
1126 455 1233 483 extra
1261 447 1399 483 civium

282 523 443 560 corpora
463 510 541 546 fieri
555 508 750 559 juberent.
782 509 893 546 Nihil
907 511 1152 560 inpetratum,
1175 520 1216 548 ut
1236 518 1399 548 mutaret

283 573 417 610 consul
433 588 440 609 :
473 580 510 609 et
531 586 575 609 ea
593 585 744 621 quoque
763 573 870 610 irrita
888 573 1030 622 legatio
1050 574 1204 611 dimissa
1222 582 1291 612 est.
1332 576 1400 612 Se-

284 637 362 673 cuti
383 645 421 672 et
439 637 692 672 Athenienses
714 642 803 672 sunt
821 651 828 672 :
861 643 898 673 et
917 638 1088 688 princeps
1109 638 1310 687 legationis
1335 652 1401 676 eo-

283 712 366 736 rum
400 699 640 736 Echedemus
671 699 855 748 fatigatos
886 705 948 736 tot
979 700 1136 750 repulsis
1167 700 1336 745 AEtolos‚
1364 708 1402 738 et

284 763 564 814 complorantes
585 762 711 798 inutili
735 762 1010 799 lamentatione
1038 763 1232 800 fortunam
1262 765 1401 814 gentis,

285 829 333 864 ad
352 841 454 878 spem
477 827 666 864 revocavit
683 843 694 872 3
718 833 852 863 auctor
867 828 1034 864 inducias
1054 841 1119 864 sex
1139 830 1322 866 mensium
1336 842 1402 879 pe-

285 892 406 935 tendi,
427 897 469 927 ut
490 891 636 940 legatos
657 890 823 927 Romam
843 893 993 928 mittere
1012 900 1179 942 possent.
1236 894 1402 930 Dilatio-

284 968 365 992 nem
384 956 475 992 nihil
493 957 542 991 ad
558 958 750 1004 praesentia
769 957 882 999 ῃιαία,
900 958 1028 1005 quippe
1042 969 1118 1006 quae
1130 958 1259 994 ultima
1278 963 1403 999 essent,

286 1019 509 1067 adjectarum
524 1037 536 1056 .·
565 1021 677 1056 levari
703 1032 771 1068 per
789 1022 919 1057 multos
937 1034 1050 1064 casus,
1072 1027 1228 1071 tempore
1246 1024 1403 1071 interpo-

286 1087 368 1128 sito,
386 1090 576 1134 praesentes
590 1086 707 1121 clades
721 1082 834 1133 posse.
864 1086 1033 1122 Auctore
1051 1086 1270 1122 Echedemo
1290 1086 1403 1122 iidem

96 1154 245 1203 inducias
288 1149 408 1192 missi,
428 1150 530 1198 prius
551 1149 595 1187 P.
612 1150 790 1199 Scipione
811 1157 1015 1193 convento,
1036 1163 1103 1200 per
1131 1162 1216 1186 cum
1236 1150 1403 1187 inducias

96 1204 265 1238 mpe‘fflm‘
288 1215 469 1264 temporis
491 1212 586 1263 ejus,
607 1214 709 1263 quod
736 1213 932 1263 petebant,
957 1227 980 1250 a
1008 1213 1162 1250 consule
1191 1213 1403 1264 inpetrare-

287 1285 402 1316 runt:
435 1284 486 1321 et,
515 1277 640 1314 soluta
671 1277 870 1314 obsidione
898 1279 1126 1328 Amphissae,
1155 1278 1226 1315 M'.
1246 1277 1405 1318 Acilius,

290 1343 432 1379 tradito
453 1341 600 1378 consuli
616 1342 798 1384 exercitu,
819 1342 1014 1391 provincia
1033 1343 1192 1379 decessit
1209 1357 1217 1378 ε
1250 1349 1287 1378 et
1314 1355 1405 1378 con-

96 1423 168 1453 (⁵03.
185 1422 274 1452 ducit
292 1406 349 1443 sul
368 1407 415 1442 ab
436 1407 641 1456 Amphissa
660 1405 897 1442 Thessaliam
916 1407 1067 1456 repetit,
1086 1413 1127 1443 ut
1141 1420 1208 1457 per
1221 1406 1406 1443 Macedo-

99 1467 130 1496 in
149 1467 269 1497 Asiam.
292 1473 392 1508 niam
413 1471 690 1520 Thraciamque
710 1469 863 1506 duceret
882 1471 922 1507 in
940 1471 1085 1508 Asiam.
1131 1471 1236 1508 Tum
1255 1471 1405 1509 Africa-

293 1548 362 1572 nus
391 1534 514 1578 fratri,
537 1535 624 1577 Iter,
653 1536 748 1583 quod
776 1536 920 1578 insistis,
950 1536 995 1572 L.
1019 1536 1154 1584 Scipio,
1185 1546 1248 1583 ego
1271 1548 1409 1584 quoquc

293 1601 477 1649 adprobo:
504 1602 565 1636 sed
592 1605 705 1636 totum
729 1601 768 1635 id
791 1602 945 1636 vertitur
967 1602 1003 1636 in
1028 1602 1212 1637 voluntate
1231 1601 1408 1650 Philippi.

296 1666 381 1708 Qui,
401 1667 431 1700 si
450 1666 598 1713 imperio
619 1669 739 1700 nostro
758 1666 862 1714 fidus
887 1670 950 1708 est,
971 1671 1006 1700 et
1025 1667 1105 1708 iter,
1127 1671 1162 1702 et
1181 1671 1406 1709 commeatus,

294 1734 329 1765 et
347 1730 481 1771 omnia,
504 1741 580 1777 quoe
598 1730 636 1764 in
656 1730 759 1776 longo
786 1731 912 1764 itinere.
939 1731 1111 1765 exercitus
1135 1730 1239 1765 alunt
1262 1729 1411 1776 juvant-

295 1805 375 1842 que,
396 1793 492 1828 nobis
509 1792 771 1840 subpeditabit:
799 1794 830 1828 si
849 1794 878 1828 is
896 1794 1080 1836 destituat,
1100 1793 1191 1830 nihil
1204 1806 1271 1842 per
1295 1794 1412 1829 Thra-

297 1861 390 1894 ciam
408 1859 494 1894 satis
515 1862 633 1893 tutum
652 1857 801 1894 habebis.
859 1857 986 1906 Itaque
1010 1860 1113 1906 prius
1140 1860 1231 1905 regis
1253 1860 1413 1894 animum

297 1922 481 1970 explorari
499 1923 643 1969 placet:
671 1922 805 1970 optime
823 1922 1077 1969 explorabitur,
1095 1924 1124 1957 si
1144 1923 1234 1958 nihil
1252 1935 1293 1957 ex
1318 1935 1413 1971 prce·

296 1993 429 2037 parato
448 1992 611 2034 agentem
628 1987 814 2035 obprimet,
837 1989 896 2036 qui
920 1989 1096 2023 mittetur.
1152 1987 1212 2024 Ti.
1234 1990 1412 2038 Sempro·

301 2052 385 2087 nius
407 2051 617 2094 Gracchus,
637 2051 751 2100 longe
770 2059 852 2087 tum
880 2052 1081 2088 acerrimus
1104 2051 1287 2102 juvenum
1309 2053 1354 2089 ad
1376 2053 1413 2089 id

302 2115 485 2157 delectus,
503 2127 568 2165 per
587 2115 790 2166 dispositos
811 2127 926 2164 equos
947 2128 1064 2166 prope
1083 2115 1293 2152 incredibili
1315 2117 1413 2153 cele-

300 2179 413 2214 ritate
430 2177 476 2213 ab
497 2179 701 2228 Amphissa
724 2179 827 2225 (inde
848 2179 946 2214 enim
967 2188 1024 2216 est
1043 2180 1234 2224 dimissus)
1257 2181 1316 2217 die
1335 2188 1412 2218 ter-

298 2244 355 2278 tio
371 2241 513 2278 Pellam
534 2243 715 2291 pervenit.
747 2242 791 2278 ln
813 2243 986 2279 convivio
1005 2256 1070 2280 rex
1091 2252 1184 2288 erat,
1205 2252 1241 2281 et
1261 2246 1299 2281 in
1314 2245 1412 2282 mul·-

300 2312 382 2343 tum
403 2306 478 2344 vini
497 2314 755 2358 processerat:
789 2319 833 2344 ea
862 2307 943 2359 ipsa
961 2309 1133 2346 remissio
1155 2310 1270 2347 animi
1290 2311 1413 2363 suspi-
