1546 2648
373 142 530 173 mmm
553 141 682 172 κιαι.
715 140 823 169 εΑΡ.
849 141 931 170 Lv.
1121 137 1205 184 379

98 242 266 285 tumque,
287 235 333 273 ad
359 236 434 272 hoc
459 233 563 272 fossa
581 232 720 283 triplici
740 245 783 268 ac
804 230 902 267 vallo
922 231 1124 274 munitum,
1145 244 1203 268 re·
1218 231 1258 269 U·
1275 230 1311 262 C·
1324 237 1399 263 ⁵8¹·

95 298 217 349 liquit.
273 298 374 350 Ipse,
394 298 442 335 ad
469 297 665 348 Sycurium
692 308 928 346 progressuS,
955 295 1120 345 obperiri
1149 275 1255 332 ibiA'
1271 274 1395 311 0'171'

93 364 260 401 hostium
280 364 482 400 adventum
502 363 636 400 statuit
651 378 662 409 3
685 361 796 399 simul
816 370 854 398 et
873 361 1096 398 frumentari
1116 374 1202 412 pas-

92 429 160 465 sim
181 428 388 465 exercitum
400 427 514 478 jubet
529 428 566 464 in
585 426 759 478 subjecto
774 426 943 465 hostium
959 438 1051 475 agro
1064 430 1075 461 :'
1094 438 1202 462 nam—

89 503 161 540 que
180 491 379 541 Sycurium
398 497 456 528 est
473 490 543 528 sub
558 490 748 535 radicibus
767 490 873 526 Ossae
890 490 1050 526 montis:
1074 490 1202 538 quain

86 556 279 592 meridiem
298 555 434 605 vergit,
451 555 643 607 subjectos
662 555 780 591 habet
798 553 1006 597 Thessalia»,
1022 566 1196 603 campos;

86 618 133 656 ab
163 626 274 669 tergo
303 620 573 658 Macedoniam
599 627 714 670 atque
740 619 994 668 Magnesiam.
1048 618 1111 654 Ad
1130 618 1197 654 has

85 686 391 734 opportunitates
420 686 568 723 accedit
597 698 745 728 summa
773 684 974 721 salubritas
1004 690 1042 719 et
1071 683 1196 733 copia,

82 746 253 797 pluribus
296 748 548 800 circumjectis
588 749 778 793 fontibus,
815 748 1037 800 perennium
1079 759 1195 796 aqua-

79 822 177 848 rum.

132 873 218 912 LV.
247 875 393 913 Consul
419 875 634 920 Romanus,
655 889 722 927 per
743 876 896 912 cosdem
922 875 1001 912 dies
1027 874 1190 911 Thessa·
1208 868 1282 900 Cos.
1298 870 1337 900 ad
1352 880 1400 919 {e-

76 937 166 975 liam
187 951 273 976 cum
292 940 460 976 exercitu
479 946 627 990 petens,
647 941 719 976 iter
739 939 956 989 expeditum
981 938 1104 988 primo
1123 950 1190 988 per
1207 921 1280 953 gem
1296 914 1393 945 vada.

74 1002 235 1053 Epirum
263 1003 423 1041 habuit:
455 1004 604 1049 deinde,
625 1010 826 1054 postquam
851 1004 891 1038 in
916 1002 1189 1039 Athamaniam

78 1073 136 1104 est
153 1075 423 1116 transgressus,
442 1069 567 1118 asperi
585 1081 629 1105 ac
648 1081 768 1118 prope
791 1068 884 1105 invii
908 1067 995 1110 soli,
1017 1079 1103 1103 cum
1128 1066 1187 1102 in-

75 1131 182 1179 genti
214 1132 435 1169 difficultate
465 1133 588 1184 parvis
622 1133 821 1170 itineribus
856 1144 954 1182 aegre
987 1131 1186 1181 Gomphos

73 1198 266 1248 pervenit:
300 1199 361 1235 cui
389 1199 435 1242 si,
455 1199 599 1235 vexatis
628 1199 846 1241 hominibus
876 1198 1070 1247 equisque,
1091 1197 1186 1233 tiro·

73 1273 162 1298 nem
190 1263 398 1303 exercitum
427 1263 581 1298 ducenti
613 1263 694 1298 acie
722 1262 909 1299 instructa
935 1269 971 1298 et
999 1261 1086 1298 loco
1117 1273 1185 1298 suo

73 1331 113 1367 et
140 1332 312 1377 tempore
339 1326 552 1364 obstitisset
579 1340 659 1370 rex,
679 1339 728 1371 ue
754 1326 921 1363 Romani
947 1326 1098 1376 quidem
1118 1325 1186 1362 ab·

73 1396 211 1434 nuum,
246 1403 385 1439 magna
421 1403 490 1427 sua
525 1403 611 1427 cum
649 1390 752 1427 clade
786 1390 903 1427 fuisse
935 1395 1184 1440 pugnaturos.

71 1453 282 1504 Postquam
317 1455 516 1506 Gomphos
554 1456 636 1492 sine
672 1456 879 1492 certamine
915 1462 1070 1492 ventum
1110 1459 1182 1498 est,

70 1525 208 1569 praeter
223 1520 402 1568 gaudium
417 1520 620 1570 periculosi
635 1520 752 1558 saltus
769 1519 950 1570 superati,
967 1523 1181 1555 contemtus

71 1596 223 1632 quoque
250 1585 433 1628 hostium,
463 1586 558 1622 adeo
586 1586 845 1635 ignorantium
874 1575 1180 1634 opportunitates

71 1660 171 1691 suas,
202 1649 372 1686 accessit.
428 1649 623 1686 Sacrificio
652 1651 723 1686 rite
751 1649 935 1699 perfecto,
966 1647 1112 1690 consul,
1144 1652 1183 1683 et
1228 1680 1235 1685 „

70 1708 263 1748 frumento
283 1712 373 1748 dato
393 1712 592 1756 militibus,
612 1726 753 1763 paucos
773 1712 821 1750 ad
839 1713 1005 1761 requiem
1025 1709 1180 1759 jumen-

71 1780 197 1812 torum
214 1775 487 1825 hominumque
506 1782 674 1814 moratus
695 1777 787 1820 dies,
808 1788 923 1825 quum
949 1774 1095 1811 audiret
1114 1786 1180 1809 va·

68 1840 149 1887 gari
174 1839 407 1878 Macedonas
434 1842 572 1878 effusos
598 1855 665 1892 per
693 1840 944 1883 Thessaliam,
966 1839 1180 1887 vastarique

68 1904 260 1941 sociorum
296 1918 423 1954 agros,
459 1907 550 1943 satis
587 1906 672 1957 jam
715 1905 898 1942 refectum
935 1903 1095 1940 militem
1131 1902 1180 1937 ad

64 1967 258 2010 Larissam
278 1971 394 2008 ducit.
450 1971 557 2014 Inde,
577 1984 692 2021 quum
723 1971 796 2006 tria
824 1968 941 2005 millia
967 1968 1084 2004 ferme
1110 1966 1177 2002 ab-

65 2039 165 2068 esset
191 2046 214 2070 a
238 2033 401 2084 Tripoli,
426 2034 579 2085 (Sceam
598 2035 754 2080 vocant)
777 2046 890 2082 super
909 2032 1076 2068 Peneum
1096 2042 1175 2065 am-

66 2107 152 2132 nem
177 2098 304 2146 posuit
330 2104 466 2136 castra.
521 2098 595 2134 Per
620 2099 718 2134 idem
744 2104 891 2146 tempus
916 2095 1107 2132 Eumenes
1128 2093 1174 2129 ad
1190 2096 1343 2127 Eumenis

67 2159 286 2197 Chalcidem
305 2162 463 2199 navibus
484 2163 641 2200 accessit
661 2175 747 2198 cum
765 2160 899 2197 Attalo
919 2166 1033 2208 atque
1052 2158 1173 2194 Athe·
1187 2140 1352 2171 adventur„

65 2236 149 2261 naeo
169 2223 363 2270 fratribus,
383 2227 587 2265 Philetaero
616 2227 733 2264 fratre
761 2225 895 2262 relicto
922 2223 1099 2272 Pergami
1129 2222 1174 2258 ad

60 2288 220 2326 tutelam
240 2291 366 2339 regni:
399 2291 488 2329 inde
507 2305 592 2331 cum
612 2291 747 2331 Attalo
767 2297 805 2328 et
825 2297 989 2341 quatuor
1008 2286 1173 2325 millibus
