1546 2648
344 220 396 265 28
491 222 496 229 ’
800 236 844 264 Τ.
869 236 1001 266 mvn

151 316 195 347 U·
209 314 246 348 C·
261 323 333 349 ⁵62·
345 321 500 360 classem
520 323 640 360 redire
660 323 828 366 Samum,
845 329 958 373 atque
976 323 1028 361 ibi
1050 325 1087 361 in
1107 326 1271 364 statione
1291 340 1385 371 esse,
1403 340 1451 364 ne

149 360 191 392 A.
205 357 241 388 C.
263 367 334 395 190.

342 385 595 436 Polyxenidas
616 386 662 422 ab
683 386 838 436 Epheso
857 394 1037 425 moveret.
1083 388 1169 426 Rex
1188 390 1347 434 Elaeam,
1366 390 1450 427 Ro-

342 451 444 487 mani
465 457 502 486 et
521 450 664 486 Rhodii
684 449 836 485 Samum
856 450 1058 489 redierunt.
1103 451 1161 489 Ibi
1181 453 1238 491 M.
1254 453 1449 497 AEmilius,

147 510 458 551 Rhodiiad-frater
490 515 676 564 praetoris,
707 513 878 551 decessit.
934 514 1077 552 Rhodii
1110 517 1307 554 celebratis
1342 529 1449 554 exse-

145 563 255 586 VCI'SUS

145 597 282 630 classem

338 578 450 627 quiis,
484 577 659 614 adversus
690 576 861 620 classem,
892 591 1003 626 quam
1029 579 1130 616 fama
1158 587 1238 616 erat
1264 594 1308 618 ex
1340 581 1448 630 Syria

144 640 307 679 Syriacam
337 642 479 684 venire,
500 640 680 676 tredecim
710 640 785 675 suis
816 641 988 685 navibus,
1010 648 1048 678 et
1068 656 1142 679 una
1162 643 1242 679 Coa
1262 645 1446 693 quinque-

142 685 291 715 tendunt.

335 706 444 749 remi,
465 705 583 742 altera
609 705 758 746 Cnidia,
777 704 973 748 Rhodum,
995 711 1035 741 ut
1062 705 1112 742 ibi
1141 707 1178 742 in
1203 707 1368 744 statione
1387 720 1444 744 es-

333 775 432 813 sent,
463 769 624 820 profecti
658 774 758 806 sunt.
813 769 939 805 Biduo
972 777 1074 813 ante,
1104 783 1218 820 quam
1249 771 1443 807 Eudamus

332 847 419 871 cum
439 834 557 871 classe
577 846 599 869 a
619 833 732 869 Samo
753 833 910 876 veniret,
927 833 1104 870 tredecim
1127 848 1147 870 a
1168 835 1308 871 Rhodo
1328 847 1440 872 naves

333 911 419 935 cum
445 896 683 947 Pamphilida
709 896 890 946 praefecto
917 897 1091 933 adversus
1123 899 1290 935 eamdem
1317 900 1444 948 Syria-

332 975 417 999 cam
436 961 591 999 classem
617 961 752 1004 missae,
774 961 954 997 adsumtis
983 962 1139 998 navibus
1160 969 1336 1012 quatuor,
1357 976 1440 1012 quae

333 1026 456 1062 Cariae
475 1024 651 1075 praesidio
671 1030 792 1067 erant,
810 1023 1119 1074 obpugnantibus
1140 1027 1266 1074 regiiS,
1283 1025 1443 1063 Daedala

330 1097 370 1127 et
388 1090 559 1139 quaedam
579 1088 651 1125 alia
682 1101 796 1139 parva
815 1088 969 1125 castella
990 1089 1188 1126 obsidione
1207 1097 1440 1127 exemerunt.

327 1154 543 1191 Eudamum
564 1152 764 1188 confestim
785 1153 887 1188 exire
905 1152 1068 1202 placuit:
1091 1153 1223 1189 additae
1240 1154 1328 1189 huic
1344 1166 1439 1202 quo-

328 1230 401 1267 que
421 1223 510 1252 sunt
529 1216 574 1252 ad
593 1228 674 1252 eam
697 1214 869 1257 classem,
887 1228 997 1264 quam
1018 1215 1198 1260 habebat,
1215 1229 1279 1252 sex
1300 1222 1439 1267 apertae

326 1294 454 1319 naves.
510 1280 709 1316 Profectus
734 1292 863 1328 quum,
885 1287 1067 1329 quantum
1093 1280 1304 1317 adcelerare
1329 1289 1439 1330 pote-

328 1351 401 1388 rat,
423 1350 662 1387 maturasset,
683 1343 729 1379 ad
748 1349 913 1392 portum,
935 1356 1044 1392 quem
1071 1343 1262 1392 Megisten
1282 1351 1435 1388 vocant,

328 1420 555 1459 praegressos
578 1408 847 1456 consequitur:
880 1406 966 1442 inde
994 1419 1069 1442 uno
1096 1408 1246 1456 agmine
1266 1407 1437 1446 Phaseli-

327 1474 412 1510 dem
439 1486 552 1523 quum
578 1473 780 1515 venissent,
808 1472 994 1522 optimum
1021 1473 1139 1508 visum
1168 1478 1238 1516 est,
1266 1472 1317 1508 ibi
1346 1474 1435 1510 hos-

327 1544 404 1573 tem
425 1537 603 1587 obperiri.

378 1601 539 1638 XXIII.
560 1601 604 1636 In
626 1599 792 1636 confinio
812 1598 939 1649 Lyciae
959 1606 997 1636 et
1017 1600 1247 1651 Pamphyliae
1264 1601 1432 1639 Phaselis

324 1675 404 1702 est:
460 1665 649 1716 prominet
688 1664 838 1713 penitus
880 1663 918 1699 in
963 1663 1093 1707 altum,
1129 1665 1434 1715 conspiciturque

325 1730 447 1780 prima
483 1731 666 1765 terrarum
702 1728 880 1764 Rhodum
913 1741 934 1764 a
965 1728 1099 1764 Cilicia
1130 1729 1360 1779 petentibus,
1396 1737 1433 1766 et

321 1793 454 1848 procul
481 1794 631 1830 navium
661 1792 803 1842 praebet
829 1799 1093 1842 prospectum:
1126 1806 1172 1829 eo
1193 1794 1368 1838 maxime,
1392 1802 1433 1830 ut

320 1860 361 1894 in
394 1858 508 1894 obvio
539 1856 647 1894 classi
682 1856 848 1892 hostium
878 1862 1016 1899 essent,
1048 1856 1187 1892 electus
1221 1857 1326 1893 locus
1361 1865 1430 1895 est.

318 1923 515 1965 Ceterum,
546 1922 646 1971 quod
676 1933 751 1957 non
783 1921 1040 1970 providerunt,
1072 1928 1109 1956 et
1138 1921 1223 1957 loco
1253 1923 1371 1970 gravi,
1393 1929 1430 1958 et

322 1994 491 2038 tempore
519 1987 621 2030 anni,
654 1986 833 2034 (medium
861 1985 960 2021 enim
988 1987 1127 2021 aestatis
1159 1988 1255 2033 erat)
1285 1987 1331 2023 ad
1357 1987 1430 2024 hoc

320 2051 477 2088 insolito
498 2052 614 2087 odore
634 2052 808 2099 ingruere
828 2049 949 2086 morbi
971 2049 1098 2098 vulgo,
1120 2051 1282 2086 maxime
1308 2052 1346 2087 in
1370 2064 1428 2087 re-

321 2118 455 2164 migeS,
477 2123 697 2166 coeperunt:
730 2113 835 2165 cujus
866 2114 1090 2165 pestilentiae
1122 2121 1224 2150 metu
1252 2115 1429 2164 profecti,

320 2192 434 2233 quum
456 2180 817 2231 p1·aete1·velierentur
834 2170 1098 2228 ¹Pamphylium
1123 2178 1260 2221 sinum,
1283 2179 1328 2215 ad
1349 2178 1428 2216 Eu-

320 2244 580 2294 rymedontem
601 2255 748 2279 amnem
770 2242 926 2294 adpulsa
951 2241 1082 2286 classe,
1104 2243 1262 2279 audiunt
1287 2242 1333 2279 ab
1353 2244 1427 2279 As·

318 2308 480 2359 pendiis,
501 2308 547 2345 ad
574 2308 699 2345 Sidam
722 2307 804 2357 jam
832 2307 959 2344 hostes
987 2319 1079 2344 esse.
1136 2306 1297 2344 Tardius
1320 2307 1425 2343 navi-

318 2380 499 2423 gaverant
529 2373 636 2422 regii,
671 2372 829 2410 adverso
860 2379 1033 2424 tempore
1065 2373 1294 2415 Etesiarum,
1326 2372 1426 2421 quod
