1546 2648
372 193 457 236 404
807 191 852 222 T.
883 189 1015 222 mvn

177 273 466 354 ssgaegssati,
492 281 608 320 tritici
635 283 799 320 eamdem
829 295 1011 319 summam
1041 281 1214 333 polliciti,
1241 289 1278 318 et
1306 279 1407 319 mille
1434 288 1472 318 et

210 338 218 347 ¹
261 338 269 346 ’
352 338 554 383 ‘ducentos
583 347 740 396 equites,
761 346 957 383 duodecim
986 345 1228 395 elephantos:
1261 351 1312 388 et,
1333 346 1362 381 si
1383 345 1471 395 quid

370 409 472 447 aliud
497 422 590 461 opus
616 417 727 454 esset,
749 412 802 446 uti
827 411 1028 460 imperaret
1053 416 1226 446 senatus:
1259 421 1362 458 aeque
1381 421 1469 459 pro-

368 486 488 525 penso
503 475 644 518 animo,
661 487 704 511 ac
719 488 801 523 quae
816 475 895 525 ipse
911 473 1010 510 ultro
1030 473 1218 524 pollicitus
1235 474 1296 515 sit,
1314 480 1469 522 praesta-

367 544 494 575 turum
523 551 614 575 esse.
671 538 812 575 Gratiae
842 545 879 574 et
907 538 1290 586 Karthaginiensibus
1323 543 1361 572 et
1390 535 1472 585 regi-

368 608 461 639 actae
472 617 482 647 ;
505 602 716 650 rogatique,
735 608 775 637 ut
795 614 851 643 ea,
868 615 950 650 quae
970 601 1248 651 pollicerentur,
1267 601 1313 636 ad
1332 599 1467 636 Hosti·

365 665 457 701 lium
477 665 670 701 consulem
689 665 727 700 iu
746 664 1012 700 Macedoniam
1029 664 1282 714 deportarent.
1312 663 1466 711 Legatis

365 728 404 764 in
424 728 592 778 singulos
611 727 745 764 binfim
765 728 923 764 millium
944 728 1025 764 aeris
1045 739 1201 763 munera
1218 727 1343 763 missa.

416 791 507 828 VII.
538 792 777 827 Cretensium
805 791 954 840 legatis,
985 788 1381 832 commemorantibus,
1412 801 1464 832 se,

360 862 545 905 quantum
569 855 641 892 sibi
667 856 891 906 imperatum
917 868 939 891 a
963 855 1005 891 P.
1026 855 1177 890 Licinio
1197 853 1350 890 consule
1369 858 1467 889 esset

361 919 658 967 sagittariorum,
678 919 718 954 in
741 919 1009 955 Macedoniam
1035 918 1192 959 misisse,
1213 929 1326 965 quum
1347 916 1463 952 inter-

359 984 483 1032 rogati
504 996 581 1020 non
601 983 869 1025 inficiarentur,
887 983 985 1031 apud
1004 982 1136 1018 Persea
1154 980 1322 1027 majorem
1339 992 1463 1016 nume·

356 1059 439 1083 rum
469 1049 753 1094 sagittariorum,
788 1058 895 1094 quam
926 1047 1026 1094 apud
1063 1046 1256 1086 Romanos,
1290 1046 1460 1086 militare,

357 1122 580 1160 responsum
599 1115 656 1146 est
671 1124 678 1144 :
705 1111 746 1146 Si
767 1110 944 1146 Cretenses
962 1111 1045 1146 bene
1063 1122 1106 1145 ac
1120 1111 1287 1157 gnaviter
1305 1110 1462 1145 destina-

355 1179 437 1210 rent
451 1176 628 1223 potiorem
644 1175 770 1222 populi
790 1174 960 1217 Romani,
981 1187 1088 1222 quam
1105 1176 1198 1221 regis
1217 1174 1350 1216 Persei,
1371 1174 1462 1208 ami-

355 1239 478 1273 citiam
499 1237 637 1280 habere,
652 1242 814 1274 senatum
830 1251 965 1286 quoque
984 1239 1186 1275 Romanum
1205 1240 1261 1280 iis,
1279 1243 1463 1285 tamquam

355 1304 461 1337 certis
475 1303 590 1344 sociis,
609 1313 815 1349 responsum
833 1298 1003 1339 daturum
1021 1315 1103 1339 esse.
1150 1303 1292 1339 Interea
1309 1303 1460 1339 nuncia-

353 1370 434 1402 rent
459 1367 543 1409 suis,
562 1366 705 1414 placere
730 1368 883 1410 senatui,
904 1369 991 1403 dare
1018 1380 1163 1416 operam
1191 1367 1384 1408 Cretenses,
1404 1370 1458 1408 ut,

354 1441 439 1478 quos
465 1431 598 1466 milites
624 1431 722 1466 intra
746 1432 915 1478 praesidia
942 1433 1036 1479 regis
1059 1432 1179 1467 Persei
1206 1431 1382 1472 haberent,
1403 1441 1460 1465 eos

351 1495 470 1541 primo
489 1505 626 1542 quoque
648 1499 805 1542 tempore
829 1496 971 1531 domum
997 1499 1213 1531 revocarent.
1268 1493 1459 1529 Cretensi-

150 1552 344 1605 Chalcide-n·
354 1555 424 1593 bus
445 1570 529 1593 cum
548 1558 622 1593 hoc
637 1570 819 1608 responso
834 1559 1009 1601 dimissis,
1027 1557 1292 1594 Chalcidenses
1309 1557 1432 1593 vocati
1443 1573 1453 1602 3

152 1609 202 1630 κ’
218 1599 323 1639 ¹egan'
353 1633 511 1670 quorum
544 1620 684 1670 legatio
716 1623 800 1672 ipso
831 1623 1004 1666 introitu,
1035 1622 1085 1659 ob
1117 1622 1155 1658 id
1187 1621 1288 1671 quod
1318 1620 1456 1657 Mictio

350 1685 524 1735 princeps
545 1698 673 1722 eorum
693 1685 849 1737 pedibus
870 1693 1002 1736 captus
1019 1686 1153 1722 lectica
1170 1692 1226 1721 est
1240 1684 1456 1727 introlatus,

350 1746 493 1784 ultimae
520 1750 755 1785 necessitatis
785 1749 975 1799 extemplo
1004 1750 1083 1785 visa
1110 1760 1190 1785 res:
1231 1749 1270 1783 in
1299 1759 1373 1796 qua
1400 1747 1455 1783 ita

350 1809 500 1847 adfecto
532 1814 725 1848 excusatio
756 1812 993 1854 valetudinis,
1025 1818 1090 1847 aut
1120 1823 1166 1847 ne
1198 1810 1270 1860 ipsi
1301 1810 1452 1858 quidem

349 1874 512 1923 petenda
552 1875 632 1911 visa
668 1875 780 1918 foret,
819 1883 884 1910 aut
921 1875 1009 1910 data
1051 1874 1194 1924 petenti
1226 1885 1303 1909 non
1341 1879 1450 1909 esset.

156 1931 305 2005 (ᾓῦἓὲῙὲ
351 1938 482 1975 Quum
501 1938 572 1974 sibi
592 1938 686 1974 nihil
704 1939 778 1974 vivi
798 1938 995 1987 reliquum,
1014 1945 1265 1989 praeterquam
1283 1936 1451 1985 linguam

156 2016 252 2048 Rom,
266 1985 297 2015 ς’
349 2001 394 2037 ad
415 2001 661 2051 deplorandas
681 2003 811 2051 patriae
832 2015 907 2038 suae
927 2002 1173 2043 calamitates,
1195 1999 1371 2050 praefatus
1391 2012 1448 2035 es-

347 2072 418 2108 set,
440 2067 614 2115 exposuit
634 2067 795 2102 civitatis
815 2066 976 2116 primum
997 2077 1071 2101 suae
1097 2063 1309 2105 benefacta,
1331 2069 1367 2098 et
1387 2075 1449 2099 ve-

345 2134 440 2170 tera,
460 2135 499 2163 et
527 2141 583 2170 ea,
604 2141 687 2177 quae
716 2129 843 2165 Persei
871 2128 971 2164 bello
1001 2128 1263 2178 praestitisseut
1291 2126 1447 2162 ducibus

343 2190 644 2240 exercitibusque
663 2191 847 2228 Romanis
864 2207 871 2228 :
895 2198 975 2227 tum
995 2204 1077 2240 quae
1098 2191 1218 2240 primo
1239 2189 1281 2226 C.
1300 2189 1444 2226 Lucre-

343 2254 416 2289 tius
452 2254 491 2289 in
525 2254 723 2304 populares
754 2268 841 2291 suos
875 2262 1016 2305 praetor
1048 2254 1242 2290 Romanus
1272 2252 1442 2303 superbe,

343 2328 465 2361 avare,
487 2316 686 2354 crudeliter
703 2317 876 2355 fecisset:
909 2317 1043 2355 deiude
1063 2330 1144 2369 quae
1164 2323 1244 2355 tum
1262 2328 1346 2354 cum
1365 2328 1444 2353 ma-
