1546 2648
333 121 489 150 LIBER
514 119 594 147 XL.
627 117 736 147 cAP.
754 119 884 147 xxn.
1091 112 1168 157 245

62 210 238 249 arborum
268 210 585 256 inmissorumque
610 206 772 244 aliorum
791 208 828 243 in
850 207 944 243 alios
965 217 1169 246 ramorum,
1183 208 1226 238 U.
1239 206 1276 237 C.
1291 211 1363 240 ⁵71.

61 277 224 328 perspici
243 275 381 313 coelum
399 275 463 311 vix
481 278 632 323 posset:
665 278 706 309 ut
735 284 824 308 vero
841 271 946 322 jugis
967 271 1171 322 adpropin-
1182 252 1222 282 Α·
1239 250 1276 281 C’
1292 254 1363 280 ¹3¹⁰

62 341 245 390 quabant,
266 339 367 389 quod
386 351 512 374 rarum
540 338 580 373 in
609 336 690 372 aliis
720 336 813 373 locis
841 342 953 378 esset,
974 336 1069 371 adeo
1089 347 1171 371 om·

61 407 126 442 nia
145 410 322 442 contecta
339 402 492 445 nebula,
514 407 556 437 ut
583 400 684 437 haud
708 413 815 437 secus
842 413 954 448 quam
982 406 1172 435 nocturno

61 459 196 505 itinere
218 467 501 517 inpedirentur:
533 465 648 500 tertio
673 464 824 500 demum
849 463 908 499 die
929 463 976 499 ad
994 463 1175 498 verticem

59 538 294 582 perventum.
350 521 462 567 Nihil
487 528 650 577 vulgatae
669 528 857 578 opinioni,
884 527 1050 576 degressi
1070 526 1172 569 inde,

60 596 329 632 detraxerunt:
362 594 497 643 magis,
517 593 644 635 credo,
665 605 714 628 ne
732 592 879 629 vanitas
908 592 1055 628 itineris
1074 590 1172 627 ludi-

59 659 145 696 brio
164 665 276 701 esset,
295 671 408 707 quam
428 656 530 706 quod
558 656 704 692 diversa
722 657 821 692 inter
850 668 889 692 se
908 655 1040 698 maria,
1062 667 1172 690 mon-

61 731 208 773 tesque,
238 729 277 759 et
304 735 447 764 amneS,
477 734 524 757 ex
553 733 630 757 uno
659 720 745 757 loco
765 720 935 770 conspici
963 719 1171 769 potuerint.

62 788 201 824 Vexati
231 799 377 829 omnes,
398 793 437 821 et
467 792 556 822 ante
585 775 678 821 alios
708 797 774 820 rex
802 785 897 834 ipse,
918 796 993 832 quo
1022 783 1176 832 gravior

65 857 177 888 aetate
209 858 304 893 erat,
343 849 561 886 difficultate
592 849 662 884 viae
695 854 764 884 est.
820 847 981 884 Duabus
1015 848 1088 883 aris
1120 846 1177 882 ibi

63 915 152 951 Jovi
181 920 220 950 et
248 914 329 950 Soli
356 913 512 950 sacratis
541 925 658 960 quum
682 910 917 954 inmolasset,
947 924 1022 960 qua
1049 911 1176 947 triduo

65 977 324 1020 adscenderat,
353 977 471 1012 biduo
500 981 558 1011 est
585 974 797 1023 degressus,
826 974 972 1023 frigora
988 980 1179 1010 nocturna

66 1042 230 1078 maxime
249 1047 435 1084 metuens,
455 1053 539 1089 quae
559 1038 741 1076 caniculae
760 1045 848 1076 ortu
867 1038 1006 1075 similia
1023 1037 1177 1074 bruma-

65 1104 165 1142 libus
187 1111 306 1142 erant.
361 1104 496 1141 Multis
517 1117 584 1154 per
602 1116 666 1140 eos
687 1104 764 1140 dies
786 1102 1068 1140 difficultatibus
1084 1114 1178 1138 con·-

67 1169 246 1211 fiictatus,
267 1168 388 1204 nihilo
411 1167 558 1204 laetiora
576 1169 616 1203 in
636 1168 768 1204 castris
788 1168 933 1204 invenit
950 1182 957 1202 :
990 1167 1056 1203 ubi
1075 1178 1176 1202 sum-

66 1244 129 1268 ma
147 1232 306 1281 penuria
324 1238 418 1274 erat,
440 1237 482 1266 ut
500 1232 540 1267 in
558 1232 728 1280 regione,
749 1244 863 1280 quam
882 1230 929 1267 ab
947 1230 1050 1266 omni
1070 1235 1178 1280 parte

66 1294 289 1332 solitudines
319 1295 549 1332 clauderent.
607 1295 742 1344 Itaque
771 1308 887 1331 unum
916 1301 1067 1331 tantum
1095 1306 1178 1330 mo-

67 1364 170 1395 ratus
191 1358 304 1402 diem,
325 1359 461 1407 quietis
483 1370 614 1394 eorum
635 1371 780 1402 caussa,
802 1371 896 1407 quos
916 1358 1102 1394 habuerat
1120 1369 1178 1393 se-

68 1435 169 1466 cum,
190 1422 325 1459 itinere
355 1423 442 1459 inde
462 1422 575 1459 simili
593 1422 693 1472 fugae
723 1424 762 1459 iu
781 1422 1035 1460 Dentheletos
1055 1428 1180 1458 trans-

67 1486 198 1523 currit.
255 1486 358 1523 Socii
377 1493 506 1523 erant:
539 1486 604 1523 sed
631 1494 788 1538 propter
815 1488 984 1538 inopiam
1003 1487 1105 1524 haud
1123 1498 1182 1524 se·

69 1561 137 1585 cus
157 1562 269 1598 quam
298 1550 464 1586 hostium
495 1550 587 1586 fines
615 1550 846 1587 Macedones
872 1551 1046 1601 populati
1065 1557 1178 1587 sunt:

72 1612 255 1662 rapiendo
275 1614 376 1648 enim
400 1614 540 1664 passim
563 1613 669 1650 villas
694 1616 872 1664 primum,
893 1615 980 1651 dein
999 1615 1184 1664 quosdam

72 1676 176 1712 vicos
197 1677 314 1712 etiam
331 1683 566 1721 evastarunt,
586 1690 664 1714 non
694 1679 775 1714 sine
803 1691 944 1727 magno
964 1679 1106 1729 pudore
1124 1691 1184 1715 re-

72 1739 147 1787 gis,
177 1751 293 1788 quum
325 1741 515 1776 sociorum
542 1754 667 1784 voces,
693 1742 948 1791 nequidquam
979 1742 1084 1779 Deos
1123 1755 1185 1779 so-

73 1801 186 1838 ciales
215 1815 431 1852 nomenque
460 1816 570 1840 suum
598 1804 849 1854 inplorantes,
874 1806 1033 1843 audiret.
1090 1806 1186 1843 Fru-

73 1872 204 1902 mento
223 1867 310 1902 inde
329 1867 495 1910 sublato,
515 1869 554 1903 in
583 1868 784 1905 Maedicam
814 1882 1005 1918 regressus
1040 1870 1187 1914 urbem,

75 1941 188 1978 quam
223 1930 376 1967 Petram
414 1932 620 1982 adpellant,
656 1933 879 1983 obpugnare
913 1940 970 1970 est
1007 1935 1185 1971 adortus:

74 1992 156 2042 ipse
175 2006 198 2029 a
222 1996 423 2044 campestri
453 1996 560 2031 aditu
588 2004 712 2032 castra
740 1998 880 2047 posuit.
938 1997 1117 2034 Perseum
1146 1999 1190 2036 fi-

77 2054 169 2092 lium
189 2069 273 2094 cum
293 2059 442 2095 modica
468 2072 582 2095 manu
602 2061 863 2104 circummisit,
884 2068 926 2097 ut
945 2075 967 2098 a
985 2064 1189 2112 superiori-

76 2117 148 2154 hus
167 2119 259 2156 locis
280 2122 411 2165 urbem
431 2124 711 2172 adgrederetur.
756 2125 963 2176 Oppidani,
980 2140 1095 2175 quum
1113 2134 1190 2164 ter-

67 2194 144 2218 ror
171 2184 334 2236 undique
362 2188 534 2233 instaret,
559 2188 753 2225 obsidibus
783 2190 895 2242 datiS,
924 2191 963 2226 in
991 2192 1193 2241 praesentia

605 2251 693 2289 M3
