1546 2648
273 160 324 192 12
725 161 770 192 T.
795 164 929 194 leu

77 240 120 272 U.
134 240 169 271 C.
186 247 362 286 562.quas
395 237 498 275 illinc
528 251 550 276 a
583 237 771 288 Pergamo
804 242 1010 286 Eumenes,
1044 242 1133 279 hinc
1166 255 1190 279 a
1220 241 1381 280 Phocaea

76 284 118 314 Α·
132 284 168 316 C·
188 292 521 353 ¹⁹⁰·Erythrisque
539 303 708 340 Romani
729 305 998 343 sollicitabant.
1030 306 1168 343 Classis
1189 306 1380 350 Romana,

271 367 370 403 sicut
395 373 484 403 ante
517 368 658 403 dictum
692 375 762 411 est,
796 369 843 405 ad
873 370 996 406 Canas
1027 370 1266 407 hibernabat.
1322 370 1383 406 Eo

271 431 395 468 media
413 431 531 468 ferme
549 431 673 468 hieme
693 445 758 469 rex
777 432 966 470 Eumenes
993 447 1078 470 cum
1098 434 1244 470 duobus
1270 433 1384 470 milli·

270 493 342 532 bus
373 495 557 545 peditum,
588 495 777 543 equitibus
811 503 977 540 centum,
1012 499 1127 534 venit.
1183 497 1236 541 Is,
1268 510 1384 547 quum

271 571 448 608 magnam
468 560 632 610 praedam
652 561 713 608 agi
733 573 843 610 posse
860 562 1016 597 dixisset
1031 575 1076 598 ex
1091 562 1258 598 hostium
1276 573 1381 610 agro,

271 626 335 674 qui
355 626 454 662 cirea
473 626 654 675 Thyatira
676 633 787 670 esset,
807 627 997 663 hortando
1023 627 1187 676 perpulit
1214 627 1381 670 Livium,

271 698 314 726 ut
333 691 498 739 quinque
518 689 635 725 millia
653 691 814 726 militum
835 704 962 727 secum
981 693 1172 726 mitteret:
1201 691 1304 726 missi
1324 692 1382 726 in-

272 760 424 802 gentem
444 754 607 803 praedam
626 753 726 790 iutra
745 762 885 804 paucos
905 754 983 790 dies
1003 760 1233 790 averterunt.

328 817 402 854 IX.
431 817 537 854 Inter
565 819 645 855 haec
674 819 847 854 Phocaeae
876 818 1011 854 seditio
1040 825 1138 860 orta,
1159 817 1382 867 quibusdam

272 881 318 917 ad
356 882 590 919 Antiochum
627 882 879 918 multitudinis
926 882 1071 917 animos
1122 881 1383 918 avocantibus.

272 945 411 982 Gravia
430 946 589 983 hiberna
605 947 757 983 navium
779 952 908 991 erant5
932 958 1045 994 grave
1060 945 1259 988 tributum,
1280 945 1383 994 quod
1518 932 1529 1003 Ι

268 1016 370 1058 togae
391 1011 607 1060 quingentae
627 1012 820 1061 imperatae
841 1017 962 1053 erant,
980 1023 1064 1046 cum
1085 1010 1300 1059 quingentis
1321 1017 1383 1046 tu·
1520 1001 1530 1087 '5

267 1073 390 1119 uicis,
423 1075 546 1122 gravis
568 1075 681 1111 etiam
704 1075 835 1124 inopia
863 1074 1057 1116 frumenti,
1085 1080 1239 1123 propter
1268 1086 1382 1121 quam

268 1149 382 1174 naves
424 1151 573 1187 quoque
613 1144 651 1174 et
689 1138 904 1188 praesidium
938 1137 1157 1173 Romanum
1191 1137 1378 1173 excessit:
1519 1154 1546 1191 5

269 1207 350 1237 tum
370 1214 458 1237 vero
477 1201 637 1238 liberata
666 1209 768 1238 metu
797 1201 914 1237 factio
944 1208 1038 1244 crat,
1059 1214 1142 1250 quae
1170 1200 1317 1251 plebem
1341 1202 1381 1237 in
1526 1203 1543 1273 55

269 1265 518 1302 concionibus
534 1265 580 1302 ad
598 1265 832 1301 Antiochum
849 1265 1037 1302 trahebat.
1071 1265 1230 1301 Senatus
1252 1272 1289 1301 et
1310 1278 1379 1315 op-

269 1329 419 1365 timates
436 1330 476 1366 in
494 1330 674 1366 Romana
688 1330 870 1366 societate
886 1329 1127 1380 perstandum
1145 1330 1349 1366 censebant
1367 1344 1376 1366 ε

267 1393 492 1430 defectionis
521 1401 694 1431 auctores
721 1393 804 1444 plus
834 1394 931 1444 apud
953 1393 1231 1430 multitudinem
1250 1393 1378 1430 value-

266 1465 369 1495 runt.
424 1458 583 1502 Rhodii,
616 1472 692 1508 quo
729 1459 846 1508 magis
877 1464 1063 1494 cessatum
1092 1459 1217 1508 priore
1232 1465 1378 1494 -aestate

267 1529 361 1565 erat,
383 1535 429 1559 eo
457 1523 641 1559 maturius
671 1523 900 1571 aequinoctio
933 1534 1048 1558 verno
1078 1521 1249 1557 eumdem
1278 1521 1379 1558 Pau-

265 1587 458 1624 sistratum
476 1586 603 1623 classis
623 1587 842 1637 praefectum
858 1599 942 1623 cum
962 1599 1026 1623 sex
1043 1592 1079 1622 et
1099 1586 1254 1635 triginta
1273 1586 1380 1622 navi-

266 1649 336 1686 bus
352 1651 546 1687 miserunt.
602 1651 687 1687 Jam
707 1650 839 1687 Livius
859 1663 881 1686 a
901 1651 1016 1687 Canis
1032 1662 1117 1686 cum
1136 1650 1294 1698 triginta
1310 1662 1379 1686 na-

74 1720 189 1752 Classis
267 1714 375 1750 vibus
396 1721 434 1751 et
452 1721 595 1765 septem
613 1715 925 1763 quadriremibus,
942 1727 1033 1763 quas
1049 1727 1173 1750 seeum
1188 1715 1379 1750 Eumenes

74 1763 256 1846 ἓξὶξὲἦῗῖει·
267 1791 332 1815 rex
352 1779 574 1822 adduxerat,
596 1778 889 1828 Hellespontum
914 1778 1067 1829 petebat
1083 1794 1092 1823 3
1125 1786 1167 1814 ut
1186 1778 1233 1814 ad
1254 1786 1376 1814 trans-

76 1852 245 1892 tumpetit,
266 1844 362 1880 itum
395 1844 597 1887 exercitus,
628 1856 738 1893 quem
767 1850 868 1880 terra
905 1849 1103 1880 venturum
1133 1841 1376 1891 opinabatur,

266 1913 508 1958 praepararet,
530 1920 612 1956 quae
633 1919 728 1958 opus
749 1912 885 1944 essent.
932 1906 978 1944 In
998 1914 1163 1957 portum,
1182 1918 1292 1955 quem
1310 1919 1376 1942 vo-

267 1978 356 2008 cant
390 1972 634 2015 Achaeorum,
673 1971 829 2008 classem
868 1972 1030 2022 primum
1061 1971 1220 2007 advertit
1239 1985 1246 2006 :
1289 1971 1377 2007 inde

266 2035 378 2071 Ilium
399 2035 605 2078 adscendit,
634 2035 893 2084 sacrificioque
917 2035 1100 2073 Minervae
1128 2034 1246 2077 facto,
1270 2033 1375 2083 lega-

265 2100 389 2136 tiones
405 2098 583 2135 finitimas
600 2099 647 2135 ab
662 2099 850 2143 Elaeunte,
868 2105 906 2136 et
921 2098 1118 2141 Dardano,
1135 2104 1173 2134 et
1191 2097 1376 2142 Rhoeteo,

263 2163 455 2200 tradentes
484 2163 522 2199 in
558 2163 669 2200 fidem
697 2164 868 2200 civitates
898 2175 997 2206 suas,
1027 2162 1190 2211 benigne
1219 2162 1376 2202 audivit.

264 2227 359 2264 Inde
388 2227 435 2263 ad
463 2226 706 2279 Hellesponti
725 2228 851 2265 fauces
871 2228 1026 2277 navigat
1039 2244 1048 2274 3
1082 2236 1134 2271 et,
1156 2227 1284 2264 decem
1303 2240 1372 2264 na-

264 2291 371 2330 vibus
408 2293 447 2330 in
482 2293 648 2331 statione
683 2299 818 2331 contra
852 2291 1030 2350 Abydum
1060 2291 1215 2338 relictIs,
1247 2297 1372 2330 cetera
