1546 2648
338 157 418 214 238
455 159 459 165 “
779 163 827 201 ⁴1⁸.
849 170 982 200 mvn

135 264 181 296 U.
195 264 233 295 C.
251 270 322 300 570.
339 256 409 294 tem
428 259 562 294 audivi,
620 254 689 295 Ille
707 259 769 295 dia
786 264 868 295 ante
884 263 1109 308 praeparata,
1138 260 1314 297 meditata
1331 261 1370 296 in
1393 266 1451 296 me
1507 295 1509 298 Α

133 306 174 338 Α·
191 308 229 338 C·
249 315 318 341 ¹⁸2·
337 324 498 358 oratione
525 327 577 358 est
604 325 687 358 usas
702 339 714 359 .·
741 335 805 370 ego
823 324 864 359 id
894 328 1030 359 tantam
1053 327 1234 371 temporis,
1255 336 1323 373 quo
1342 329 1446 359 acca-

333 391 432 422 satas
460 397 552 430 sum,
583 388 632 423 ad
664 389 959 435 cognoscendum,
993 387 1082 436 quid
1113 394 1291 436 ageretur,
1328 385 1448 423 habui.

341 445 471 486 Utrum
498 455 674 486 momento
703 451 766 486 illo
796 451 891 487 horoe
918 456 1159 488 accusatorem
1178 453 1373 488 audirem?
1400 458 1448 486 an

335 513 570 562 dffensionem
590 516 784 550 meditarer
797 516 818 551 .9
844 517 1040 552 Adtonitus
1058 518 1242 564 repentino
1260 520 1369 563 atque
1389 515 1445 550 in-

333 577 480 626 opiitato
508 579 620 620 malo,
640 579 712 621 vix,
743 580 833 626 quid
857 578 1074 624 objiceretur,
1095 580 1293 628 intelligere
1318 578 1448 627 potui:

331 640 463 677 &tedam
487 642 575 676 satis
592 643 717 683 sciam,
746 654 815 689 quo
844 642 949 678 modo
976 654 1033 678 me
1062 647 1175 678 tuear.
1234 643 1331 683 Quid
1357 639 1448 676 mihi

330 705 407 752 spei
426 708 525 746 esset,
553 705 620 739 nisi
645 709 790 752 patrem
810 703 972 750 judicem
1001 704 1164 741 haberem
1180 707 1201 742 ,9
1228 705 1326 753 apud
1344 711 1446 752 quem

331 767 473 803 etiamsi
500 768 653 803 caritate
679 780 702 802 a
719 766 848 816 fratre
878 767 1014 814 majore
1037 771 1172 811 vincor,
1202 767 1446 805 misericordia

332 835 426 867 'certe
444 839 523 867 'reas
538 833 632 867 vinci
650 843 722 868 non
741 832 858 868 debeo.
897 832 976 880 Ego
996 835 1104 875 enim,
1124 837 1166 869 ut
1186 845 1240 869 me
1257 831 1346 868 mihi
1364 830 1445 867 tibi·-

331 896 399 942 'que
415 906 538 938 serves,
556 906 685 942 precor
700 911 713 931 .·
741 895 816 938 ille,
836 900 877 932 ut
895 906 950 931 me
969 897 1005 931 in
1019 898 1247 932 securitatem
1264 907 1366 932 suam
1383 906 1443 930 oc-

331 959 443 1001 cidas,
461 960 634 1007 postulat.
694 960 791 1000 Quid
810 969 905 1003 eum,
929 972 1037 1007 quum
1062 971 1208 1008 regnum
1231 960 1263 995 ei
1282 958 1442 995 tradide-

329 1023 393 1065 ris,
405 1021 601 1071 factarum
620 1024 734 1059 credis
752 1024 789 1058 in
807 1034 864 1059 me
881 1034 964 1065 esse,
987 1025 1047 1071 qai
1055 1022 1137 1069 jam
1164 1035 1257 1059 nanc
1275 1023 1446 1069 sanguine

327 1088 406 1122 meo
420 1086 488 1122 sibi
508 1087 688 1133 indulgeri
707 1098 846 1134 (equum
864 1088 1014 1122 censet?

383 1147 495 1186 XVI.
523 1147 681 1185 Dicenti
705 1149 787 1184 haec
810 1148 974 1185 lacrimae
994 1147 1106 1185 simul
1124 1148 1298 1198 spiritum
1318 1152 1355 1183 et
1374 1158 1443 1183 vo-

328 1222 409 1249 cem
438 1212 742 1249 intercluserunt.
798 1210 1013 1262 Philippus,
1034 1211 1219 1248 submotis
1242 1211 1302 1254 iis,
1330 1209 1438 1261 paul·

327 1275 443 1327 lisper
474 1275 699 1313 conlocutus
736 1288 821 1312 cum
855 1277 998 1319 amicis,
1033 1275 1322 1326 pronunciavit:
1355 1274 1440 1310 Non

328 1340 441 1376 verbis
457 1352 506 1385 se,
527 1351 590 1376 nec
607 1342 712 1376 unius
740 1339 835 1376 horae
853 1341 1120 1388 disceptatione,
1142 1351 1302 1375 caussam
1320 1349 1442 1374 corum

329 1402 625 1450 dijudicavi-um,
644 1405 706 1440 sed
725 1405 932 1452 inquirendo
961 1405 998 1440 in
1016 1406 1200 1452 utriusque
1216 1405 1344 1445 vitam,
1363 1413 1438 1438 mo-

328 1479 383 1504 res
396 1484 410 1512 ,-
438 1473 472 1504 et
491 1469 588 1505 dicta
592 1467 773 1517 factaque
791 1470 828 1505 in
846 1469 984 1516 magnis
998 1469 1189 1517 parvisque
1206 1467 1306 1503 rebus
1324 1466 1437 1502 obser·

326 1533 468 1569 vando:
495 1538 538 1568 ut
557 1531 732 1569 omnibus
761 1532 972 1583 adpareret,
993 1532 1117 1568 noctis
1146 1531 1329 1581 proximae
1362 1529 1435 1566 cri-

326 1606 414 1631 men
432 1593 543 1631 facile
571 1595 754 1632 revictum
770 1611 782 1641 3
815 1602 1027 1647 suspectam
1056 1585 1211 1631 nimiam
1241 1602 1325 1630 cum
1353 1591 1437 1628 Ro-

325 1660 447 1696 manis
466 1658 653 1697 Demetrii
673 1661 835 1709 gratiam
857 1666 950 1697 esse.
1005 1659 1115 1703 Haec,
1136 1660 1221 1696 vivo
1240 1657 1433 1708 Philippo,

324 1722 428 1760 velut
466 1724 610 1761 semina
641 1723 750 1774 jacta
792 1730 880 1761 sunt
914 1723 1156 1761 Macedonici
1190 1721 1295 1765 belli,
1334 1720 1434 1770 quod

131 1804 194 1835 Re,
210 1804 243 1835 in
260 1805 311 1835 Li-
325 1788 487 1824 maxime
504 1800 589 1825 cum
608 1787 746 1824 Perseo
762 1788 966 1838 gerendum
982 1795 1074 1826 erat.
1117 1785 1301 1824 Consules
1319 1785 1432 1822 ambo

127 1847 218 1886 gutia
233 1857 302 1888 ges·
325 1853 364 1890 in
382 1852 559 1902 LigureS,
581 1865 664 1903 quae
686 1860 767 1890 tum
787 1867 862 1890 una
890 1854 1096 1890 consularis
1123 1852 1318 1904 provincia
1334 1857 1431 1894 erat,

127 1896 180 1922 ω’
323 1917 615 1969 proficiscuntur
634 1933 642 1955 ε
675 1924 727 1962 et,
747 1919 836 1968 quia
855 1925 1034 1969 prospere
1063 1918 1116 1954 ibi
1135 1929 1193 1954 res
1221 1921 1431 1967 gesserunt,

323 1980 549 2032 supplicatio
583 1981 623 2017 in
660 1994 777 2018 unum
809 1981 907 2018 diem
939 1981 1088 2018 decreta
1118 1987 1190 2017 est.
1244 1979 1431 2028 Ligurum

321 2044 395 2080 duo
415 2043 533 2080 millia
560 2043 639 2080 fere
666 2045 714 2080 ad
733 2050 943 2081 extremum
972 2044 1083 2082 finem
1113 2042 1317 2094 provinciae
1335 2040 1429 2077 Gal-

321 2106 396 2151 liae,
416 2107 480 2144 ubi
510 2114 631 2145 castra
650 2107 856 2144 Marcellus
875 2108 1056 2151 habebat,
1077 2112 1274 2149 venerunt,
1294 2107 1352 2142 uti
1371 2117 1430 2142 re-

321 2170 549 2220 ciperentm·,
570 2179 735 2209 orantes,
780 2169 985 2208 Marcellus
1007 2171 1172 2221 obperiri
1191 2169 1324 2206 eodem
1342 2168 1429 2204 loco

319 2231 524 2281 Liguribus
538 2232 670 2283 jussis,
691 2241 861 2271 senatum
882 2247 949 2285 per
967 2233 1094 2270 literas
1116 2232 1318 2270 consuluit.
1361 2231 1427 2267 Se·

318 2302 429 2335 uatus
458 2296 663 2337 rescribere
689 2297 748 2336 M.
767 2297 977 2348 Ogulnium
1014 2304 1215 2350 praetorem
1241 2294 1428 2335 Marcello
