1546 2648
287 184 373 239 346
485 172 489 179 ⁸
724 195 772 227 r.
801 150 943 227 mvn?

106 286 151 318 U.
164 286 202 318 C.
219 293 293 321 seo.
304 296 422 322 omnes
438 289 577 334 coeptos.
628 286 718 322 Tum
734 299 771 323 se
789 288 988 324 amicitiam
1005 291 1041 324 et
1057 287 1260 324 societatem
1277 297 1408 324 remm-

110 329 152 375 4.
165 331 202 363 C.
218 337 293 367 172.

303 351 413 386 ciosse
427 365 440 386 .·
468 361 539 398 qua
566 361 650 386 voce
677 362 758 387 eum
785 362 971 388 accensum
996 353 1178 394 restitisse,
1205 355 1313 400 atque
1329 362 1412 388 voce

303 414 405 451 clara
425 415 652 451 denunciasse
677 415 755 458 sibi,
782 420 824 452 ut
853 416 974 452 triduo
999 417 1103 464 regni
1119 417 1175 452 sui
1202 415 1412 452 decederent

291 477 439 527 finibus.
482 477 545 514 Ita
561 489 596 513 se
612 477 793 526 profectos
805 494 818 515 .·
837 490 900 515 nec
915 479 994 522 sibi,
1015 484 1081 516 aut
1097 479 1326 521 venientibus,
1345 482 1411 515 aut

302 541 536 584 manentibus,
558 542 753 589 quidquam
772 541 997 590 hospitaliter
1015 548 1080 579 aut
1098 543 1241 591 benigne
1248 542 1410 591 factum.

302 603 476 641 Thessali
491 603 626 640 deinde
644 603 843 652 AEtolique
858 604 973 653 legati
992 605 1122 642 auditi.
1178 606 1348 648 Senatui,
1368 610 1411 641 ut

304 668 445 704 scirent
464 679 574 716 quam
595 666 772 717 primum,
793 667 928 715 quibus
948 668 1105 704 ducibus
1125 681 1237 705 usura
1251 668 1409 718 respub-

303 731 378 768 lica
388 737 500 774 esset,
515 731 643 767 literas
657 731 758 767 mitti
770 731 987 768 consulibus
1002 731 1158 782 placuit,
1175 738 1230 775 ut,
1245 738 1330 769 uter
1345 745 1411 770 eo-

303 808 385 832 rum
405 802 548 845 posset,
561 794 727 831 Romam
742 795 789 830 ad
804 795 1044 843 magistratus
1058 797 1238 832 creandos
1254 796 1409 833 veniret.

355 858 510 896 XXVI.
537 857 648 894 Nihil
675 870 918 909 magnopere,
949 859 1050 907 quod
1078 859 1279 895 memorari
1311 859 1410 896 adti-

302 929 405 967 neat,
426 924 480 959 rei
507 921 669 973 publicae
698 934 744 958 eo
764 933 866 958 anno
883 922 1056 958 consules
1076 927 1269 970 gesserant
1286 937 1294 958 :
1326 935 1407 960 ma—

301 988 359 1038 gis
379 1000 400 1024 e
417 986 611 1037 republica
637 986 759 1022 visum
787 992 881 1028 erat,
902 987 1099 1035 comprimi
1128 998 1172 1022 ac
1200 986 1320 1022 sedari
1341 999 1406 1024 ex-

302 1056 496 1103 asperatos
515 1050 688 1099 Ligures.
725 1050 853 1090 Quum
871 1049 1163 1086 Macedonicum
1181 1049 1320 1086 bellum
1341 1062 1406 1087 ex-

110 1111 248 1142 Gentius
303 1121 549 1166 spectaretur,
570 1114 752 1150 Gentium
777 1125 927 1162 quoque
946 1112 1161 1162 Illyriorum
1182 1124 1307 1161 regem
1326 1125 1407 1150 sus-

108 1154 150 1183 ab
162 1154 292 1184 Issensi-
772 1177 780 1185 .
1051 1177 1058 1184 .
1271 1177 1278 1184 .

106 1197 166 1226 bus
180 1197 291 1228 Romae
302 1186 454 1230 pectum
482 1177 649 1214 Issenses
668 1177 784 1226 legat1
801 1177 973 1213 fecerunt
990 1191 998 1212 ε
1030 1176 1141 1213 simul
1159 1184 1295 1226 quesn,
1316 1176 1408 1213 fines

110 1239 279 1270 insimula-
303 1255 390 1280 suos
410 1243 574 1279 secundo
594 1241 832 1292 populatum,
850 1240 961 1276 simui
980 1241 1216 1283 nunciantes,
1235 1253 1307 1277 uno
1326 1244 1408 1278 ani-

107 1287 168 1313 tur·

302 1320 360 1344 mo
386 1308 504 1343 vivere
524 1305 760 1342 Macedonum
788 1309 896 1353 atque
915 1305 1123 1352 Illyriorum
1142 1316 1285 1352 regem:
1311 1317 1407 1341 eom-

300 1372 401 1408 muni
428 1370 575 1406 consilio
598 1379 732 1417 parare
751 1368 922 1404 Romanis
940 1368 1069 1404 bellum
1084 1384 1097 1404 .·
1124 1372 1159 1403 et
1174 1369 1288 1416 specie
1307 1369 1406 1416 lega-

301 1441 420 1472 torum
448 1434 596 1481 Illyrios
621 1433 860 1481 speculatores
889 1432 1012 1468 Romae
1032 1443 1116 1474 esse,
1137 1432 1245 1468 Perse
1262 1438 1411 1469 auctore

299 1501 434 1542 missos,
467 1503 521 1540 ut,
543 1498 628 1546 quid
654 1502 834 1545 ageretur,
863 1497 1003 1532 scirent.
1060 1494 1179 1544 Illyrii
1207 1497 1332 1532 vocati
1365 1497 1406 1533 in

299 1569 472 1599 senatum
490 1577 497 1597 ε
529 1562 595 1611 qui
623 1573 738 1610 quum
763 1560 909 1609 legatos
929 1572 968 1596 se
987 1571 1068 1595 esse
1095 1560 1230 1595 missos
1249 1559 1296 1596 ab
1315 1573 1405 1610 rege

299 1627 467 1663 dicerent
497 1625 544 1661 ad
572 1624 768 1675 purganda
799 1623 971 1667 crimina,
995 1623 1027 1658 si
1051 1635 1126 1671 qua
1152 1623 1198 1659 de
1229 1635 1318 1672 rege
1347 1623 1406 1660 Is-

299 1702 425 1726 senses
445 1688 658 1733 deferrent3
688 1687 901 1737 quaesitum,
919 1685 1053 1736 ecquid
1071 1686 1125 1722 ita
1143 1698 1221 1722 non
1240 1687 1406 1724 adissent

299 1754 575 1802 magistratum,
603 1759 644 1788 ut
676 1765 723 1788 ex
753 1752 931 1788 instituto
959 1750 1061 1794 loca,
1093 1749 1225 1793 lautia,
1258 1752 1405 1802 accipe-

299 1818 411 1854 rent?
440 1817 598 1853 sciretur
616 1815 776 1864 denique
805 1815 950 1850 venisse
978 1825 1058 1856 eos,
1078 1819 1116 1849 et
1134 1825 1245 1863 super
1263 1827 1338 1863 qua
1365 1828 1407 1852 re

298 1881 516 1917 venissent?
545 1878 821 1915 Haesitantibus
841 1879 880 1914 in
899 1890 1095 1928 responSO,
1117 1885 1157 1914 ut
1173 1879 1276 1914 curia
1294 1891 1406 1916 exce-

300 1945 444 1987 derent,
476 1943 630 1980 dictum.
685 1941 926 1992 Responsum
959 1949 1149 1990 tamquam
1180 1941 1329 1991 legatis,
1363 1949 1406 1980 ut

301 2009 365 2057 qui
393 2007 496 2044 adite
525 2012 696 2042 senatum
715 2017 793 2041 non
818 2004 1087 2055 postulassent,
1108 2004 1187 2041 dari
1214 2017 1292 2041 non
1323 2005 1405 2056 pla-

300 2073 400 2108 cuit:
440 2070 718 2118 mittendosque
747 2069 794 2105 ad
825 2081 953 2118 regem
987 2069 1133 2118 legatos
1161 2077 1402 2115 censuerunt,

300 2135 362 2184 qni
389 2134 626 2175 nunciarent,
647 2134 708 2180 qui
734 2134 820 2169 socii
847 2137 1076 2180 quererentur
1103 2134 1201 2180 apud
1227 2139 1403 2179 senatum,

298 2203 457 2235 exustum
476 2209 498 2233 a
515 2208 597 2243 rege
615 2208 742 2244 agrum
755 2212 766 2232 .·
794 2207 864 2232 non
879 2208 1015 2243 oequum
1033 2208 1111 2232 eum
1119 2195 1262 2244 facere,
1282 2199 1342 2246 qui
1358 2199 1406 2234 ab

296 2264 397 2298 sociis
414 2263 486 2298 suis
508 2272 578 2297 non
606 2261 795 2296 abstineret
823 2259 1003 2306 injuriam.
1059 2259 1104 2295 In
1125 2261 1222 2296 hanc
1240 2259 1402 2310 legatio·

297 2339 399 2371 nem,
431 2326 550 2371 missi,
580 2326 628 2364 A.
647 2325 848 2363 Terentius
880 2325 1017 2371 Varro,
1048 2326 1093 2364 C.
1111 2325 1325 2372 Plaetorius,
1355 2327 1400 2365 C.
