1546 2648
338 191 495 220 tam-:R
519 189 707 219 xxxlx.
740 189 848 219 cAr.
870 191 966 221 xn.
1131 182 1211 237 165

90 285 186 321 *ciam
201 284 250 321 ad
264 296 356 327 eam,
369 288 412 320 ut
425 285 573 320 veniret.
620 282 783 319 AEbutia
799 282 924 318 adcita
940 283 986 319 ad
1003 283 1209 334 Sulpiciam
1222 288 1266 321 U.
1278 289 1317 321 C.
1331 295 1405 323 ⁵66.

89 348 218 384 venit:
250 353 288 384 et
307 346 440 384 consul
466 345 595 397 paullo
615 352 716 396 post,
736 346 839 382 velut
858 345 958 382 forte
984 347 1209 385 interveniS-
1221 334 1310 366 A'C·
1325 339 1398 367 ¹⁸⁶·

93 417 164 454 set,
195 424 407 448 sermonem
437 411 483 447 de
513 409 676 447 AEbutio
705 409 832 446 fratris
863 409 942 460 ejus
970 409 1048 446 filio
1081 411 1209 450 infert.

91 474 277 511 Lacrimae
304 474 452 511 mulieri
472 474 633 517 obortae,
656 479 694 509 et
722 474 893 509 miserari
913 486 1039 509 casum
1060 474 1209 511 adoles-

90 539 211 575 centis
228 540 359 590 coepit,
377 540 440 589 qui
460 538 644 589 spoliatus
664 537 844 579 fortunis,
865 550 887 573 a
902 537 1038 586 quibus
1055 538 1211 576 minime

89 609 298 653 oporteret,
320 603 420 654 apud
439 615 478 639 se
496 609 589 639 tunc
610 608 723 645 esset,
744 600 889 651 ejectus
910 614 932 637 a
951 608 1085 645 matre,
1107 603 1210 652 quod

89 667 231 717 probus
252 667 471 704 adolescens
495 667 580 715 (Dii
599 666 753 717 propitii
776 666 919 712 essent)
938 665 1146 710 obscoenis,
1167 673 1211 703 ut

86 732 191 769 fama
210 739 323 777 esset,
344 734 458 770 sacris
480 733 623 768 initiari
641 731 775 768 nollet.

142 797 239 834 XII.
270 798 369 834 Satis
400 798 445 834 de
468 796 633 833 AEbutio
660 795 899 846 exploratum
929 802 1032 833 ratus
1059 796 1205 841 consul,
1220 796 1354 846 Hispala
1365 797 1424 828 Fe-

86 873 165 897 non
186 873 324 898 vanum
348 868 543 897 auctorem
569 873 665 903 esse,
687 861 839 896 dimissa
858 860 1034 904 AEbutia,
1056 874 1141 897 soc1
1145 874 1205 897 um
1219 849 1423 916 ξξῖῒέἒὲῗ

87 931 213 974 rogat,
248 931 290 962 ut
318 925 535 977 Hispalam,
566 925 730 961 indidem
762 937 809 960 ex
836 925 1031 961 Aventino
1059 925 1205 962 liberti·
1216 926 1299 959 sule

85 1002 189 1034 nam,
210 1003 289 1027 non
308 991 482 1040 ignotam
498 989 659 1032 viciniae,
681 996 887 1025 arcesseret
903 990 949 1025 ad
970 1002 1074 1026 sese:
1107 1003 1204 1034 eam,

86 1067 236 1104 quoque
256 1068 351 1098 esse,
368 1068 452 1105 quae
471 1053 711 1105 percunctari
726 1052 852 1089 vellet.
898 1052 960 1089 Ad
980 1052 1039 1103 cuj
1046 1066 1086 1089 us
1106 1066 1205 1091 nun-

87 1119 187 1155 cium
206 1120 427 1169 perturbata
456 1118 632 1169 Hispala,
654 1118 757 1168 quod
785 1118 832 1155 ad
860 1124 940 1154 tam
967 1118 1138 1155 nobilem
1167 1126 1206 1155 et

85 1195 239 1231 gravem
258 1184 437 1220 feminam
465 1184 599 1232 ignara
625 1194 766 1218 caussae
792 1189 1065 1219 arcesseretur:
1097 1189 1206 1233 post·

85 1259 199 1296 quam
222 1247 381 1285 'lictores
415 1248 455 1283 in
481 1245 671 1283 vestibulo
703 1245 932 1295 turbamque
965 1247 1204 1284 consularem

85 1315 124 1346 et
143 1311 338 1348 consulem
363 1313 487 1363 ipsum
507 1310 720 1360 conspexit,
741 1323 861 1360 prope
890 1311 1108 1347 exanimata
1133 1318 1203 1348 est.

86 1374 132 1412 In
148 1376 367 1413 interiorem
381 1383 527 1427 partem
541 1375 677 1412 aedium
690 1374 893 1411 abductam
906 1387 1017 1411 socru
1033 1375 1204 1412 adhibita

85 1440 231 1485 consul,
251 1444 284 1479 si
310 1454 394 1480 vera
414 1443 529 1478 dicere
554 1442 722 1477 inducere
740 1442 778 1477 in
797 1441 957 1477 animum
983 1446 1114 1489 posset,
1135 1453 1203 1476 ne-

83 1511 163 1554 gat,
175 1508 380 1554 perturbari
396 1507 518 1543 debere
531 1522 543 1542 :
561 1506 678 1555 fidem
696 1506 753 1540 vel
771 1517 794 1540 a
810 1505 990 1552 Sulpicia,
1008 1504 1201 1554 talifemi-

81 1582 144 1613 na,
174 1572 231 1607 vel
249 1572 293 1608 ab
318 1584 355 1608 se
383 1573 586 1620 acciperet:
614 1574 835 1618 expromeret
861 1570 940 1612 sibi,
961 1582 1038 1617 quae
1065 1571 1103 1605 in
1123 1571 1202 1606 luco

83 1635 223 1671 Similce
243 1636 528 1673 Bacchanalibus
551 1637 590 1671 in
615 1647 719 1671 sacro
743 1639 915 1670 nocturno
933 1635 1088 1670 solerent
1099 1635 1202 1684 fieri.

82 1698 174 1736 Hoc
200 1700 264 1736 ubi
294 1700 451 1743 audivit,
479 1704 609 1735 tantus
638 1711 759 1750 pavor
786 1705 1002 1747 tremorque
1031 1699 1202 1734 omnium

82 1763 340 1800 membrorum
358 1764 555 1801 mulierem
574 1764 688 1814 cepit,
707 1770 747 1799 ut
768 1763 832 1799 diu
851 1763 996 1799 hiscere
1016 1775 1094 1798 nou
1113 1775 1202 1812 pos·

82 1834 162 1864 set:
195 1828 349 1865 tandem
375 1828 613 1871 confirmata,
629 1828 794 1876 puellam
813 1828 1008 1863 admodum
1032 1839 1069 1863 se
1086 1827 1203 1863 ancil-

85 1893 159 1929 lam
178 1895 363 1930 initiatam
382 1906 463 1930 cum
481 1895 642 1935 domina,
662 1893 740 1928 ait:
773 1893 913 1940 aliquot
933 1893 1051 1935 annis,
1072 1903 1115 1927 ezr
1133 1903 1202 1939 quo

83 1961 299 1995 manumissa
315 1961 376 2002 sit,
392 1953 499 2001 nihil,
520 1958 607 2006 quid
626 1957 767 2005 ibifiat,
788 1957 903 1992 scire:
923 1955 1007 2005 jam
1023 1956 1059 1991 id
1075 1956 1202 2004 ipsum

83 2022 217 2059 consul
243 2022 411 2066 laudare,
439 2035 547 2071 quum
574 2023 762 2058 initiatam
787 2033 824 2057 se
855 2032 926 2056 non
953 2020 1202 2069 inficiaretur.-

83 2089 146 2123 sed
176 2092 212 2123 et
248 2093 366 2124 cetera
399 2089 524 2123 eadem
547 2087 629 2136 fide
657 2090 903 2135 expromeret:
931 2085 1079 2132 neganti
1102 2084 1204 2120 ultra

86 2152 280 2199 quidquam
297 2155 388 2189 scire
415 2165 486 2189 non
510 2152 686 2194 eamdem,
710 2151 848 2193 dicere,
867 2151 897 2186 si
922 2152 1142 2196 coarguatur
1159 2147 1204 2183 ab

87 2215 175 2256 alio,
195 2227 239 2251 ac
258 2228 325 2263 per
341 2229 377 2252 se
394 2216 550 2265 fatenti,
567 2217 708 2252 veniam
726 2219 793 2250 aut
807 2215 967 2262 gratiam
985 2211 1093 2261 fore.
1090 2228 1098 2235 ·
1124 2223 1206 2249 eum

80 2278 152 2315 sibi
171 2280 293 2315 omnia
310 2282 519 2328 exposuisse,
540 2281 602 2328 qui
620 2280 664 2315 ab
683 2280 750 2314 illa
769 2279 935 2314 audisset.

141 2342 259 2382 XIII.
287 2343 443 2390 Mulier,
457 2344 560 2382 haud
572 2343 700 2388 dubie,
715 2343 754 2380 id
771 2342 871 2393 quod
886 2346 982 2385 erat,
998 2338 1206 2379 AEbutium
