1546 2648
328 138 484 167 LIBER
508 136 650 166 XLIV·
682 138 792 168 CAP.
816 139 913 170 vn.
1071 139 1154 185 431

51 222 96 260 lis
116 230 186 268 est,
207 224 428 275 inpositum,
449 236 560 274 quam
579 222 636 260 vel
657 223 786 260 decem
805 226 957 263 armatis
986 228 1082 264 tueri
1101 228 1158 265 fa·
1172 230 1215 260 U·
1229 230 1266 262 C·
1281 237 1356 262 583-

54 289 124 325 cile
154 295 220 326 est.
279 287 492 325 Intercluso
520 300 587 338 per
613 287 758 337 Tempe
786 289 898 324 simul
926 290 1030 327 aditu
1056 304 1160 329 com-
1172 273 1351 308 A.C.169.

53 354 254 395 meatibus,
273 340 387 389 simul
414 352 552 395 reditu,
581 352 653 402 ipsi
683 359 846 396 montes,
877 366 943 403 per
972 367 1065 403 quos
1097 357 1162 393 de-

53 418 290 460 scenderant,
312 416 506 466 repetendi
526 422 655 452 erant:
687 417 789 465 quod
819 424 858 453 ut
888 417 991 455 furto
1016 419 1161 457 fefelle-

51 488 151 523 rant,
175 481 228 516 ita
258 480 467 531 propalam,
494 479 712 516 tenentibus
741 480 936 530 superiora
964 484 1162 520 cacumina

47 543 237 587 hostibus,
257 557 337 580 non
365 551 564 594 poterant:
597 551 634 580 et
660 551 815 595 experta
835 545 1032 582 difficultas
1056 559 1161 596 spem

48 620 199 644 omnem
227 609 433 646 incidisset.
490 609 694 658 Supererat
714 609 810 645 nihil
835 609 934 646 aliud
955 611 994 646 in
1019 617 1162 648 temere

48 674 266 715 commisso,
282 685 395 722 quam
411 673 450 708 in
465 671 732 709 Macedoniam
744 673 791 709 ad
805 673 920 709 Dium
937 687 1002 724 per
1016 675 1159 711 medios

47 737 204 772 evadere
222 737 350 773 hostes
367 752 374 771 ε
407 737 520 785 quod,
541 737 614 772 nisi
633 736 700 772 Dii
719 745 882 774 mentem
900 739 980 787 regi
999 738 1161 775 ademis-

48 809 146 842 sent,
168 800 289 849 ipsum
316 800 482 848 ingentis
509 799 739 836 difficultatis
767 807 859 837 erat.
915 801 1018 838 Nam
1044 815 1161 851 quum

47 862 200 912 Olympi
221 864 362 899 radices
386 864 527 899 montis
547 864 676 914 paullo
702 864 784 913 plus
805 877 917 913 quam
946 865 1048 901 mille
1073 878 1160 915 pas-

45 939 154 973 suum
180 927 227 963 ad
254 940 355 963 mare
384 926 601 976 relinquant
620 929 798 977 spatium,
829 928 934 978 cujus
964 929 1160 966 dimidium

45 989 120 1026 loci
139 998 301 1041 occupat
321 991 460 1026 ostium
481 990 556 1026 late
583 997 804 1039 restagnans
824 991 995 1042 Baphyri
1022 993 1157 1036 amnis,

45 1061 191 1104 partem
215 1055 389 1105 planiciae
422 1062 487 1091 aut
515 1055 622 1091 Jovis
652 1055 850 1106 templum,
880 1063 946 1092 aut
975 1057 1158 1106 oppidum

44 1125 174 1163 teuet3
207 1118 391 1168 reliquum
416 1119 665 1169 perexiguum
682 1119 788 1155 fossa
814 1119 964 1155 modica
982 1119 1158 1169 valloque

45 1181 166 1218 claudi
186 1189 350 1232 poterat,
372 1190 410 1219 et
438 1195 616 1219 saxorum
641 1184 688 1219 ad
717 1196 872 1220 manum
901 1182 1157 1232 silvestrisque

42 1247 209 1293 materiae
229 1253 378 1283 tantum
398 1254 492 1291 erat,
515 1254 556 1283 ut
575 1247 635 1283 vel
659 1260 786 1284 murus
807 1247 938 1298 objici,
959 1253 1157 1296 turresque

43 1311 200 1346 excitari
218 1313 426 1361 potuerint.
482 1312 656 1351 Quorum
682 1311 778 1348 nihil
797 1325 913 1361 quum
931 1312 1158 1361 dispexisset

43 1382 183 1410 caecata
202 1386 306 1410 mens
327 1374 454 1411 subito
479 1381 637 1418 terrore,
659 1376 809 1411 nudatis
831 1375 1007 1412 omnibus
1027 1375 1158 1426 praesi-

44 1437 128 1480 diis,
149 1438 424 1488 patefactisque
442 1439 558 1483 bello,
580 1441 627 1476 ad
646 1439 817 1484 Pydnam
838 1440 991 1489 refugit.

94 1501 185 1537 VII.
216 1502 374 1545 Consul,
390 1502 595 1556 plurimum
609 1509 648 1540 et
667 1503 832 1554 praesidii
851 1510 890 1539 et
909 1503 988 1554 spei
1002 1514 1158 1538 cernens

43 1564 82 1599 in
101 1564 263 1600 stultitia
283 1571 321 1601 et
340 1567 502 1614 segnitie
523 1566 660 1610 hostis,
681 1568 838 1603 remisso
854 1568 997 1603 nuncio
1027 1566 1074 1602 ad
1094 1567 1159 1616 Sp.

40 1627 262 1664 Lucretium
288 1628 495 1673 Larissam,
526 1636 569 1667 ut
598 1631 768 1674 castella,
801 1631 933 1667 relicta
963 1630 1010 1667 ab
1030 1631 1158 1672 hoste,

42 1691 143 1728 circa
161 1692 305 1742 Tempe
325 1702 544 1744 occuparet,
560 1696 756 1744 praemisso
777 1695 942 1746 Popillio
958 1695 1006 1731 ad
1025 1694 1158 1744 explo-

42 1755 178 1791 randos
198 1756 380 1792 transitus
394 1758 494 1794 circa
513 1757 645 1801 Dium,
661 1766 864 1809 postquam
883 1767 1013 1809 patere
1028 1757 1159 1794 omnia

42 1817 81 1853 in
97 1831 227 1855 omnes
247 1827 373 1870 partes
387 1821 667 1865 animadvertit,
686 1822 859 1858 secundis
875 1823 1007 1858 castris
1024 1834 1156 1872 perve-

41 1882 99 1918 nit
126 1883 174 1919 ad
192 1883 334 1920 Dium:
366 1885 576 1934 metarique
595 1885 664 1922 sub
696 1887 779 1937 ipso
810 1887 967 1937 templo,
998 1899 1045 1922 ne
1065 1885 1155 1935 quid
1168 1883 1356 1933 Cosmum

42 1956 148 1981 sacro
164 1946 204 1982 in
222 1945 309 1983 loco
328 1947 549 1992 violaretur,
561 1948 691 1999 jussit.
738 1950 840 2001 Ipse,
858 1951 990 1987 urbem
1008 1950 1154 1998 ingres·
1166 1934 1320 1967 pervemt'

41 2020 116 2063 sus,
137 2011 235 2047 sicut
253 2024 332 2048 non
352 2025 544 2061 magnam,
564 2015 619 2050 ita
638 2021 863 2051 exornatam
878 2014 1039 2065 publicis
1061 2014 1153 2050 locis

41 2077 80 2107 et
103 2073 344 2111 multitudine
370 2083 595 2120 statuarum,
616 2078 876 2126 munitamque
906 2078 1072 2126 egregie,
1091 2078 1156 2114 vix

42 2134 132 2170 satis
152 2136 316 2182 credere,
336 2139 376 2175 in
394 2141 511 2176 tantis
530 2140 642 2177 rebus
663 2141 744 2177 sine
763 2153 897 2177 caussa
914 2141 1055 2177 relictis
1075 2153 1155 2177 non

42 2197 205 2248 aliquem
223 2199 376 2238 subesse
395 2204 534 2242 dolum.
592 2205 723 2242 Unum
739 2205 839 2242 diem
858 2205 906 2242 ad
922 2205 1155 2256 exploranda

43 2262 141 2299 circa
160 2264 291 2302 omnia
316 2274 501 2313 moratuS,
532 2277 658 2308 castra
684 2276 838 2308 movet:
869 2270 1038 2320 satisque
1070 2281 1152 2306 cre·
