<?xml version="1.0" encoding="UTF-8"?>
<!DOCTYPE html PUBLIC "-//W3C//DTD XHTML 1.0 Transitional//EN"
    "http://www.w3.org/TR/xhtml1/DTD/xhtml1-transitional.dtd">
<html xmlns="http://www.w3.org/1999/xhtml" xml:lang="en" lang="en">
 <head>
  <title>
</title>
<meta http-equiv="Content-Type" content="text/html;charset=utf-8" />
  <meta name='ocr-system' content='tesseract 3.04.00' />
  <meta name='ocr-capabilities' content='ocr_page ocr_carea ocr_par ocr_line ocrx_word'/>
</head>
<body>
  <div class='ocr_page' id='page_1' title='image "./historiarumquaes04livyuoft/historiarumquaes04livyuoft_0430.png"; bbox 0 0 1546 2648; ppageno 0'>
   <div class='ocr_carea' id='block_1_1' title="bbox 317 162 978 204">
    <p class='ocr_par' dir='ltr' id='par_1_1' title="bbox 317 162 978 204">
     <span class='ocr_line' id='line_1_1' title="bbox 317 162 978 204; baseline -0.003 -9"><span class='ocrx_word' id='word_1_1' title='bbox 317 163 404 204; x_wconf 81' lang='lat'><strong>420</strong></span> <span class='ocrx_word' id='word_1_2' title='bbox 771 162 819 192; x_wconf 77' lang='grc' dir='ltr'><strong>Τ.</strong></span> <span class='ocrx_word' id='word_1_3' title='bbox 842 163 978 193; x_wconf 78' lang='lat' dir='ltr'><strong>mvn</strong></span> 
     </span>
    </p>
   </div>
   <div class='ocr_carea' id='block_1_2' title="bbox 121 251 1422 304">
    <p class='ocr_par' dir='ltr' id='par_1_2' title="bbox 121 251 1422 304">
     <span class='ocr_line' id='line_1_2' title="bbox 121 251 1422 304; baseline 0.002 -15"><span class='ocrx_word' id='word_1_4' title='bbox 121 253 166 285; x_wconf 82' lang='lat' dir='ltr'><strong>U·</strong></span> <span class='ocrx_word' id='word_1_5' title='bbox 180 252 219 285; x_wconf 88' lang='lat' dir='ltr'><strong>C·</strong></span> <span class='ocrx_word' id='word_1_6' title='bbox 236 258 307 285; x_wconf 77' lang='lat'><strong>⁵8³·</strong></span> <span class='ocrx_word' id='word_1_7' title='bbox 322 260 417 298; x_wconf 87' lang='lat' dir='ltr'><strong>erat,</strong></span> <span class='ocrx_word' id='word_1_8' title='bbox 437 265 523 297; x_wconf 85' lang='lat' dir='ltr'><strong>cum</strong></span> <span class='ocrx_word' id='word_1_9' title='bbox 540 251 664 290; x_wconf 79' lang='lat' dir='ltr'><strong>valido</strong></span> <span class='ocrx_word' id='word_1_10' title='bbox 682 253 858 304; x_wconf 81' lang='lat' dir='ltr'><strong>praesidio</strong></span> <span class='ocrx_word' id='word_1_11' title='bbox 882 253 1119 291; x_wconf 85' lang='lat' dir='ltr'><strong>defendente.</strong></span> <span class='ocrx_word' id='word_1_12' title='bbox 1172 253 1226 291; x_wconf 90' lang='lat' dir='ltr'><strong>Et</strong></span> <span class='ocrx_word' id='word_1_13' title='bbox 1249 254 1422 299; x_wconf 84' lang='lat' dir='ltr'><strong>Perseus,</strong></span> 
     </span>
    </p>
   </div>
   <div class='ocr_carea' id='block_1_3' title="bbox 122 297 331 330">
    <p class='ocr_par' dir='ltr' id='par_1_3' title="bbox 122 297 331 330">
     <span class='ocr_line' id='line_1_3' title="bbox 122 297 331 330; baseline -0.005 -2"><span class='ocrx_word' id='word_1_14' title='bbox 122 299 164 328; x_wconf 77' lang='lat' dir='ltr'><strong>A.</strong></span> <span class='ocrx_word' id='word_1_15' title='bbox 181 297 217 328; x_wconf 91' lang='lat' dir='ltr'><strong>C.</strong></span> <span class='ocrx_word' id='word_1_16' title='bbox 237 301 308 330; x_wconf 79' lang='lat'><strong>169.</strong></span> <span class='ocrx_word' id='word_1_17' title='bbox 323 319 331 327; x_wconf 93' lang='lat'>.</span> 
     </span>
    </p>
   </div>
   <div class='ocr_carea' id='block_1_4' title="bbox 124 378 256 451">
    <p class='ocr_par' dir='ltr' id='par_1_4' title="bbox 124 378 256 451">
     <span class='ocr_line' id='line_1_4' title="bbox 124 378 256 409; baseline -0.008 0"><span class='ocrx_word' id='word_1_18' title='bbox 124 378 256 409; x_wconf 73' lang='lat' dir='ltr'><strong>Perseus</strong></span> 
     </span>
     <span class='ocr_line' id='line_1_5' title="bbox 126 422 242 451; baseline 0.009 -1"><span class='ocrx_word' id='word_1_19' title='bbox 126 422 242 451; x_wconf 77' lang='lat' dir='ltr'><strong>frustra</strong></span> 
     </span>
    </p>
   </div>
   <div class='ocr_carea' id='block_1_5' title="bbox 321 317 1422 432">
    <p class='ocr_par' dir='ltr' id='par_1_5' title="bbox 321 317 1422 432">
     <span class='ocr_line' id='line_1_6' title="bbox 322 317 1420 367; baseline 0 -13"><span class='ocrx_word' id='word_1_20' title='bbox 322 331 362 355; x_wconf 85' lang='lat' dir='ltr'><strong>m</strong></span> <span class='ocrx_word' id='word_1_21' title='bbox 376 317 562 354; x_wconf 85' lang='lat' dir='ltr'><strong>Elimeam</strong></span> <span class='ocrx_word' id='word_1_22' title='bbox 577 317 783 367; x_wconf 86' lang='lat' dir='ltr'><strong>profectus,</strong></span> <span class='ocrx_word' id='word_1_23' title='bbox 800 323 837 353; x_wconf 89' lang='lat' dir='ltr'><strong>et</strong></span> <span class='ocrx_word' id='word_1_24' title='bbox 852 318 952 353; x_wconf 86' lang='lat' dir='ltr'><strong>circa</strong></span> <span class='ocrx_word' id='word_1_25' title='bbox 967 330 1050 354; x_wconf 88' lang='lat' dir='ltr'><strong>eam</strong></span> <span class='ocrx_word' id='word_1_26' title='bbox 1065 318 1232 355; x_wconf 90' lang='lat' dir='ltr'><strong>exercitu</strong></span> <span class='ocrx_word' id='word_1_27' title='bbox 1245 317 1420 361; x_wconf 89' lang='lat' dir='ltr'><strong>lustrato,</strong></span> 
     </span>
     <span class='ocr_line' id='line_1_7' title="bbox 321 381 1422 432; baseline -0.001 -13"><span class='ocrx_word' id='word_1_28' title='bbox 321 383 369 420; x_wconf 84' lang='lat' dir='ltr'><strong>ad</strong></span> <span class='ocrx_word' id='word_1_29' title='bbox 405 382 587 425; x_wconf 84' lang='lat' dir='ltr'><strong>Stratum,</strong></span> <span class='ocrx_word' id='word_1_30' title='bbox 624 381 847 418; x_wconf 86' lang='lat' dir='ltr'><strong>vocantibus</strong></span> <span class='ocrx_word' id='word_1_31' title='bbox 884 381 1067 432; x_wconf 86' lang='lat' dir='ltr'>Epirotis,</span> <span class='ocrx_word' id='word_1_32' title='bbox 1102 382 1217 420; x_wconf 89' lang='lat' dir='ltr'><strong>ducit.</strong></span> <span class='ocrx_word' id='word_1_33' title='bbox 1274 383 1422 419; x_wconf 83' lang='lat' dir='ltr'><strong>Stratus</strong></span> 
     </span>
    </p>
   </div>
   <div class='ocr_carea' id='block_1_6' title="bbox 121 444 1424 496">
    <p class='ocr_par' dir='ltr' id='par_1_6' title="bbox 121 444 1424 496">
     <span class='ocr_line' id='line_1_8' title="bbox 121 444 1424 496; baseline -0.001 -13"><span class='ocrx_word' id='word_1_34' title='bbox 121 463 266 496; x_wconf 58' lang='lat' dir='ltr'><strong>gnatum</strong></span> <span class='ocrx_word' id='word_1_35' title='bbox 319 445 548 484; x_wconf 86' lang='lat' dir='ltr'><strong>validissima</strong></span> <span class='ocrx_word' id='word_1_36' title='bbox 579 450 660 482; x_wconf 90' lang='lat' dir='ltr'><strong>tum</strong></span> <span class='ocrx_word' id='word_1_37' title='bbox 687 444 775 482; x_wconf 91' lang='lat' dir='ltr'><strong>urbs</strong></span> <span class='ocrx_word' id='word_1_38' title='bbox 804 444 962 482; x_wconf 86' lang='lat' dir='ltr'><strong>AEtoliae</strong></span> <span class='ocrx_word' id='word_1_39' title='bbox 991 451 1093 482; x_wconf 85' lang='lat' dir='ltr'><strong>erat:</strong></span> <span class='ocrx_word' id='word_1_40' title='bbox 1125 446 1198 482; x_wconf 89' lang='lat' dir='ltr'><strong>sita</strong></span> <span class='ocrx_word' id='word_1_41' title='bbox 1226 451 1284 482; x_wconf 89' lang='lat' dir='ltr'><strong>est</strong></span> <span class='ocrx_word' id='word_1_42' title='bbox 1311 456 1424 496; x_wconf 78' lang='lat' dir='ltr'><strong>super</strong></span> 
     </span>
    </p>
   </div>
   <div class='ocr_carea' id='block_1_7' title="bbox 127 512 237 538">
    <p class='ocr_par' dir='ltr' id='par_1_7' title="bbox 127 512 237 538">
     <span class='ocr_line' id='line_1_9' title="bbox 127 512 237 538; baseline 0.009 -1"><span class='ocrx_word' id='word_1_43' title='bbox 127 512 237 538; x_wconf 74' lang='lat' dir='ltr'><strong>tentat.</strong></span> 
     </span>
    </p>
   </div>
   <div class='ocr_carea' id='block_1_8' title="bbox 297 511 1421 2347">
    <p class='ocr_par' dir='ltr' id='par_1_8' title="bbox 297 511 1421 2347">
     <span class='ocr_line' id='line_1_10' title="bbox 317 511 1421 561; baseline -0.003 -11"><span class='ocrx_word' id='word_1_44' title='bbox 317 511 563 550; x_wconf 85' lang='lat' dir='ltr'><strong>Ambracium</strong></span> <span class='ocrx_word' id='word_1_45' title='bbox 581 511 719 554; x_wconf 90' lang='lat' dir='ltr'><strong>sinum,</strong></span> <span class='ocrx_word' id='word_1_46' title='bbox 739 523 857 561; x_wconf 88' lang='lat' dir='ltr'>prope</span> <span class='ocrx_word' id='word_1_47' title='bbox 875 523 1024 548; x_wconf 88' lang='lat' dir='ltr'><strong>amnem</strong></span> <span class='ocrx_word' id='word_1_48' title='bbox 1043 511 1267 549; x_wconf 87' lang='lat' dir='ltr'>Acheloum.</span> <span class='ocrx_word' id='word_1_49' title='bbox 1323 511 1421 548; x_wconf 87' lang='lat' dir='ltr'><strong>Cum</strong></span> 
     </span>
     <span class='ocr_line' id='line_1_11' title="bbox 315 574 1419 625; baseline -0.003 -12"><span class='ocrx_word' id='word_1_50' title='bbox 315 576 444 613; x_wconf 87' lang='lat' dir='ltr'><strong>decem</strong></span> <span class='ocrx_word' id='word_1_51' title='bbox 458 574 623 612; x_wconf 87' lang='lat' dir='ltr'><strong>millibus</strong></span> <span class='ocrx_word' id='word_1_52' title='bbox 638 574 807 624; x_wconf 88' lang='lat' dir='ltr'><strong>peditum</strong></span> <span class='ocrx_word' id='word_1_53' title='bbox 823 586 868 611; x_wconf 92' lang='lat' dir='ltr'><strong>eo</strong></span> <span class='ocrx_word' id='word_1_54' title='bbox 888 575 1078 625; x_wconf 86' lang='lat' dir='ltr'><strong>profectus</strong></span> <span class='ocrx_word' id='word_1_55' title='bbox 1098 581 1156 612; x_wconf 87' lang='lat' dir='ltr'><strong>est</strong></span> <span class='ocrx_word' id='word_1_56' title='bbox 1173 582 1212 612; x_wconf 91' lang='lat' dir='ltr'><strong>et</strong></span> <span class='ocrx_word' id='word_1_57' title='bbox 1230 574 1419 625; x_wconf 80' lang='lat' dir='ltr'><strong>equitibus</strong></span> 
     </span>
     <span class='ocr_line' id='line_1_12' title="bbox 314 638 1418 689; baseline -0.002 -12"><span class='ocrx_word' id='word_1_58' title='bbox 314 639 516 677; x_wconf 84' lang='lat' dir='ltr'><strong>trecentis:</strong></span> <span class='ocrx_word' id='word_1_59' title='bbox 548 650 641 687; x_wconf 93' lang='lat' dir='ltr'><strong>quos</strong></span> <span class='ocrx_word' id='word_1_60' title='bbox 667 638 863 687; x_wconf 88' lang='lat' dir='ltr'><strong>pauciores</strong></span> <span class='ocrx_word' id='word_1_61' title='bbox 888 644 1044 689; x_wconf 86' lang='lat' dir='ltr'><strong>propter</strong></span> <span class='ocrx_word' id='word_1_62' title='bbox 1061 639 1255 688; x_wconf 82' lang='lat' dir='ltr'><strong>angustias</strong></span> <span class='ocrx_word' id='word_1_63' title='bbox 1274 639 1418 675; x_wconf 88' lang='lat' dir='ltr'><strong>viarum</strong></span> 
     </span>
     <span class='ocr_line' id='line_1_13' title="bbox 312 701 1420 754; baseline -0.003 -14"><span class='ocrx_word' id='word_1_64' title='bbox 312 710 352 740; x_wconf 89' lang='lat' dir='ltr'><strong>et</strong></span> <span class='ocrx_word' id='word_1_65' title='bbox 370 703 611 754; x_wconf 86' lang='lat' dir='ltr'><strong>asperitatem</strong></span> <span class='ocrx_word' id='word_1_66' title='bbox 630 701 748 739; x_wconf 84' lang='lat' dir='ltr'><strong>duxit.</strong></span> <span class='ocrx_word' id='word_1_67' title='bbox 803 701 936 739; x_wconf 88' lang='lat' dir='ltr'><strong>Tertio</strong></span> <span class='ocrx_word' id='word_1_68' title='bbox 961 703 1020 739; x_wconf 90' lang='lat' dir='ltr'><strong>die</strong></span> <span class='ocrx_word' id='word_1_69' title='bbox 1048 715 1164 752; x_wconf 87' lang='lat' dir='ltr'><strong>quum</strong></span> <span class='ocrx_word' id='word_1_70' title='bbox 1189 702 1420 753; x_wconf 86' lang='lat' dir='ltr'><strong>pervenisset</strong></span> 
     </span>
     <span class='ocr_line' id='line_1_14' title="bbox 312 765 1418 818; baseline -0.002 -14"><span class='ocrx_word' id='word_1_71' title='bbox 312 768 360 805; x_wconf 82' lang='lat' dir='ltr'><strong>ad</strong></span> <span class='ocrx_word' id='word_1_72' title='bbox 379 767 523 804; x_wconf 87' lang='lat' dir='ltr'><strong>Citium</strong></span> <span class='ocrx_word' id='word_1_73' title='bbox 541 772 725 810; x_wconf 89' lang='lat' dir='ltr'><strong>montem,</strong></span> <span class='ocrx_word' id='word_1_74' title='bbox 745 766 807 803; x_wconf 81' lang='lat' dir='ltr'><strong>vix</strong></span> <span class='ocrx_word' id='word_1_75' title='bbox 826 773 1082 816; x_wconf 83' lang='lat' dir='ltr'><strong>transgressus</strong></span> <span class='ocrx_word' id='word_1_76' title='bbox 1107 772 1266 818; x_wconf 82' lang='lat' dir='ltr'><strong>propter</strong></span> <span class='ocrx_word' id='word_1_77' title='bbox 1288 765 1418 803; x_wconf 74' lang='lat' dir='ltr'><strong>altitu-</strong></span> 
     </span>
     <span class='ocr_line' id='line_1_15' title="bbox 312 829 1418 880; baseline -0.001 -12"><span class='ocrx_word' id='word_1_78' title='bbox 312 831 438 869; x_wconf 87' lang='lat' dir='ltr'><strong>dinem</strong></span> <span class='ocrx_word' id='word_1_79' title='bbox 474 830 585 874; x_wconf 86' lang='lat' dir='ltr'><strong>nivis,</strong></span> <span class='ocrx_word' id='word_1_80' title='bbox 617 829 743 867; x_wconf 91' lang='lat' dir='ltr'><strong>locum</strong></span> <span class='ocrx_word' id='word_1_81' title='bbox 775 843 926 880; x_wconf 89' lang='lat' dir='ltr'><strong>quoque</strong></span> <span class='ocrx_word' id='word_1_82' title='bbox 958 830 1088 867; x_wconf 88' lang='lat' dir='ltr'><strong>castris</strong></span> <span class='ocrx_word' id='word_1_83' title='bbox 1127 842 1226 879; x_wconf 84' lang='lat' dir='ltr'><strong>aegre</strong></span> <span class='ocrx_word' id='word_1_84' title='bbox 1260 829 1418 867; x_wconf 83' lang='lat' dir='ltr'><strong>invenit.</strong></span> 
     </span>
     <span class='ocr_line' id='line_1_16' title="bbox 309 895 1416 945; baseline -0.003 -13"><span class='ocrx_word' id='word_1_85' title='bbox 309 895 508 933; x_wconf 85' lang='lat' dir='ltr'><strong>Profectus</strong></span> <span class='ocrx_word' id='word_1_86' title='bbox 540 895 642 938; x_wconf 89' lang='lat' dir='ltr'><strong>inde,</strong></span> <span class='ocrx_word' id='word_1_87' title='bbox 675 896 793 944; x_wconf 86' lang='lat' dir='ltr'><strong>magis</strong></span> <span class='ocrx_word' id='word_1_88' title='bbox 824 895 913 945; x_wconf 86' lang='lat' dir='ltr'><strong>quia</strong></span> <span class='ocrx_word' id='word_1_89' title='bbox 947 907 1100 931; x_wconf 86' lang='lat' dir='ltr'><strong>manere</strong></span> <span class='ocrx_word' id='word_1_90' title='bbox 1136 906 1218 930; x_wconf 84' lang='lat' dir='ltr'><strong>non-</strong></span> <span class='ocrx_word' id='word_1_91' title='bbox 1250 899 1416 944; x_wconf 79' lang='lat' dir='ltr'><strong>poterat,</strong></span> 
     </span>
     <span class='ocr_line' id='line_1_17' title="bbox 309 958 1414 1009; baseline -0.004 -13"><span class='ocrx_word' id='word_1_92' title='bbox 309 971 424 1008; x_wconf 86' lang='lat' dir='ltr'><strong>quam</strong></span> <span class='ocrx_word' id='word_1_93' title='bbox 449 959 551 1009; x_wconf 89' lang='lat' dir='ltr'><strong>quod</strong></span> <span class='ocrx_word' id='word_1_94' title='bbox 580 958 788 995; x_wconf 86' lang='lat' dir='ltr'><strong>tolerabilis</strong></span> <span class='ocrx_word' id='word_1_95' title='bbox 815 964 881 995; x_wconf 84' lang='lat' dir='ltr'><strong>aut</strong></span> <span class='ocrx_word' id='word_1_96' title='bbox 899 959 959 995; x_wconf 83' lang='lat' dir='ltr'><strong>via</strong></span> <span class='ocrx_word' id='word_1_97' title='bbox 984 965 1051 995; x_wconf 85' lang='lat' dir='ltr'><strong>aut</strong></span> <span class='ocrx_word' id='word_1_98' title='bbox 1076 963 1278 1008; x_wconf 86' lang='lat' dir='ltr'><strong>tempestas</strong></span> <span class='ocrx_word' id='word_1_99' title='bbox 1303 964 1414 1000; x_wconf 75' lang='lat' dir='ltr'><strong>esset,</strong></span> 
     </span>
     <span class='ocr_line' id='line_1_18' title="bbox 307 1021 1416 1074; baseline -0.003 -14"><span class='ocrx_word' id='word_1_100' title='bbox 307 1036 396 1060; x_wconf 88' lang='lat' dir='ltr'><strong>cum</strong></span> <span class='ocrx_word' id='word_1_101' title='bbox 410 1023 557 1073; x_wconf 87' lang='lat' dir='ltr'><strong>ingenti</strong></span> <span class='ocrx_word' id='word_1_102' title='bbox 572 1023 789 1066; x_wconf 83' lang='lat' dir='ltr'><strong>vexatione,</strong></span> <span class='ocrx_word' id='word_1_103' title='bbox 804 1023 993 1074; x_wconf 86' lang='lat' dir='ltr'><strong>praecipue</strong></span> <span class='ocrx_word' id='word_1_104' title='bbox 1004 1022 1280 1072; x_wconf 86' lang='lat' dir='ltr'><strong>jumentorum,</strong></span> <span class='ocrx_word' id='word_1_105' title='bbox 1297 1021 1416 1058; x_wconf 88' lang='lat' dir='ltr'><strong>altero</strong></span> 
     </span>
     <span class='ocr_line' id='line_1_19' title="bbox 309 1084 1417 1136; baseline -0.003 -13"><span class='ocrx_word' id='word_1_106' title='bbox 309 1086 369 1123; x_wconf 86' lang='lat' dir='ltr'><strong>die</strong></span> <span class='ocrx_word' id='word_1_107' title='bbox 388 1086 436 1123; x_wconf 87' lang='lat' dir='ltr'><strong>ad</strong></span> <span class='ocrx_word' id='word_1_108' title='bbox 451 1085 634 1136; x_wconf 88' lang='lat' dir='ltr'><strong>templum</strong></span> <span class='ocrx_word' id='word_1_109' title='bbox 652 1086 773 1130; x_wconf 84' lang='lat' dir='ltr'><strong>Jovis,</strong></span> <span class='ocrx_word' id='word_1_110' title='bbox 795 1099 906 1136; x_wconf 86' lang='lat' dir='ltr'><strong>quem</strong></span> <span class='ocrx_word' id='word_1_111' title='bbox 924 1086 1098 1122; x_wconf 82' lang='lat' dir='ltr'><strong>Nicaeum</strong></span> <span class='ocrx_word' id='word_1_112' title='bbox 1117 1091 1269 1128; x_wconf 82' lang='lat' dir='ltr'><strong>vocant,</strong></span> <span class='ocrx_word' id='word_1_113' title='bbox 1289 1084 1417 1135; x_wconf 81' lang='lat' dir='ltr'><strong>posuit</strong></span> 
     </span>
     <span class='ocr_line' id='line_1_20' title="bbox 309 1148 1416 1197; baseline -0.002 -11"><span class='ocrx_word' id='word_1_114' title='bbox 309 1154 463 1187; x_wconf 77' lang='lat' dir='ltr'><strong>castra.²</strong></span> <span class='ocrx_word' id='word_1_115' title='bbox 499 1149 561 1186; x_wconf 78' lang='lat' dir='ltr'><strong>Ad</strong></span> <span class='ocrx_word' id='word_1_116' title='bbox 581 1149 817 1185; x_wconf 86' lang='lat' dir='ltr'><strong>Arachthum</strong></span> <span class='ocrx_word' id='word_1_117' title='bbox 836 1149 923 1185; x_wconf 89' lang='lat' dir='ltr'><strong>inde</strong></span> <span class='ocrx_word' id='word_1_118' title='bbox 943 1149 1095 1192; x_wconf 84' lang='lat' dir='ltr'><strong>flumen,</strong></span> <span class='ocrx_word' id='word_1_119' title='bbox 1116 1149 1250 1184; x_wconf 87' lang='lat' dir='ltr'><strong>itinere</strong></span> <span class='ocrx_word' id='word_1_120' title='bbox 1270 1148 1416 1197; x_wconf 85' lang='lat' dir='ltr'><strong>ingenti</strong></span> 
     </span>
     <span class='ocr_line' id='line_1_21' title="bbox 308 1212 1415 1257; baseline -0.002 -7"><span class='ocrx_word' id='word_1_121' title='bbox 308 1225 477 1257; x_wconf 84' lang='lat' dir='ltr'><strong>emenso,</strong></span> <span class='ocrx_word' id='word_1_122' title='bbox 510 1218 679 1250; x_wconf 82' lang='lat' dir='ltr'><strong>retentus</strong></span> <span class='ocrx_word' id='word_1_123' title='bbox 715 1212 914 1250; x_wconf 86' lang='lat' dir='ltr'><strong>altitudine</strong></span> <span class='ocrx_word' id='word_1_124' title='bbox 952 1214 1086 1257; x_wconf 83' lang='lat' dir='ltr'><strong>amnis,</strong></span> <span class='ocrx_word' id='word_1_125' title='bbox 1119 1213 1270 1250; x_wconf 86' lang='lat' dir='ltr'><strong>mansit.</strong></span> <span class='ocrx_word' id='word_1_126' title='bbox 1325 1212 1415 1251; x_wconf 84' lang='lat' dir='ltr'><strong>Quo.</strong></span> 
     </span>
     <span class='ocr_line' id='line_1_22' title="bbox 306 1276 1413 1329; baseline -0.001 -16"><span class='ocrx_word' id='word_1_127' title='bbox 306 1277 431 1328; x_wconf 83' lang='lat' dir='ltr'><strong>spatio</strong></span> <span class='ocrx_word' id='word_1_128' title='bbox 450 1277 632 1328; x_wconf 86' lang='lat' dir='ltr'><strong>temporis</strong></span> <span class='ocrx_word' id='word_1_129' title='bbox 651 1284 769 1328; x_wconf 90' lang='lat' dir='ltr'><strong>ponte</strong></span> <span class='ocrx_word' id='word_1_130' title='bbox 788 1277 972 1329; x_wconf 87' lang='lat' dir='ltr'><strong>perfecto,</strong></span> <span class='ocrx_word' id='word_1_131' title='bbox 993 1277 1173 1314; x_wconf 86' lang='lat' dir='ltr'><strong>traductis</strong></span> <span class='ocrx_word' id='word_1_132' title='bbox 1200 1277 1318 1327; x_wconf 87' lang='lat' dir='ltr'><strong>copiis</strong></span> <span class='ocrx_word' id='word_1_133' title='bbox 1339 1276 1413 1312; x_wconf 89' lang='lat' dir='ltr'><strong>diei</strong></span> 
     </span>
     <span class='ocr_line' id='line_1_23' title="bbox 304 1339 1412 1392; baseline -0.002 -14"><span class='ocrx_word' id='word_1_134' title='bbox 304 1353 525 1392; x_wconf 86' lang='lat' dir='ltr'><strong>progressus</strong></span> <span class='ocrx_word' id='word_1_135' title='bbox 545 1341 631 1385; x_wconf 85' lang='lat' dir='ltr'><strong>iter,</strong></span> <span class='ocrx_word' id='word_1_136' title='bbox 652 1341 806 1378; x_wconf 85' lang='lat' dir='ltr'><strong>obvium</strong></span> <span class='ocrx_word' id='word_1_137' title='bbox 823 1341 1094 1378; x_wconf 86' lang='lat' dir='ltr'><strong>Archidamum</strong></span> <span class='ocrx_word' id='word_1_138' title='bbox 1113 1340 1321 1391; x_wconf 87' lang='lat' dir='ltr'><strong>principem</strong></span> <span class='ocrx_word' id='word_1_139' title='bbox 1340 1339 1412 1376; x_wconf 87' lang='lat' dir='ltr'><strong>AE-</strong></span> 
     </span>
     <span class='ocr_line' id='line_1_24' title="bbox 304 1402 1342 1456; baseline -0.002 -15"><span class='ocrx_word' id='word_1_140' title='bbox 304 1404 485 1449; x_wconf 86' lang='lat' dir='ltr'><strong>tolorum,</strong></span> <span class='ocrx_word' id='word_1_141' title='bbox 505 1417 573 1456; x_wconf 86' lang='lat' dir='ltr'><strong>per</strong></span> <span class='ocrx_word' id='word_1_142' title='bbox 592 1405 703 1454; x_wconf 86' lang='lat' dir='ltr'><strong>quem</strong></span> <span class='ocrx_word' id='word_1_143' title='bbox 723 1405 758 1441; x_wconf 89' lang='lat' dir='ltr'><strong>ei</strong></span> <span class='ocrx_word' id='word_1_144' title='bbox 777 1405 925 1442; x_wconf 88' lang='lat' dir='ltr'><strong>Stratus</strong></span> <span class='ocrx_word' id='word_1_145' title='bbox 943 1404 1176 1447; x_wconf 83' lang='lat' dir='ltr'><strong>tradebatur,</strong></span> <span class='ocrx_word' id='word_1_146' title='bbox 1197 1402 1342 1440; x_wconf 88' lang='lat' dir='ltr'><strong>habuit.</strong></span> 
     </span>
     <span class='ocr_line' id='line_1_25' title="bbox 354 1468 1411 1518; baseline -0.001 -12"><span class='ocrx_word' id='word_1_147' title='bbox 354 1468 496 1507; x_wconf 84' lang='lat' dir='ltr'>XXII.</span> <span class='ocrx_word' id='word_1_148' title='bbox 523 1469 584 1506; x_wconf 92' lang='lat' dir='ltr'><strong>Eo</strong></span> <span class='ocrx_word' id='word_1_149' title='bbox 603 1469 662 1506; x_wconf 83' lang='lat' dir='ltr'><strong>die</strong></span> <span class='ocrx_word' id='word_1_150' title='bbox 680 1469 728 1506; x_wconf 86' lang='lat' dir='ltr'><strong>ad</strong></span> <span class='ocrx_word' id='word_1_151' title='bbox 747 1468 859 1505; x_wconf 87' lang='lat' dir='ltr'><strong>finem</strong></span> <span class='ocrx_word' id='word_1_152' title='bbox 878 1470 959 1518; x_wconf 88' lang='lat' dir='ltr'><strong>agri</strong></span> <span class='ocrx_word' id='word_1_153' title='bbox 977 1468 1100 1505; x_wconf 85' lang='lat' dir='ltr'><strong>AEtoli</strong></span> <span class='ocrx_word' id='word_1_154' title='bbox 1122 1475 1245 1505; x_wconf 81' lang='lat' dir='ltr'><strong>castra</strong></span> <span class='ocrx_word' id='word_1_155' title='bbox 1273 1469 1411 1518; x_wconf 76' lang='lat' dir='ltr'><strong>posita.</strong></span> 
     </span>
     <span class='ocr_line' id='line_1_26' title="bbox 301 1531 1410 1582; baseline 0 -14"><span class='ocrx_word' id='word_1_156' title='bbox 301 1532 397 1573; x_wconf 79' lang='lat' dir='ltr'><strong>Inde</strong></span> <span class='ocrx_word' id='word_1_157' title='bbox 415 1532 535 1569; x_wconf 87' lang='lat' dir='ltr'><strong>altero</strong></span> <span class='ocrx_word' id='word_1_158' title='bbox 555 1532 617 1569; x_wconf 83' lang='lat' dir='ltr'><strong>die</strong></span> <span class='ocrx_word' id='word_1_159' title='bbox 641 1532 689 1569; x_wconf 90' lang='lat' dir='ltr'><strong>ad</strong></span> <span class='ocrx_word' id='word_1_160' title='bbox 715 1532 884 1568; x_wconf 85' lang='lat' dir='ltr'><strong>Stratum</strong></span> <span class='ocrx_word' id='word_1_161' title='bbox 909 1537 1153 1582; x_wconf 84' lang='lat' dir='ltr'><strong>perventum:</strong></span> <span class='ocrx_word' id='word_1_162' title='bbox 1186 1531 1264 1574; x_wconf 90' lang='lat' dir='ltr'><strong>ubi,</strong></span> <span class='ocrx_word' id='word_1_163' title='bbox 1291 1544 1410 1582; x_wconf 83' lang='lat' dir='ltr'><strong>prope</strong></span> 
     </span>
     <span class='ocr_line' id='line_1_27' title="bbox 301 1594 1411 1645; baseline -0.001 -13"><span class='ocrx_word' id='word_1_164' title='bbox 301 1594 515 1632; x_wconf 85' lang='lat' dir='ltr'><strong>Acheloum</strong></span> <span class='ocrx_word' id='word_1_165' title='bbox 535 1607 683 1632; x_wconf 87' lang='lat' dir='ltr'><strong>amnem</strong></span> <span class='ocrx_word' id='word_1_166' title='bbox 704 1595 835 1631; x_wconf 73' lang='lat' dir='ltr'><strong>eastris</strong></span> <span class='ocrx_word' id='word_1_167' title='bbox 853 1595 1003 1645; x_wconf 80' lang='lat' dir='ltr'><strong>positiS,</strong></span> <span class='ocrx_word' id='word_1_168' title='bbox 1025 1607 1138 1644; x_wconf 90' lang='lat' dir='ltr'><strong>quum</strong></span> <span class='ocrx_word' id='word_1_169' title='bbox 1160 1601 1411 1645; x_wconf 82' lang='lat' dir='ltr'><strong>exspectaret,</strong></span> 
     </span>
     <span class='ocr_line' id='line_1_28' title="bbox 303 1658 1411 1709; baseline 0 -14"><span class='ocrx_word' id='word_1_170' title='bbox 303 1659 438 1696; x_wconf 69' lang='lat' dir='ltr'><strong>effusos</strong></span> <span class='ocrx_word' id='word_1_171' title='bbox 471 1658 648 1696; x_wconf 87' lang='lat' dir='ltr'><strong>omnibus</strong></span> <span class='ocrx_word' id='word_1_172' title='bbox 674 1659 794 1709; x_wconf 88' lang='lat' dir='ltr'><strong>portis</strong></span> <span class='ocrx_word' id='word_1_173' title='bbox 814 1659 968 1696; x_wconf 85' lang='lat' dir='ltr'><strong>AEtolos</strong></span> <span class='ocrx_word' id='word_1_174' title='bbox 995 1660 1034 1696; x_wconf 75' lang='lat' dir='ltr'><strong>in</strong></span> <span class='ocrx_word' id='word_1_175' title='bbox 1061 1659 1169 1696; x_wconf 85' lang='lat' dir='ltr'><strong>fidem</strong></span> <span class='ocrx_word' id='word_1_176' title='bbox 1196 1671 1301 1695; x_wconf 89' lang='lat' dir='ltr'><strong>suam</strong></span> <span class='ocrx_word' id='word_1_177' title='bbox 1319 1671 1411 1695; x_wconf 86' lang='lat' dir='ltr'><strong>ven-</strong></span> 
     </span>
     <span class='ocr_line' id='line_1_29' title="bbox 301 1722 1410 1774; baseline 0 -15"><span class='ocrx_word' id='word_1_178' title='bbox 301 1731 421 1767; x_wconf 76' lang='lat' dir='ltr'><strong>turos,</strong></span> <span class='ocrx_word' id='word_1_179' title='bbox 439 1722 583 1760; x_wconf 81' lang='lat' dir='ltr'><strong>clausas</strong></span> <span class='ocrx_word' id='word_1_180' title='bbox 603 1730 747 1773; x_wconf 89' lang='lat' dir='ltr'><strong>portas,</strong></span> <span class='ocrx_word' id='word_1_181' title='bbox 765 1730 878 1773; x_wconf 84' lang='lat' dir='ltr'><strong>atque</strong></span> <span class='ocrx_word' id='word_1_182' title='bbox 898 1725 980 1774; x_wconf 87' lang='lat' dir='ltr'><strong>ipsa</strong></span> <span class='ocrx_word' id='word_1_183' title='bbox 995 1736 1040 1760; x_wconf 90' lang='lat' dir='ltr'><strong>ea</strong></span> <span class='ocrx_word' id='word_1_184' title='bbox 1058 1730 1184 1766; x_wconf 77' lang='lat' dir='ltr'><strong>nocte,</strong></span> <span class='ocrx_word' id='word_1_185' title='bbox 1205 1736 1279 1772; x_wconf 88' lang='lat' dir='ltr'><strong>qua</strong></span> <span class='ocrx_word' id='word_1_186' title='bbox 1297 1735 1410 1759; x_wconf 88' lang='lat' dir='ltr'><strong>vene-</strong></span> 
     </span>
     <span class='ocr_line' id='line_1_30' title="bbox 300 1785 1408 1837; baseline -0.002 -14"><span class='ocrx_word' id='word_1_187' title='bbox 300 1793 372 1830; x_wconf 76' lang='lat' dir='ltr'><strong>rat,</strong></span> <span class='ocrx_word' id='word_1_188' title='bbox 390 1793 584 1837; x_wconf 81' lang='lat' dir='ltr'><strong>receptum</strong></span> <span class='ocrx_word' id='word_1_189' title='bbox 601 1786 819 1823; x_wconf 83' lang='lat' dir='ltr'><strong>Romanum</strong></span> <span class='ocrx_word' id='word_1_190' title='bbox 840 1787 1055 1837; x_wconf 86' lang='lat' dir='ltr'><strong>praesidium</strong></span> <span class='ocrx_word' id='word_1_191' title='bbox 1073 1799 1158 1824; x_wconf 83' lang='lat' dir='ltr'><strong>cum</strong></span> <span class='ocrx_word' id='word_1_192' title='bbox 1180 1786 1222 1823; x_wconf 88' lang='lat' dir='ltr'><strong>C.</strong></span> <span class='ocrx_word' id='word_1_193' title='bbox 1243 1785 1408 1836; x_wconf 86' lang='lat' dir='ltr'><strong>Popillio</strong></span> 
     </span>
     <span class='ocr_line' id='line_1_31' title="bbox 300 1849 1407 1900; baseline -0.001 -14"><span class='ocrx_word' id='word_1_194' title='bbox 300 1850 425 1899; x_wconf 83' lang='lat' dir='ltr'><strong>legato</strong></span> <span class='ocrx_word' id='word_1_195' title='bbox 445 1849 602 1887; x_wconf 84' lang='lat' dir='ltr'><strong>invenit.</strong></span> <span class='ocrx_word' id='word_1_196' title='bbox 657 1849 867 1900; x_wconf 88' lang='lat' dir='ltr'><strong>Principes,</strong></span> <span class='ocrx_word' id='word_1_197' title='bbox 888 1850 952 1899; x_wconf 91' lang='lat' dir='ltr'><strong>qui</strong></span> <span class='ocrx_word' id='word_1_198' title='bbox 971 1850 1166 1900; x_wconf 75' lang='lat' dir='ltr'><strong>praesentis</strong></span> <span class='ocrx_word' id='word_1_199' title='bbox 1186 1850 1407 1886; x_wconf 83' lang='lat' dir='ltr'><strong>Archidami</strong></span> 
     </span>
     <span class='ocr_line' id='line_1_32' title="bbox 301 1913 1408 1963; baseline 0.001 -14"><span class='ocrx_word' id='word_1_200' title='bbox 301 1914 526 1950; x_wconf 83' lang='lat' dir='ltr'><strong>auctoritate</strong></span> <span class='ocrx_word' id='word_1_201' title='bbox 563 1913 748 1963; x_wconf 88' lang='lat' dir='ltr'><strong>compulsi</strong></span> <span class='ocrx_word' id='word_1_202' title='bbox 784 1925 911 1962; x_wconf 86' lang='lat' dir='ltr'><strong>regem</strong></span> <span class='ocrx_word' id='word_1_203' title='bbox 957 1914 1217 1957; x_wconf 75' lang='lat' dir='ltr'><strong>arcessieram,</strong></span> <span class='ocrx_word' id='word_1_204' title='bbox 1255 1913 1408 1950; x_wconf 84' lang='lat' dir='ltr'><strong>obviam</strong></span> 
     </span>
     <span class='ocr_line' id='line_1_33' title="bbox 299 1977 1406 2026; baseline 0 -12"><span class='ocrx_word' id='word_1_205' title='bbox 299 1989 452 2026; x_wconf 76' lang='lat' dir='ltr'><strong>egresso</strong></span> <span class='ocrx_word' id='word_1_206' title='bbox 479 1977 711 2013; x_wconf 88' lang='lat' dir='ltr'><strong>Archidamo</strong></span> <span class='ocrx_word' id='word_1_207' title='bbox 741 1978 933 2025; x_wconf 79' lang='lat' dir='ltr'><strong>segniores</strong></span> <span class='ocrx_word' id='word_1_208' title='bbox 959 1977 1065 2021; x_wconf 88' lang='lat' dir='ltr'><strong>facti,</strong></span> <span class='ocrx_word' id='word_1_209' title='bbox 1092 1977 1218 2014; x_wconf 85' lang='lat' dir='ltr'><strong>locum</strong></span> <span class='ocrx_word' id='word_1_210' title='bbox 1242 1978 1406 2014; x_wconf 81' lang='lat' dir='ltr'><strong>adversae</strong></span> 
     </span>
     <span class='ocr_line' id='line_1_34' title="bbox 298 2040 1404 2092; baseline -0.002 -13"><span class='ocrx_word' id='word_1_211' title='bbox 298 2042 458 2079; x_wconf 70' lang='lat' dir='ltr'><strong>factioni</strong></span> <span class='ocrx_word' id='word_1_212' title='bbox 483 2041 663 2078; x_wconf 88' lang='lat' dir='ltr'><strong>dederant</strong></span> <span class='ocrx_word' id='word_1_213' title='bbox 688 2041 734 2078; x_wconf 91' lang='lat' dir='ltr'><strong>ad</strong></span> <span class='ocrx_word' id='word_1_214' title='bbox 760 2041 965 2092; x_wconf 81' lang='lat' dir='ltr'><strong>Popillium</strong></span> <span class='ocrx_word' id='word_1_215' title='bbox 992 2054 1077 2078; x_wconf 86' lang='lat' dir='ltr'><strong>cum</strong></span> <span class='ocrx_word' id='word_1_216' title='bbox 1095 2040 1196 2077; x_wconf 87' lang='lat' dir='ltr'><strong>mille</strong></span> <span class='ocrx_word' id='word_1_217' title='bbox 1215 2041 1404 2091; x_wconf 85' lang='lat' dir='ltr'><strong>peditibus</strong></span> 
     </span>
     <span class='ocr_line' id='line_1_35' title="bbox 298 2105 1405 2157; baseline 0 -15"><span class='ocrx_word' id='word_1_218' title='bbox 298 2105 346 2142; x_wconf 84' lang='lat' dir='ltr'><strong>ab</strong></span> <span class='ocrx_word' id='word_1_219' title='bbox 365 2105 570 2143; x_wconf 86' lang='lat' dir='ltr'><strong>Ambracia</strong></span> <span class='ocrx_word' id='word_1_220' title='bbox 588 2105 863 2143; x_wconf 75' lang='lat' dir='ltr'><strong>arcessendum.</strong></span> <span class='ocrx_word' id='word_1_221' title='bbox 920 2106 970 2142; x_wconf 78' lang='lat' dir='ltr'><strong>In</strong></span> <span class='ocrx_word' id='word_1_222' title='bbox 996 2112 1166 2157; x_wconf 81' lang='lat' dir='ltr'><strong>tempore</strong></span> <span class='ocrx_word' id='word_1_223' title='bbox 1196 2113 1234 2142; x_wconf 86' lang='lat' dir='ltr'><strong>et</strong></span> <span class='ocrx_word' id='word_1_224' title='bbox 1262 2105 1405 2142; x_wconf 89' lang='lat' dir='ltr'><strong>Dinar-</strong></span> 
     </span>
     <span class='ocr_line' id='line_1_36' title="bbox 298 2169 1406 2219; baseline 0.001 -14"><span class='ocrx_word' id='word_1_225' title='bbox 298 2169 404 2212; x_wconf 83' lang='lat' dir='ltr'><strong>cbuS,</strong></span> <span class='ocrx_word' id='word_1_226' title='bbox 421 2169 619 2219; x_wconf 84' lang='lat' dir='ltr'><strong>praefectus</strong></span> <span class='ocrx_word' id='word_1_227' title='bbox 640 2171 808 2218; x_wconf 87' lang='lat' dir='ltr'><strong>equitum</strong></span> <span class='ocrx_word' id='word_1_228' title='bbox 830 2170 951 2219; x_wconf 85' lang='lat' dir='ltr'><strong>gentis</strong></span> <span class='ocrx_word' id='word_1_229' title='bbox 968 2169 1202 2213; x_wconf 82' lang='lat' dir='ltr'><strong>AEtolorum‚</strong></span> <span class='ocrx_word' id='word_1_230' title='bbox 1219 2182 1303 2207; x_wconf 88' lang='lat' dir='ltr'><strong>cum</strong></span> <span class='ocrx_word' id='word_1_231' title='bbox 1319 2182 1406 2207; x_wconf 86' lang='lat' dir='ltr'><strong>sex·</strong></span> 
     </span>
     <span class='ocr_line' id='line_1_37' title="bbox 297 2232 1407 2282; baseline 0.002 -14"><span class='ocrx_word' id='word_1_232' title='bbox 297 2233 416 2268; x_wconf 85' lang='lat' dir='ltr'><strong>centis</strong></span> <span class='ocrx_word' id='word_1_233' title='bbox 451 2232 638 2282; x_wconf 84' lang='lat' dir='ltr'><strong>peditibus</strong></span> <span class='ocrx_word' id='word_1_234' title='bbox 668 2240 705 2269; x_wconf 92' lang='lat' dir='ltr'><strong>et</strong></span> <span class='ocrx_word' id='word_1_235' title='bbox 735 2233 923 2282; x_wconf 77' lang='lat' dir='ltr'><strong>equitibus</strong></span> <span class='ocrx_word' id='word_1_236' title='bbox 953 2241 1102 2270; x_wconf 88' lang='lat' dir='ltr'><strong>centum</strong></span> <span class='ocrx_word' id='word_1_237' title='bbox 1133 2234 1247 2270; x_wconf 84' lang='lat' dir='ltr'><strong>venit.</strong></span> <span class='ocrx_word' id='word_1_238' title='bbox 1305 2233 1407 2270; x_wconf 80' lang='lat' dir='ltr'><strong>Satis</strong></span> 
     </span>
     <span class='ocr_line' id='line_1_38' title="bbox 298 2295 1400 2347; baseline 0.002 -16"><span class='ocrx_word' id='word_1_239' title='bbox 298 2295 512 2341; x_wconf 67' lang='lat' dir='ltr'><strong>constabat,</strong></span> <span class='ocrx_word' id='word_1_240' title='bbox 550 2309 650 2342; x_wconf 78' lang='lat' dir='ltr'><strong>eum,</strong></span> <span class='ocrx_word' id='word_1_241' title='bbox 687 2303 881 2347; x_wconf 83' lang='lat' dir='ltr'><strong>tamquam</strong></span> <span class='ocrx_word' id='word_1_242' title='bbox 914 2297 959 2334; x_wconf 83' lang='lat' dir='ltr'><strong>ad</strong></span> <span class='ocrx_word' id='word_1_243' title='bbox 997 2297 1134 2335; x_wconf 83' lang='lat' dir='ltr'><strong>Persea</strong></span> <span class='ocrx_word' id='word_1_244' title='bbox 1171 2297 1400 2341; x_wconf 73' lang='lat' dir='ltr'><strong>tendentem,</strong></span> 
     </span>
    </p>
   </div>
  </div>
 </body>
</html>
