1546 2648
376 161 529 191 LIBER
553 159 635 188 xn-
669 159 777 187 CAP.
800 159 1007 189 xxxvu.
1153 151 1230 193 261

125 250 223 287 eules
242 249 454 287 venissent:
487 255 568 285 tum
596 248 838 299 imperatum,
858 254 914 292 ut,
935 248 1102 292 dimisso,
1124 263 1235 300 quem
1249 257 1341 288 U.C.
1355 263 1429 293 ⁵72.

126 314 323 357 haberent,
345 314 526 356 exercitu,
547 319 825 349 reverterentur
854 311 1030 349 Romam.
1086 314 1148 350 De
1176 315 1237 353 Ti.
1251 303 1290 332 Α·
1305 301 1343 332 C·
1359 308 1431 332 ¹⁸0‘

129 377 342 427 Sempronii
358 376 493 413 deinde.
513 376 680 412 exercitu
701 383 828 411 actum
847 381 927 411 est:
959 388 1096 412 novam
1117 377 1238 427 legio-

127 453 213 476 nem
245 441 280 477 ei
312 441 479 489 quinque
517 439 675 475 millium
711 446 748 475 et
785 439 1034 475 ducentorum
1069 442 1238 490 peditum

118 519 209 542 cum
231 507 419 556 equitibus
440 506 725 555 quadringentis
747 505 919 542 consules
941 505 1103 543 scribere
1115 506 1236 556 jussi;

127 576 164 606 et
181 570 282 606 mille
298 577 479 621 praeterea
494 571 661 621 peditum
678 571 816 606 civium
831 569 1110 613 Romanorum,
1127 572 1238 619 quin·

126 636 309 684 quaginta
337 636 481 684 equites
502 649 508 670 :
541 641 580 671 et
608 635 721 670 sociis
742 646 762 670 e
782 635 936 670 nomine
956 634 1099 670 Latino
1120 636 1239 685 impe-

126 711 210 734 rare
239 706 382 749 septem
402 699 521 735 millia
538 699 722 749 peditum,
742 704 933 734 trecentos
954 699 1097 748 equites
1114 715 1121 735 :
1154 713 1241 737 cum

126 762 200 797 hoc
230 763 396 799 exercitu
427 762 571 813 placuit
603 763 657 798 ire
691 763 729 798 in
760 761 989 812 Hispaniam
1026 763 1241 800 citeriorem
1293 766 1299 770 ’

125 825 185 862 Ti.
222 827 498 876 Sempronium.
556 827 604 866 Q.
638 826 772 863 Fulvio
809 828 1048 877 permissum,
1083 833 1137 870 ut,
1176 827 1241 876 qui

125 888 279 932 milites,
300 896 388 926 ante
409 890 472 940 Sp.
493 889 747 932 Postumium,
771 891 822 926 Q.
841 890 1031 925 {Marcium
1049 890 1238 934 consules,

126 953 224 988 cives
245 952 412 989 Romani
432 953 586 995 sociive,
607 953 646 988 in
664 952 891 1002 Hispaniam
911 954 1159 1002 transportati
1180 966 1239 989 es-

127 1022 225 1059 sent,
254 1023 290 1053 et
315 1024 511 1067 praeterea,
538 1016 802 1067 supplemento
829 1017 1006 1058 adducto,
1036 1023 1130 1065 quot
1159 1030 1239 1053 am-

125 1079 224 1130 plius
244 1081 388 1117 duabus
408 1081 636 1131 legionibus,
654 1094 766 1130 quam
786 1081 913 1117 decem
935 1080 1066 1123 millia,
1089 1087 1126 1117 et
1146 1095 1238 1129 qua-

127 1144 314 1192 dringenti
336 1146 495 1195 pedites,
516 1145 685 1181 sexcenti
701 1144 845 1193 equites
863 1150 1010 1189 essent,
1036 1152 1073 1180 et
1093 1144 1238 1181 sociam

126 1207 257 1244 Latini
291 1210 455 1245 nominis
485 1209 681 1245 duodecim
713 1208 845 1252 millia,
877 1208 1046 1244 sexcenti
1079 1210 1239 1257 equite3‚

127 1285 286 1321 quorum
306 1273 398 1309 forti
417 1286 532 1323 opera
547 1273 694 1309 duobus
711 1273 887 1308 adversus
905 1272 1118 1308 Celtiberos
1140 1286 1242 1322 proe-

125 1335 185 1372 liis
220 1348 306 1371 usus
336 1337 384 1376 Q.
404 1336 558 1372 Fulvius
583 1343 695 1379 esset,
728 1348 807 1378 eos,
828 1336 859 1371 si
884 1335 1087 1378 videretur,
1113 1348 1243 1373 secum

128 1399 355 1450 deportaret.
396 1401 449 1437 Et
468 1400 763 1451 supplicationes
785 1400 959 1442 decretae,
981 1400 1081 1448 quod
1100 1401 1130 1435 is
1151 1413 1240 1450 pro-

127 1476 233 1513 spere
262 1464 533 1514 rempublicam
563 1465 763 1512 gessisset:
798 1470 836 1499 et
866 1464 980 1499 ceteri
1001 1471 1180 1513 praetores
1201 1465 1240 1501 in

125 1529 338 1577 provincias
362 1530 479 1566 missi.
535 1529 584 1568 Q.
604 1528 726 1564 Fabio
745 1527 914 1563 Buteoni
934 1534 1181 1577 prorogatum
1200 1529 1240 1566 in

128 1590 253 1627 Gallia
274 1592 468 1641 imperium
490 1598 558 1629 est.
615 1591 717 1626 Octo
738 1590 920 1639 legiones,
940 1598 1078 1640 praeter
1098 1593 1241 1628 exerci-

126 1661 209 1691 tum
241 1662 420 1699 veterem,
451 1657 515 1705 qui
545 1657 583 1691 in
612 1654 817 1704 Liguribus
855 1655 892 1690 in
931 1666 996 1704 spe
1028 1658 1242 1705 propinqua

129 1719 319 1755 missionis
341 1727 462 1763 erant,
484 1733 528 1756 eo
550 1733 651 1756 anno
672 1732 752 1755 esse
772 1718 937 1769 piacuit:
970 1726 1008 1754 et
1028 1720 1056 1754 is
1078 1720 1158 1769 ipse
1177 1733 1242 1756 ex-„

128 1784 264 1820 ercitus
296 1797 394 1833 aegre
423 1784 645 1834 explebatur
673 1790 830 1833 propter
859 1783 1129 1833 pestilentiam,
1161 1797 1244 1833 quae

122 1845 206 1896 jam
224 1848 379 1883 tertium
399 1860 540 1884 annum
562 1847 691 1883 urbem
711 1846 930 1883 Romanam
950 1853 1064 1895 atque
1090 1847 1244 1884 ltaliam

129 1910 316 1947 vastabat.
1215 1909 1220 1912 ’

193 1973 410 2010 XXXVII.
446 1974 593 2010 Praetor
631 1974 690 2010 Ti.
712 1973 922 2016 Minucius,
962 1979 999 2009 et
1045 1973 1147 2008 haud
1189 1974 1244 2010 ita

129 2037 250 2074 multo
280 2045 368 2088 post
387 2039 520 2075 consul
551 2039 594 2090 C.
614 2039 842 2088 Calpurnius
863 2038 1037 2080 moritur,
1059 2037 1243 2086 multique

131 2101 194 2138 alii
214 2103 381 2139 omnium
411 2103 588 2139 ordinum
617 2102 794 2138 inlustres
816 2102 908 2137 viri:
940 2108 1134 2150 poztremo
1155 2114 1243 2151 pro-

129 2168 221 2216 digii
251 2167 336 2204 loco
356 2182 400 2204 ea
420 2169 542 2205 clades
562 2168 694 2204 haberi
727 2175 852 2217 coepta
872 2172 940 2202 est.
1000 2165 1043 2201 C.
1066 2164 1244 2200 Servilius

128 2230 302 2281 pontifex
323 2232 504 2268 maximus
525 2231 675 2281 piacula
694 2233 758 2267 irae
774 2230 902 2266 Defim
924 2228 1147 2277 conquirere
1161 2227 1246 2276 jus-

128 2305 205 2338 sus,
225 2294 426 2331 decemviri
445 2293 562 2331 libros
582 2295 784 2345 inspicere,
801 2291 936 2331 consul
952 2290 1139 2342 Apollini,
1158 2289 1248 2325 AEs-
