1546 2648
152 262 245 300 U·C·
261 271 333 301 εει.

147 308 190 341 Δ.
206 307 244 342 C.
261 314 332 346 171.

343 160 428 216 366
476 171 480 177 ·
772 173 818 202 Τ.
852 173 984 203 mvn

345 261 566 303 nunciatum
597 267 690 305 erat,
718 262 955 312 respondisse
986 262 1147 312 legatos,
1179 264 1450 316 adpariturum,

345 324 482 375 quibus
512 325 660 376 populis
691 328 842 376 proprie
868 327 1088 364 societatem
1114 341 1197 365 cum
1228 341 1316 378 rege
1338 328 1452 379 Jungi

342 388 606 439 displicuisset.
662 389 780 426 Primi
809 403 832 426 a
862 390 1071 428 Chaeronea
1097 391 1228 440 legati,
1263 392 1453 435 deindea

341 453 500 497 Thebis,
517 454 555 494 in
575 455 658 505 ipso
679 455 812 491 itinere
832 455 1096 500 obcurrerunt,
1111 456 1352 493 adfirmantes
1372 468 1451 493 non

340 517 557 555 interfuisse
572 530 625 562 se,
640 531 715 567 quo
732 519 892 556 societas
909 533 953 556 ea
968 520 1118 557 decreta
1133 529 1246 565 esset,
1263 521 1446 557 concilio:

338 581 440 631 quis,
457 581 587 630 legati,
609 581 714 618 nullo
733 583 772 618 in
792 584 993 631 praesentia
1010 596 1193 634 responso
1211 586 1316 628 dato,
1334 581 1452 621 Chal·

341 646 462 683 cidem
483 658 522 682 se
541 646 646 694 sequi
665 645 874 695 jusserunt.
929 647 1072 683 Thebis
1095 649 1449 696 magna-contentio

342 715 427 748 orta
469 714 550 746 erat
586 722 633 747 ex
666 709 742 746 alio
777 711 994 748 certamine.
1052 711 1227 748 Comitiis
1263 711 1449 762 praetoriis

338 773 568 811 Boeotorum
593 773 693 809 victa
718 785 818 823 pars,
846 772 1023 823 injuriam
1049 787 1292 825 persequens,
1315 781 1450 817 coacta

335 836 581 876 multitudine
610 837 800 874 decretum
830 837 922 875 fecit
946 837 1104 883 Thebis,
1129 852 1178 877 ne
1204 839 1447 879 Boeotarchae

337 900 495 940 urbibus
539 901 808 952 reciperentur.
864 901 1025 939 Exsules
1061 903 1246 955 Thespias
1282 904 1449 941 universi

337 971 628 1004 concesserunt:
659 965 746 1002 inde
779 966 939 1016 (recepti
967 967 1069 1005 enim
1097 968 1178 1005 sine
1203 968 1447 1008 cunctatione

337 1030 463 1077 erant)
484 1029 652 1073 Thebas,
666 1028 750 1080 jam
774 1030 930 1067 mutatis
956 1031 1106 1074 animis,
1126 1032 1293 1069 revocati
1318 1032 1446 1070 decre-

335 1101 419 1133 tum
437 1095 597 1137 faciunt,
615 1101 656 1131 ut
674 1094 888 1138 duodecim,
905 1095 970 1145 qui
987 1096 1125 1146 privati
1145 1103 1287 1133 coetum
1301 1102 1339 1132 et
1354 1107 1447 1133 con-

335 1158 466 1196 cilium
490 1157 728 1201 habuissent,
749 1157 882 1195 exsilio
904 1158 1167 1196 multarentur.
1221 1157 1356 1196 Novus
1383 1159 1448 1198 de·

335 1222 424 1259 inde
443 1229 583 1273 praetor
605 1221 808 1271 (Ismenias
826 1222 858 1258 is
878 1227 972 1265 erat,
992 1223 1050 1258 vir
1067 1222 1206 1260 nobilis
1225 1236 1270 1260 ac
1289 1224 1447 1274 potens)

335 1287 508 1338 capitalis
528 1299 652 1337 poenae
671 1285 845 1323 absentes
865 1298 930 1322 eos
950 1286 1100 1323 decreto
1119 1287 1285 1324 damnat.
1329 1287 1445 1324 Chal-

333 1352 458 1388 cidem
486 1351 686 1400 fugerant:
718 1349 806 1389 inde
835 1350 881 1386 ad
908 1349 1106 1387 Romanos
1133 1350 1326 1388 Larissam
1353 1363 1443 1402 pro·

334 1416 440 1459 fecti,
466 1427 638 1451 caussam
666 1426 751 1450 cum
779 1413 919 1451 Perseo
948 1416 1140 1452 societatis
1169 1417 1210 1452 iu
1238 1415 1444 1452 Ismeniam
1485 1419 1487 1421 ’

334 1478 588 1518 contulerant.
623 1478 686 1515 Ex
704 1479 950 1516 contentione
969 1486 1094 1516 ortum
1115 1486 1326 1516 certamen:
1349 1480 1444 1516 utri-

334 1557 455 1594 usque
472 1550 600 1580 tamen
625 1543 742 1593 partis
768 1542 883 1591 legati
903 1543 950 1579 ad
968 1543 1166 1581 Romanos
1187 1550 1385 1588 venerunt,
1405 1550 1443 1587 et

333 1608 481 1646 exsules
501 1613 813 1656 accusatoresque
832 1606 1022 1652 Ismeniae,
1043 1615 1081 1644 et
1099 1607 1283 1644 Ismenias
1303 1608 1396 1658 ipse.

386 1672 535 1710 XLIV.
563 1671 783 1712 Chalcidem
809 1677 852 1707 ut
870 1681 1023 1708 ventum
1043 1679 1113 1716 est,
1134 1671 1290 1709 aliarum
1310 1673 1442 1710 civita-

332 1738 428 1776 tium
448 1737 651 1788 principes,
672 1737 709 1773 id
729 1737 830 1785 quod
845 1737 1010 1779 maxime
1026 1743 1178 1785 gratum
1196 1742 1277 1772 erat
1295 1735 1441 1775 Roma-

330 1803 405 1846 nis,
431 1815 501 1839 suo
529 1802 669 1851 quique
697 1801 852 1851 proprio
881 1801 1033 1836 decreto
1062 1800 1189 1837 Persei
1218 1801 1439 1837 societatem

331 1866 562 1916 adspernati‚
578 1864 763 1903 Romanis
781 1876 820 1900 se
839 1863 1120 1914 adjungebant:
1145 1863 1327 1903 Ismenias
1346 1878 1440 1915 gen-

328 1936 408 1967 tem
436 1929 664 1967 Boeotorum
693 1930 732 1965 in
758 1928 868 1965 fidem
897 1927 1161 1965 Romanorum
1189 1930 1358 1978 permitti
1388 1943 1438 1966 ae-

327 2008 446 2045 quum
464 1994 662 2032 censebat:
684 1994 771 2030 inde
789 1994 996 2030 certamine
1012 2002 1112 2036 orto,
1128 1994 1201 2030 nisi
1216 1994 1255 2030 in
1270 1993 1438 2030 tribunal

326 2059 540 2108 legatorum
560 2059 801 2109 perfugisset,
822 2057 922 2094 haud
942 2057 1102 2094 multum
1121 2057 1257 2100 abfuit,
1278 2058 1367 2107 quin
1388 2057 1436 2095 ab

325 2123 520 2160 exsulibus
539 2123 826 2171 fautoribusque
846 2134 976 2159 eorum
995 2121 1280 2158 interficeretur.
1333 2121 1436 2158 The-

326 2186 385 2224 bae
404 2198 554 2236 quoque
573 2187 677 2236 ipsae,
699 2186 801 2235 quod
819 2186 982 2222 Boeotiae
1002 2191 1116 2235 caput
1135 2190 1206 2227 est,
1227 2185 1267 2221 in
1292 2197 1434 2234 magno

325 2250 493 2288 tumultu
512 2256 633 2293 eraut,
654 2250 736 2288 aliis
757 2250 803 2287 ad
822 2262 949 2299 regem
969 2249 1208 2286 trahentibus
1227 2249 1432 2293 civitatem,

328 2317 410 2355 aliis
431 2317 475 2355 ad
496 2316 693 2355 Romanos
710 2331 718 2353 z
742 2323 779 2354 et
800 2315 912 2353 turba
931 2316 1203 2353 Coronaeorum
1224 2313 1433 2352 Haliartio-
