<?xml version="1.0" encoding="UTF-8"?>
<!DOCTYPE html PUBLIC "-//W3C//DTD XHTML 1.0 Transitional//EN"
    "http://www.w3.org/TR/xhtml1/DTD/xhtml1-transitional.dtd">
<html xmlns="http://www.w3.org/1999/xhtml" xml:lang="en" lang="en">
 <head>
  <title>
</title>
<meta http-equiv="Content-Type" content="text/html;charset=utf-8" />
  <meta name='ocr-system' content='tesseract 3.04.00' />
  <meta name='ocr-capabilities' content='ocr_page ocr_carea ocr_par ocr_line ocrx_word'/>
</head>
<body>
  <div class='ocr_page' id='page_1' title='image "./historiarumquaes04livyuoft/historiarumquaes04livyuoft_0193.png"; bbox 0 0 1546 2648; ppageno 0'>
   <div class='ocr_carea' id='block_1_1' title="bbox 288 165 1216 220">
    <p class='ocr_par' dir='ltr' id='par_1_1' title="bbox 288 165 1216 220">
     <span class='ocr_line' id='line_1_1' title="bbox 288 165 1216 220; baseline -0.005 -10"><span class='ocrx_word' id='word_1_1' title='bbox 288 179 446 210; x_wconf 75' lang='lat' dir='ltr'>L1BER</span> <span class='ocrx_word' id='word_1_2' title='bbox 468 176 654 209; x_wconf 71' lang='lat' dir='ltr'><strong>xxmx.</strong></span> <span class='ocrx_word' id='word_1_3' title='bbox 687 177 797 208; x_wconf 74' lang='lat' dir='ltr'>CAP.</span> <span class='ocrx_word' id='word_1_4' title='bbox 820 177 1015 206; x_wconf 78' lang='lat' dir='ltr'><em>xxvln.</em></span> <span class='ocrx_word' id='word_1_5' title='bbox 1138 165 1216 220; x_wconf 81' lang='lat'><em>183</em></span> 
     </span>
    </p>
   </div>
   <div class='ocr_carea' id='block_1_2' title="bbox 94 267 1414 834">
    <p class='ocr_par' dir='ltr' id='par_1_2' title="bbox 94 267 1414 834">
     <span class='ocr_line' id='line_1_2' title="bbox 94 267 1414 318; baseline -0.005 -11"><span class='ocrx_word' id='word_1_6' title='bbox 94 269 196 308; x_wconf 83' lang='lat' dir='ltr'><em>nibus</em></span> <span class='ocrx_word' id='word_1_7' title='bbox 212 267 429 318; x_wconf 80' lang='lat' dir='ltr'><strong><em>interfuerit.</em></strong></span> <span class='ocrx_word' id='word_1_8' title='bbox 485 268 631 305; x_wconf 85' lang='lat' dir='ltr'><em>Habere</em></span> <span class='ocrx_word' id='word_1_9' title='bbox 648 280 730 305; x_wconf 91' lang='lat' dir='ltr'><em>eum</em></span> <span class='ocrx_word' id='word_1_10' title='bbox 744 272 922 317; x_wconf 85' lang='lat' dir='ltr'><em>praeterea</em></span> <span class='ocrx_word' id='word_1_11' title='bbox 939 268 1057 303; x_wconf 89' lang='lat' dir='ltr'><em>decem</em></span> <span class='ocrx_word' id='word_1_12' title='bbox 1078 267 1216 315; x_wconf 83' lang='lat' dir='ltr'><em>legato·</em></span> <span class='ocrx_word' id='word_1_13' title='bbox 1231 275 1274 306; x_wconf 84' lang='lat' dir='ltr'><em>U.</em></span> <span class='ocrx_word' id='word_1_14' title='bbox 1286 274 1323 307; x_wconf 82' lang='lat' dir='ltr'><em>c,</em></span> <span class='ocrx_word' id='word_1_15' title='bbox 1338 279 1414 310; x_wconf 67' lang='lat'><em>567-</em></span> 
     </span>
     <span class='ocr_line' id='line_1_3' title="bbox 96 319 1414 382; baseline -0.004 -11"><span class='ocrx_word' id='word_1_16' title='bbox 96 347 177 372; x_wconf 87' lang='lat' dir='ltr'><em>rum</em></span> <span class='ocrx_word' id='word_1_17' title='bbox 197 336 233 371; x_wconf 88' lang='lat' dir='ltr'><em>in</em></span> <span class='ocrx_word' id='word_1_18' title='bbox 251 346 330 371; x_wconf 83' lang='lat' dir='ltr'><em>eam</em></span> <span class='ocrx_word' id='word_1_19' title='bbox 351 346 427 371; x_wconf 88' lang='lat' dir='ltr'><em>rem</em></span> <span class='ocrx_word' id='word_1_20' title='bbox 443 332 694 382; x_wconf 83' lang='lat' dir='ltr'><em>praejudicium</em></span> <span class='ocrx_word' id='word_1_21' title='bbox 705 349 719 378; x_wconf 87' lang='lat'><em>,-</em></span> <span class='ocrx_word' id='word_1_22' title='bbox 749 335 809 382; x_wconf 89' lang='lat' dir='ltr'><em>qui</em></span> <span class='ocrx_word' id='word_1_23' title='bbox 829 344 937 381; x_wconf 84' lang='lat' dir='ltr'><em>quum</em></span> <span class='ocrx_word' id='word_1_24' title='bbox 964 332 1218 368; x_wconf 77' lang='lat' dir='ltr'><em>Chersonesum</em></span> <span class='ocrx_word' id='word_1_25' title='bbox 1232 321 1270 350; x_wconf 73' lang='grc' dir='ltr'><em>Α·</em></span> <span class='ocrx_word' id='word_1_26' title='bbox 1285 319 1323 350; x_wconf 82' lang='lat' dir='ltr'><em>C·</em></span> <span class='ocrx_word' id='word_1_27' title='bbox 1341 325 1414 350; x_wconf 70' lang='lat'><em>¹⁸⁵·</em></span> 
     </span>
     <span class='ocr_line' id='line_1_4' title="bbox 98 397 1220 448; baseline -0.003 -13"><span class='ocrx_word' id='word_1_28' title='bbox 98 399 436 448; x_wconf 73' lang='lat' dir='ltr'><strong><em>Lysimachiamque</em></strong></span> <span class='ocrx_word' id='word_1_29' title='bbox 478 399 655 442; x_wconf 78' lang='lat' dir='ltr'><em>dederint,</em></span> <span class='ocrx_word' id='word_1_30' title='bbox 685 397 900 434; x_wconf 82' lang='lat' dir='ltr'><em>Maroneam</em></span> <span class='ocrx_word' id='word_1_31' title='bbox 941 409 1078 445; x_wconf 84' lang='lat' dir='ltr'><em>quoque</em></span> <span class='ocrx_word' id='word_1_32' title='bbox 1110 402 1220 445; x_wconf 87' lang='lat' dir='ltr'><em>atque</em></span> 
     </span>
     <span class='ocr_line' id='line_1_5' title="bbox 97 463 1220 513; baseline -0.004 -12"><span class='ocrx_word' id='word_1_33' title='bbox 97 464 239 502; x_wconf 88' lang='lat' dir='ltr'><em>AEnum</em></span> <span class='ocrx_word' id='word_1_34' title='bbox 255 463 422 513; x_wconf 87' lang='lat' dir='ltr'><em>profecto</em></span> <span class='ocrx_word' id='word_1_35' title='bbox 442 465 590 506; x_wconf 75' lang='lat' dir='ltr'><em>dedisse,</em></span> <span class='ocrx_word' id='word_1_36' title='bbox 611 475 689 512; x_wconf 83' lang='lat' dir='ltr'><em>quoe</em></span> <span class='ocrx_word' id='word_1_37' title='bbox 708 464 787 511; x_wconf 87' lang='lat' dir='ltr'><em>ipsa</em></span> <span class='ocrx_word' id='word_1_38' title='bbox 811 463 1084 511; x_wconf 74' lang='lat' dir='ltr'><em>propinquitate</em></span> <span class='ocrx_word' id='word_1_39' title='bbox 1102 464 1220 509; x_wconf 85' lang='lat' dir='ltr'><em>regio-</em></span> 
     </span>
     <span class='ocr_line' id='line_1_6' title="bbox 98 526 1221 577; baseline -0.003 -12"><span class='ocrx_word' id='word_1_40' title='bbox 98 530 156 565; x_wconf 87' lang='lat' dir='ltr'><em>nis</em></span> <span class='ocrx_word' id='word_1_41' title='bbox 172 529 268 564; x_wconf 84' lang='lat' dir='ltr'><em>velut</em></span> <span class='ocrx_word' id='word_1_42' title='bbox 287 528 500 577; x_wconf 77' lang='lat' dir='ltr'><em>adpendices</em></span> <span class='ocrx_word' id='word_1_43' title='bbox 520 526 665 574; x_wconf 82' lang='lat' dir='ltr'><em>majoris</em></span> <span class='ocrx_word' id='word_1_44' title='bbox 678 529 833 563; x_wconf 87' lang='lat' dir='ltr'><em>muneris</em></span> <span class='ocrx_word' id='word_1_45' title='bbox 850 531 972 563; x_wconf 78' lang='lat' dir='ltr'><em>essent.</em></span> <span class='ocrx_word' id='word_1_46' title='bbox 1016 526 1115 562; x_wconf 83' lang='lat' dir='ltr'><em>Nam</em></span> <span class='ocrx_word' id='word_1_47' title='bbox 1131 527 1221 562; x_wconf 81' lang='lat' dir='ltr'><em>Phi-</em></span> 
     </span>
     <span class='ocr_line' id='line_1_7' title="bbox 100 590 1222 641; baseline -0.003 -12"><span class='ocrx_word' id='word_1_48' title='bbox 100 593 241 641; x_wconf 80' lang='lat' dir='ltr'><em>lippum</em></span> <span class='ocrx_word' id='word_1_49' title='bbox 260 594 402 641; x_wconf 86' lang='lat' dir='ltr'><em>quidem</em></span> <span class='ocrx_word' id='word_1_50' title='bbox 421 604 489 640; x_wconf 89' lang='lat' dir='ltr'><em>quo</em></span> <span class='ocrx_word' id='word_1_51' title='bbox 508 596 574 628; x_wconf 84' lang='lat' dir='ltr'><em>aut</em></span> <span class='ocrx_word' id='word_1_52' title='bbox 595 592 725 627; x_wconf 85' lang='lat' dir='ltr'><em>merito</em></span> <span class='ocrx_word' id='word_1_53' title='bbox 745 593 783 627; x_wconf 84' lang='lat' dir='ltr'><em>in</em></span> <span class='ocrx_word' id='word_1_54' title='bbox 804 592 980 640; x_wconf 85' lang='lat' dir='ltr'><em>populum</em></span> <span class='ocrx_word' id='word_1_55' title='bbox 1004 590 1222 633; x_wconf 84' lang='lat' dir='ltr'><em>Romanum,</em></span> 
     </span>
     <span class='ocr_line' id='line_1_8' title="bbox 101 656 1225 706; baseline -0.001 -12"><span class='ocrx_word' id='word_1_56' title='bbox 101 663 166 694; x_wconf 84' lang='lat' dir='ltr'><em>aut</em></span> <span class='ocrx_word' id='word_1_57' title='bbox 175 656 262 704; x_wconf 85' lang='lat' dir='ltr'><em>jure</em></span> <span class='ocrx_word' id='word_1_58' title='bbox 282 659 436 705; x_wconf 87' lang='lat' dir='ltr'><em>imperii,</em></span> <span class='ocrx_word' id='word_1_59' title='bbox 454 669 563 706; x_wconf 84' lang='lat' dir='ltr'><em>quum</em></span> <span class='ocrx_word' id='word_1_60' title='bbox 580 662 655 692; x_wconf 88' lang='lat' dir='ltr'><em>tam</em></span> <span class='ocrx_word' id='word_1_61' title='bbox 671 657 800 705; x_wconf 84' lang='lat' dir='ltr'><em>procul</em></span> <span class='ocrx_word' id='word_1_62' title='bbox 818 669 840 692; x_wconf 90' lang='lat' dir='ltr'><em>a</em></span> <span class='ocrx_word' id='word_1_63' title='bbox 847 657 984 706; x_wconf 84' lang='lat' dir='ltr'><em>finibus</em></span> <span class='ocrx_word' id='word_1_64' title='bbox 999 656 1225 693; x_wconf 64' lang='lat' dir='ltr'><em>Macedoniae</em></span> 
     </span>
     <span class='ocr_line' id='line_1_9' title="bbox 102 721 1223 770; baseline -0.002 -12"><span class='ocrx_word' id='word_1_65' title='bbox 102 722 232 766; x_wconf 84' lang='lat' dir='ltr'><em>absint,</em></span> <span class='ocrx_word' id='word_1_66' title='bbox 253 723 455 759; x_wconf 83' lang='lat' dir='ltr'><em>civitatibus</em></span> <span class='ocrx_word' id='word_1_67' title='bbox 471 722 524 758; x_wconf 83' lang='lat' dir='ltr'><em>his</em></span> <span class='ocrx_word' id='word_1_68' title='bbox 540 723 711 770; x_wconf 80' lang='lat' dir='ltr'><em>proesidia</em></span> <span class='ocrx_word' id='word_1_69' title='bbox 730 723 923 769; x_wconf 78' lang='lat' dir='ltr'><em>inposuisse</em></span> <span class='ocrx_word' id='word_1_70' title='bbox 936 723 956 756; x_wconf 77' lang='grc'><em>,9</em></span> <span class='ocrx_word' id='word_1_71' title='bbox 990 721 1118 757; x_wconf 87' lang='lat' dir='ltr'><em>Vocari</em></span> <span class='ocrx_word' id='word_1_72' title='bbox 1135 721 1223 757; x_wconf 88' lang='lat' dir='ltr'><em>Ma-</em></span> 
     </span>
     <span class='ocr_line' id='line_1_10' title="bbox 102 787 1224 834; baseline 0 -10"><span class='ocrx_word' id='word_1_73' title='bbox 102 790 241 825; x_wconf 83' lang='lat' dir='ltr'><em>ronitas</em></span> <span class='ocrx_word' id='word_1_74' title='bbox 259 787 454 834; x_wconf 84' lang='lat' dir='ltr'><em>juberent:</em></span> <span class='ocrx_word' id='word_1_75' title='bbox 485 788 529 823; x_wconf 86' lang='lat' dir='ltr'><em>ab</em></span> <span class='ocrx_word' id='word_1_76' title='bbox 549 789 591 823; x_wconf 81' lang='lat' dir='ltr'><em>iis</em></span> <span class='ocrx_word' id='word_1_77' title='bbox 618 789 771 824; x_wconf 73' lang='lat' dir='ltr'><em>certiora</em></span> <span class='ocrx_word' id='word_1_78' title='bbox 801 789 921 823; x_wconf 83' lang='lat' dir='ltr'><em>omnia</em></span> <span class='ocrx_word' id='word_1_79' title='bbox 942 788 985 823; x_wconf 86' lang='lat' dir='ltr'><em>de</em></span> <span class='ocrx_word' id='word_1_80' title='bbox 1011 792 1108 824; x_wconf 85' lang='lat' dir='ltr'><em>statu</em></span> <span class='ocrx_word' id='word_1_81' title='bbox 1137 790 1224 825; x_wconf 87' lang='lat' dir='ltr'><em>civi-</em></span> 
     </span>
    </p>
   </div>
   <div class='ocr_carea' id='block_1_3' title="bbox 105 850 1414 935">
    <p class='ocr_par' dir='ltr' id='par_1_3' title="bbox 105 850 1414 935">
     <span class='ocr_line' id='line_1_11' title="bbox 105 850 1414 899; baseline 0.002 -13"><span class='ocrx_word' id='word_1_82' title='bbox 105 854 237 888; x_wconf 79' lang='lat' dir='ltr'><em>tatium</em></span> <span class='ocrx_word' id='word_1_83' title='bbox 255 864 379 888; x_wconf 80' lang='lat' dir='ltr'><em>carum</em></span> <span class='ocrx_word' id='word_1_84' title='bbox 397 853 560 887; x_wconf 86' lang='lat' dir='ltr'><em>scituros.</em></span> <span class='ocrx_word' id='word_1_85' title='bbox 616 850 755 899; x_wconf 79' lang='lat' dir='ltr'><em>Legati</em></span> <span class='ocrx_word' id='word_1_86' title='bbox 781 850 1061 887; x_wconf 74' lang='lat' dir='ltr'><em>Maronitarum</em></span> <span class='ocrx_word' id='word_1_87' title='bbox 1082 853 1222 894; x_wconf 88' lang='lat' dir='ltr'><em>vocati,</em></span> <span class='ocrx_word' id='word_1_88' title='bbox 1237 852 1414 882; x_wconf 78' lang='lat' dir='ltr'><em>Maronita-</em></span> 
     </span>
     <span class='ocr_line' id='line_1_12' title="bbox 1237 905 1405 935; baseline -0.012 -8"><span class='ocrx_word' id='word_1_89' title='bbox 1237 906 1310 927; x_wconf 89' lang='lat' dir='ltr'><em>rum</em></span> <span class='ocrx_word' id='word_1_90' title='bbox 1327 905 1405 935; x_wconf 74' lang='lat' dir='ltr'><em>que·</em></span> 
     </span>
    </p>
   </div>
   <div class='ocr_carea' id='block_1_4' title="bbox 106 917 1321 971">
    <p class='ocr_par' dir='ltr' id='par_1_4' title="bbox 106 917 1321 971">
     <span class='ocr_line' id='line_1_13' title="bbox 106 917 1321 971; baseline 0 -17"><span class='ocrx_word' id='word_1_91' title='bbox 106 918 189 954; x_wconf 87' lang='lat' dir='ltr'><em>Non</em></span> <span class='ocrx_word' id='word_1_92' title='bbox 209 930 279 954; x_wconf 89' lang='lat' dir='ltr'><em>uno</em></span> <span class='ocrx_word' id='word_1_93' title='bbox 300 919 376 954; x_wconf 86' lang='lat' dir='ltr'><em>loco</em></span> <span class='ocrx_word' id='word_1_94' title='bbox 397 922 537 953; x_wconf 86' lang='lat' dir='ltr'><em>tantum</em></span> <span class='ocrx_word' id='word_1_95' title='bbox 558 917 654 953; x_wconf 80' lang='lat' dir='ltr'><em>urbis</em></span> <span class='ocrx_word' id='word_1_96' title='bbox 668 917 877 965; x_wconf 68' lang='lat' dir='ltr'><em>praesidium</em></span> <span class='ocrx_word' id='word_1_97' title='bbox 895 918 1032 963; x_wconf 80' lang='lat' dir='ltr'><em>regium</em></span> <span class='ocrx_word' id='word_1_98' title='bbox 1052 920 1135 960; x_wconf 79' lang='lat' dir='ltr'><em>esse,</em></span> <span class='ocrx_word' id='word_1_99' title='bbox 1155 920 1223 954; x_wconf 86' lang='lat' dir='ltr'><em>sic-</em></span> <span class='ocrx_word' id='word_1_100' title='bbox 1238 940 1321 971; x_wconf 83' lang='lat' dir='ltr'><em>relae.</em></span> 
     </span>
    </p>
   </div>
   <div class='ocr_carea' id='block_1_5' title="bbox 103 981 1424 1936">
    <p class='ocr_par' dir='ltr' id='par_1_5' title="bbox 103 981 1262 1805">
     <span class='ocr_line' id='line_1_14' title="bbox 106 981 1226 1029; baseline 0.001 -11"><span class='ocrx_word' id='word_1_101' title='bbox 106 987 145 1018; x_wconf 86' lang='lat' dir='ltr'><em>ut</em></span> <span class='ocrx_word' id='word_1_102' title='bbox 165 983 202 1018; x_wconf 89' lang='lat' dir='ltr'><em>in</em></span> <span class='ocrx_word' id='word_1_103' title='bbox 221 983 305 1018; x_wconf 86' lang='lat' dir='ltr'><em>aliis</em></span> <span class='ocrx_word' id='word_1_104' title='bbox 330 982 548 1024; x_wconf 78' lang='lat' dir='ltr'><em>civitatibus,</em></span> <span class='ocrx_word' id='word_1_105' title='bbox 571 981 762 1023; x_wconf 83' lang='lat' dir='ltr'><em>dixerunt,</em></span> <span class='ocrx_word' id='word_1_106' title='bbox 791 982 853 1017; x_wconf 85' lang='lat' dir='ltr'><em>sed</em></span> <span class='ocrx_word' id='word_1_107' title='bbox 869 982 1032 1029; x_wconf 67' lang='lat' dir='ltr'><em>pluribus</em></span> <span class='ocrx_word' id='word_1_108' title='bbox 1049 984 1170 1025; x_wconf 84' lang='lat' dir='ltr'><em>simul,</em></span> <span class='ocrx_word' id='word_1_109' title='bbox 1192 989 1226 1019; x_wconf 88' lang='lat' dir='ltr'><em>et</em></span> 
     </span>
     <span class='ocr_line' id='line_1_15' title="bbox 103 1047 1228 1096; baseline 0.002 -13"><span class='ocrx_word' id='word_1_110' title='bbox 103 1048 249 1096; x_wconf 83' lang='lat' dir='ltr'><em>plenam</em></span> <span class='ocrx_word' id='word_1_111' title='bbox 269 1048 509 1084; x_wconf 84' lang='lat' dir='ltr'><em>Macedonum</em></span> <span class='ocrx_word' id='word_1_112' title='bbox 531 1047 745 1083; x_wconf 83' lang='lat' dir='ltr'><em>Maroneam</em></span> <span class='ocrx_word' id='word_1_113' title='bbox 774 1058 868 1082; x_wconf 79' lang='lat' dir='ltr'><em>esse:</em></span> <span class='ocrx_word' id='word_1_114' title='bbox 897 1048 1019 1094; x_wconf 78' lang='lat' dir='ltr'><em>itaque</em></span> <span class='ocrx_word' id='word_1_115' title='bbox 1047 1048 1228 1085; x_wconf 84' lang='lat' dir='ltr'><em>dominari</em></span> 
     </span>
     <span class='ocr_line' id='line_1_16' title="bbox 107 1111 1227 1159; baseline 0.001 -12"><span class='ocrx_word' id='word_1_116' title='bbox 107 1113 353 1148; x_wconf 83' lang='lat' dir='ltr'><em>adsentatores</em></span> <span class='ocrx_word' id='word_1_117' title='bbox 381 1114 520 1159; x_wconf 81' lang='lat' dir='ltr'><em>regios:</em></span> <span class='ocrx_word' id='word_1_118' title='bbox 550 1111 603 1146; x_wconf 79' lang='lat' dir='ltr'><em>his</em></span> <span class='ocrx_word' id='word_1_119' title='bbox 625 1112 708 1147; x_wconf 74' lang='lat' dir='ltr'><em>solis</em></span> <span class='ocrx_word' id='word_1_120' title='bbox 737 1111 835 1158; x_wconf 83' lang='lat' dir='ltr'><em>loqui</em></span> <span class='ocrx_word' id='word_1_121' title='bbox 862 1115 898 1146; x_wconf 81' lang='lat' dir='ltr'><em>et</em></span> <span class='ocrx_word' id='word_1_122' title='bbox 928 1113 961 1147; x_wconf 88' lang='lat' dir='ltr'><em>in</em></span> <span class='ocrx_word' id='word_1_123' title='bbox 992 1117 1116 1148; x_wconf 79' lang='lat' dir='ltr'><em>senatu</em></span> <span class='ocrx_word' id='word_1_124' title='bbox 1137 1118 1171 1148; x_wconf 89' lang='lat' dir='ltr'><em>et</em></span> <span class='ocrx_word' id='word_1_125' title='bbox 1192 1115 1227 1149; x_wconf 86' lang='lat' dir='ltr'><em>in</em></span> 
     </span>
     <span class='ocr_line' id='line_1_17' title="bbox 108 1175 1226 1224; baseline 0.001 -12"><span class='ocrx_word' id='word_1_126' title='bbox 108 1176 330 1212; x_wconf 80' lang='lat' dir='ltr'><em>concionibus</em></span> <span class='ocrx_word' id='word_1_127' title='bbox 360 1177 490 1212; x_wconf 82' lang='lat' dir='ltr'><em>licere:</em></span> <span class='ocrx_word' id='word_1_128' title='bbox 519 1187 576 1211; x_wconf 86' lang='lat' dir='ltr'><em>eos</em></span> <span class='ocrx_word' id='word_1_129' title='bbox 605 1187 723 1211; x_wconf 83' lang='lat' dir='ltr'><em>omnes</em></span> <span class='ocrx_word' id='word_1_130' title='bbox 749 1175 894 1210; x_wconf 77' lang='lat' dir='ltr'><em>honores</em></span> <span class='ocrx_word' id='word_1_131' title='bbox 912 1181 946 1210; x_wconf 87' lang='lat' dir='ltr'><em>et</em></span> <span class='ocrx_word' id='word_1_132' title='bbox 975 1189 1101 1224; x_wconf 81' lang='lat' dir='ltr'><em>capere</em></span> <span class='ocrx_word' id='word_1_133' title='bbox 1119 1181 1226 1224; x_wconf 84' lang='lat' dir='ltr'><em>ipsos,</em></span> 
     </span>
     <span class='ocr_line' id='line_1_18' title="bbox 107 1241 1226 1289; baseline 0.002 -14"><span class='ocrx_word' id='word_1_134' title='bbox 107 1246 142 1275; x_wconf 87' lang='lat' dir='ltr'><em>et</em></span> <span class='ocrx_word' id='word_1_135' title='bbox 170 1242 258 1276; x_wconf 83' lang='lat' dir='ltr'><em>dare</em></span> <span class='ocrx_word' id='word_1_136' title='bbox 293 1242 387 1277; x_wconf 83' lang='lat' dir='ltr'><em>aliis.</em></span> <span class='ocrx_word' id='word_1_137' title='bbox 446 1241 631 1289; x_wconf 82' lang='lat' dir='ltr'><em>Optimum</em></span> <span class='ocrx_word' id='word_1_138' title='bbox 664 1251 849 1288; x_wconf 80' lang='lat' dir='ltr'><em>quemque,</em></span> <span class='ocrx_word' id='word_1_139' title='bbox 880 1241 1002 1287; x_wconf 78' lang='lat' dir='ltr'><em>quibus</em></span> <span class='ocrx_word' id='word_1_140' title='bbox 1038 1242 1226 1285; x_wconf 79' lang='lat' dir='ltr'><em>libertatis,</em></span> 
     </span>
     <span class='ocr_line' id='line_1_19' title="bbox 107 1305 1230 1353; baseline 0.004 -14"><span class='ocrx_word' id='word_1_141' title='bbox 107 1305 231 1352; x_wconf 88' lang='lat' dir='ltr'><em>quibus</em></span> <span class='ocrx_word' id='word_1_142' title='bbox 250 1306 367 1353; x_wconf 82' lang='lat' dir='ltr'><em>legum</em></span> <span class='ocrx_word' id='word_1_143' title='bbox 397 1318 484 1342; x_wconf 85' lang='lat' dir='ltr'><em>cura</em></span> <span class='ocrx_word' id='word_1_144' title='bbox 507 1307 566 1347; x_wconf 83' lang='lat' dir='ltr'><em>sit,</em></span> <span class='ocrx_word' id='word_1_145' title='bbox 587 1309 652 1340; x_wconf 85' lang='lat' dir='ltr'><em>aut</em></span> <span class='ocrx_word' id='word_1_146' title='bbox 680 1305 841 1340; x_wconf 79' lang='lat' dir='ltr'><em>exsulare</em></span> <span class='ocrx_word' id='word_1_147' title='bbox 857 1305 978 1352; x_wconf 83' lang='lat' dir='ltr'><em>pulsos</em></span> <span class='ocrx_word' id='word_1_148' title='bbox 1005 1308 1144 1353; x_wconf 85' lang='lat' dir='ltr'><em>patria,</em></span> <span class='ocrx_word' id='word_1_149' title='bbox 1165 1313 1230 1343; x_wconf 84' lang='lat' dir='ltr'><em>aut</em></span> 
     </span>
     <span class='ocr_line' id='line_1_20' title="bbox 107 1369 1230 1420; baseline 0.002 -16"><span class='ocrx_word' id='word_1_150' title='bbox 107 1369 340 1405; x_wconf 82' lang='lat' dir='ltr'><em>inhonoratos</em></span> <span class='ocrx_word' id='word_1_151' title='bbox 371 1375 406 1405; x_wconf 86' lang='lat' dir='ltr'><em>et</em></span> <span class='ocrx_word' id='word_1_152' title='bbox 435 1369 664 1405; x_wconf 85' lang='lat' dir='ltr'><em>deterioribus</em></span> <span class='ocrx_word' id='word_1_153' title='bbox 693 1369 856 1404; x_wconf 69' lang='lat' dir='ltr'><em>obnoxios</em></span> <span class='ocrx_word' id='word_1_154' title='bbox 884 1369 997 1405; x_wconf 82' lang='lat' dir='ltr'><em>silere.</em></span> <span class='ocrx_word' id='word_1_155' title='bbox 1054 1370 1115 1406; x_wconf 85' lang='lat' dir='ltr'><em>De</em></span> <span class='ocrx_word' id='word_1_156' title='bbox 1141 1370 1230 1420; x_wconf 81' lang='lat' dir='ltr'><em>jure</em></span> 
     </span>
     <span class='ocr_line' id='line_1_21' title="bbox 108 1431 1229 1483; baseline 0.003 -15"><span class='ocrx_word' id='word_1_157' title='bbox 108 1433 223 1468; x_wconf 84' lang='lat' dir='ltr'><em>etiam</em></span> <span class='ocrx_word' id='word_1_158' title='bbox 256 1432 386 1469; x_wconf 88' lang='lat' dir='ltr'><em>finium</em></span> <span class='ocrx_word' id='word_1_159' title='bbox 418 1446 539 1483; x_wconf 83' lang='lat' dir='ltr'><em>pauca</em></span> <span class='ocrx_word' id='word_1_160' title='bbox 572 1431 816 1482; x_wconf 67' lang='lat' dir='ltr'><em>adjecerunt:</em></span> <span class='ocrx_word' id='word_1_161' title='bbox 853 1434 896 1473; x_wconf 87' lang='lat' dir='ltr'><em>Q.</em></span> <span class='ocrx_word' id='word_1_162' title='bbox 910 1433 1060 1470; x_wconf 76' lang='lat' dir='ltr'><em>Fabium</em></span> <span class='ocrx_word' id='word_1_163' title='bbox 1089 1435 1229 1471; x_wconf 70' lang='lat' dir='ltr'><em>Labeo-</em></span> 
     </span>
     <span class='ocr_line' id='line_1_22' title="bbox 107 1497 1228 1548; baseline 0.003 -15"><span class='ocrx_word' id='word_1_164' title='bbox 107 1510 200 1541; x_wconf 80' lang='lat' dir='ltr'><em>nem,</em></span> <span class='ocrx_word' id='word_1_165' title='bbox 222 1510 330 1546; x_wconf 87' lang='lat' dir='ltr'><em>quum</em></span> <span class='ocrx_word' id='word_1_166' title='bbox 351 1499 387 1534; x_wconf 86' lang='lat' dir='ltr'><em>in</em></span> <span class='ocrx_word' id='word_1_167' title='bbox 406 1500 551 1546; x_wconf 84' lang='lat' dir='ltr'><em>regione</em></span> <span class='ocrx_word' id='word_1_168' title='bbox 565 1510 604 1533; x_wconf 79' lang='lat' dir='ltr'><em>ea</em></span> <span class='ocrx_word' id='word_1_169' title='bbox 614 1497 763 1546; x_wconf 86' lang='lat' dir='ltr'><em>fuisset,</em></span> <span class='ocrx_word' id='word_1_170' title='bbox 782 1499 1067 1547; x_wconf 41' lang='lat' dir='ltr'><em>direxisse-finem</em></span> <span class='ocrx_word' id='word_1_171' title='bbox 1085 1500 1228 1548; x_wconf 80' lang='lat' dir='ltr'><em>Philip-</em></span> 
     </span>
     <span class='ocr_line' id='line_1_23' title="bbox 104 1563 1231 1611; baseline 0.003 -13"><span class='ocrx_word' id='word_1_172' title='bbox 104 1575 154 1611; x_wconf 87' lang='lat' dir='ltr'><em>po</em></span> <span class='ocrx_word' id='word_1_173' title='bbox 173 1567 325 1599; x_wconf 81' lang='lat' dir='ltr'><em>veterem</em></span> <span class='ocrx_word' id='word_1_174' title='bbox 353 1565 449 1599; x_wconf 86' lang='lat' dir='ltr'><em>viam</em></span> <span class='ocrx_word' id='word_1_175' title='bbox 477 1565 629 1611; x_wconf 81' lang='lat' dir='ltr'><em>regiam,</em></span> <span class='ocrx_word' id='word_1_176' title='bbox 651 1575 728 1611; x_wconf 78' lang='lat' dir='ltr'><em>quae</em></span> <span class='ocrx_word' id='word_1_177' title='bbox 756 1564 804 1598; x_wconf 82' lang='lat' dir='ltr'><em>ad</em></span> <span class='ocrx_word' id='word_1_178' title='bbox 829 1563 991 1599; x_wconf 67' lang='lat' dir='ltr'><em>Thraciae</em></span> <span class='ocrx_word' id='word_1_179' title='bbox 1017 1565 1231 1601; x_wconf 79' lang='lat' dir='ltr'><em>Paroreiam</em></span> 
     </span>
     <span class='ocr_line' id='line_1_24' title="bbox 108 1628 1262 1678; baseline 0.003 -15"><span class='ocrx_word' id='word_1_180' title='bbox 108 1628 245 1670; x_wconf 86' lang='lat' dir='ltr'><em>subeat,</em></span> <span class='ocrx_word' id='word_1_181' title='bbox 278 1640 453 1676; x_wconf 81' lang='lat' dir='ltr'><em>nusquam</em></span> <span class='ocrx_word' id='word_1_182' title='bbox 485 1629 535 1664; x_wconf 88' lang='lat' dir='ltr'><em>ad</em></span> <span class='ocrx_word' id='word_1_183' title='bbox 570 1641 670 1664; x_wconf 80' lang='lat' dir='ltr'><em>mare</em></span> <span class='ocrx_word' id='word_1_184' title='bbox 706 1629 956 1665; x_wconf 79' lang='lat' dir='ltr'><em>declinantem.</em></span> <span class='ocrx_word' id='word_1_185' title='bbox 1017 1629 1233 1678; x_wconf 77' lang='lat' dir='ltr'><em>Philippum</em></span> <span class='ocrx_word' id='word_1_186' title='bbox 1255 1655 1262 1661; x_wconf 34' lang='grc' dir='ltr'><em>κ</em></span> 
     </span>
     <span class='ocr_line' id='line_1_25' title="bbox 110 1693 1234 1743; baseline 0.004 -16"><span class='ocrx_word' id='word_1_187' title='bbox 110 1704 240 1728; x_wconf 86' lang='lat' dir='ltr'><em>novam</em></span> <span class='ocrx_word' id='word_1_188' title='bbox 260 1697 384 1740; x_wconf 85' lang='lat' dir='ltr'><em>postea</em></span> <span class='ocrx_word' id='word_1_189' title='bbox 403 1693 580 1743; x_wconf 71' lang='lat' dir='ltr'><em>deflexisse</em></span> <span class='ocrx_word' id='word_1_190' title='bbox 608 1695 719 1735; x_wconf 86' lang='lat' dir='ltr'><em>viam,</em></span> <span class='ocrx_word' id='word_1_191' title='bbox 742 1705 813 1741; x_wconf 85' lang='lat' dir='ltr'><em>qua</em></span> <span class='ocrx_word' id='word_1_192' title='bbox 833 1694 1104 1730; x_wconf 80' lang='lat' dir='ltr'><em>Maronitarum</em></span> <span class='ocrx_word' id='word_1_193' title='bbox 1133 1695 1234 1731; x_wconf 79' lang='lat' dir='ltr'><em>urbes</em></span> 
     </span>
     <span class='ocr_line' id='line_1_26' title="bbox 111 1759 557 1805; baseline 0.004 -13"><span class='ocrx_word' id='word_1_194' title='bbox 111 1769 284 1805; x_wconf 83' lang='lat' dir='ltr'><em>agrosque</em></span> <span class='ocrx_word' id='word_1_195' title='bbox 302 1759 557 1805; x_wconf 83' lang='lat' dir='ltr'><em>amplectatur.</em></span> 
     </span>
    </p>

    <p class='ocr_par' dir='ltr' id='par_1_6' title="bbox 112 1820 1424 1936">
     <span class='ocr_line' id='line_1_27' title="bbox 167 1820 1424 1875; baseline 0.003 -19"><span class='ocrx_word' id='word_1_196' title='bbox 167 1820 367 1857; x_wconf 88' lang='lat' dir='ltr'><strong>XXVIII.</strong></span> <span class='ocrx_word' id='word_1_197' title='bbox 395 1821 455 1857; x_wconf 91' lang='lat' dir='ltr'><em>Ad</em></span> <span class='ocrx_word' id='word_1_198' title='bbox 475 1834 520 1857; x_wconf 87' lang='lat' dir='ltr'><em>ea</em></span> <span class='ocrx_word' id='word_1_199' title='bbox 535 1820 733 1871; x_wconf 86' lang='lat' dir='ltr'><em>Philippus</em></span> <span class='ocrx_word' id='word_1_200' title='bbox 750 1820 866 1870; x_wconf 86' lang='lat' dir='ltr'><em>longe</em></span> <span class='ocrx_word' id='word_1_201' title='bbox 885 1821 1013 1866; x_wconf 82' lang='lat' dir='ltr'><em>aliam,</em></span> <span class='ocrx_word' id='word_1_202' title='bbox 1034 1835 1147 1872; x_wconf 81' lang='lat' dir='ltr'><em>quam</em></span> <span class='ocrx_word' id='word_1_203' title='bbox 1167 1824 1233 1861; x_wconf 84' lang='lat' dir='ltr'><em>ad·</em></span> <span class='ocrx_word' id='word_1_204' title='bbox 1246 1824 1424 1875; x_wconf 50' lang='lat' dir='ltr'><em>Reffonpio</em></span> 
     </span>
     <span class='ocr_line' id='line_1_28' title="bbox 112 1868 1396 1936; baseline 0.003 -15"><span class='ocrx_word' id='word_1_205' title='bbox 112 1897 241 1922; x_wconf 80' lang='lat' dir='ltr'><em>versus</em></span> <span class='ocrx_word' id='word_1_206' title='bbox 261 1885 466 1922; x_wconf 83' lang='lat' dir='ltr'><em>Thessalos</em></span> <span class='ocrx_word' id='word_1_207' title='bbox 482 1885 782 1935; x_wconf 70' lang='lat' dir='ltr'><em>Perrhaebosque</em></span> <span class='ocrx_word' id='word_1_208' title='bbox 798 1899 932 1936; x_wconf 85' lang='lat' dir='ltr'><em>nuper,</em></span> <span class='ocrx_word' id='word_1_209' title='bbox 950 1887 1141 1936; x_wconf 84' lang='lat' dir='ltr'><em>ingressus</em></span> <span class='ocrx_word' id='word_1_210' title='bbox 1158 1889 1234 1925; x_wconf 88' lang='lat' dir='ltr'><em>dis-</em></span> <span class='ocrx_word' id='word_1_211' title='bbox 1247 1868 1396 1909; x_wconf 65' lang='lat' dir='ltr'><strong>Ph¹l¹pp¹&#39;</strong></span> 
     </span>
    </p>
   </div>
   <div class='ocr_carea' id='block_1_6' title="bbox 93 1950 1237 2000">
    <p class='ocr_par' dir='ltr' id='par_1_7' title="bbox 93 1950 1237 2000">
     <span class='ocr_line' id='line_1_29' title="bbox 93 1950 1237 2000; baseline 0.003 -14"><span class='ocrx_word' id='word_1_212' title='bbox 93 1950 263 1986; x_wconf 57' lang='lat' dir='ltr'><em>*serendi</em></span> <span class='ocrx_word' id='word_1_213' title='bbox 292 1951 404 1994; x_wconf 84' lang='lat' dir='ltr'><em>viam,</em></span> <span class='ocrx_word' id='word_1_214' title='bbox 425 1951 508 1987; x_wconf 89' lang='lat' dir='ltr'><em>Non</em></span> <span class='ocrx_word' id='word_1_215' title='bbox 537 1964 617 1987; x_wconf 86' lang='lat' dir='ltr'><em>cum</em></span> <span class='ocrx_word' id='word_1_216' title='bbox 643 1952 854 1994; x_wconf 84' lang='lat' dir='ltr'><em>Maronitis,</em></span> <span class='ocrx_word' id='word_1_217' title='bbox 885 1952 1022 2000; x_wconf 85' lang='lat' dir='ltr'><em>inquit,</em></span> <span class='ocrx_word' id='word_1_218' title='bbox 1052 1953 1141 1989; x_wconf 75' lang='lat' dir='ltr'><em>mihi</em></span> <span class='ocrx_word' id='word_1_219' title='bbox 1171 1960 1237 1991; x_wconf 86' lang='lat' dir='ltr'><em>aut</em></span> 
     </span>
    </p>
   </div>
   <div class='ocr_carea' id='block_1_7' title="bbox 115 2015 1240 2392">
    <p class='ocr_par' dir='ltr' id='par_1_8' title="bbox 115 2015 1240 2392">
     <span class='ocr_line' id='line_1_30' title="bbox 115 2015 1236 2064; baseline 0.004 -13"><span class='ocrx_word' id='word_1_220' title='bbox 115 2027 196 2051; x_wconf 86' lang='lat' dir='ltr'><em>cum</em></span> <span class='ocrx_word' id='word_1_221' title='bbox 224 2016 384 2052; x_wconf 87' lang='lat' dir='ltr'><em>Eumene</em></span> <span class='ocrx_word' id='word_1_222' title='bbox 413 2017 625 2064; x_wconf 84' lang='lat' dir='ltr'><em>disceptatio</em></span> <span class='ocrx_word' id='word_1_223' title='bbox 654 2021 729 2060; x_wconf 87' lang='lat' dir='ltr'><em>est,·</em></span> <span class='ocrx_word' id='word_1_224' title='bbox 757 2018 819 2052; x_wconf 85' lang='lat' dir='ltr'><em>sed</em></span> <span class='ocrx_word' id='word_1_225' title='bbox 837 2015 919 2063; x_wconf 81' lang='lat' dir='ltr'><em>jani</em></span> <span class='ocrx_word' id='word_1_226' title='bbox 945 2017 1136 2061; x_wconf 77' lang='lat' dir='ltr'><em>vobiscum,</em></span> <span class='ocrx_word' id='word_1_227' title='bbox 1158 2017 1236 2055; x_wconf 67' lang='lat' dir='ltr'><em>Ro-</em></span> 
     </span>
     <span class='ocr_line' id='line_1_31' title="bbox 115 2080 1236 2131; baseline 0.004 -15"><span class='ocrx_word' id='word_1_228' title='bbox 115 2082 218 2116; x_wconf 83' lang='lat' dir='ltr'><em>mani</em></span> <span class='ocrx_word' id='word_1_229' title='bbox 229 2097 241 2124; x_wconf 84' lang='lat'><em>;</em></span> <span class='ocrx_word' id='word_1_230' title='bbox 271 2093 293 2117; x_wconf 88' lang='lat' dir='ltr'><em>a</em></span> <span class='ocrx_word' id='word_1_231' title='bbox 311 2082 435 2130; x_wconf 86' lang='lat' dir='ltr'><em>quibus</em></span> <span class='ocrx_word' id='word_1_232' title='bbox 453 2083 546 2118; x_wconf 83' lang='lat' dir='ltr'><em>nihil</em></span> <span class='ocrx_word' id='word_1_233' title='bbox 563 2084 655 2130; x_wconf 82' lang='lat' dir='ltr'><em>aequi</em></span> <span class='ocrx_word' id='word_1_234' title='bbox 669 2095 726 2118; x_wconf 86' lang='lat' dir='ltr'><em>me</em></span> <span class='ocrx_word' id='word_1_235' title='bbox 744 2084 926 2131; x_wconf 80' lang='lat' dir='ltr'><em>inpetrare</em></span> <span class='ocrx_word' id='word_1_236' title='bbox 934 2080 1014 2128; x_wconf 85' lang='lat' dir='ltr'><em>jam</em></span> <span class='ocrx_word' id='word_1_237' title='bbox 1036 2084 1100 2119; x_wconf 85' lang='lat' dir='ltr'><em>diu</em></span> <span class='ocrx_word' id='word_1_238' title='bbox 1119 2086 1236 2120; x_wconf 87' lang='lat' dir='ltr'><em>anim-</em></span> 
     </span>
     <span class='ocr_line' id='line_1_32' title="bbox 115 2144 1236 2195; baseline 0.004 -16"><span class='ocrx_word' id='word_1_239' title='bbox 115 2144 277 2182; x_wconf 81' lang='lat' dir='ltr'><em>adverto.</em></span> <span class='ocrx_word' id='word_1_240' title='bbox 335 2146 507 2183; x_wconf 84' lang='lat' dir='ltr'><em>Civitates</em></span> <span class='ocrx_word' id='word_1_241' title='bbox 532 2147 790 2190; x_wconf 85' lang='lat' dir='ltr'><em>Macedonum,</em></span> <span class='ocrx_word' id='word_1_242' title='bbox 812 2160 888 2195; x_wconf 83' lang='lat' dir='ltr'><em>quoe</em></span> <span class='ocrx_word' id='word_1_243' title='bbox 917 2160 940 2182; x_wconf 91' lang='lat' dir='ltr'><em>a</em></span> <span class='ocrx_word' id='word_1_244' title='bbox 970 2160 1025 2183; x_wconf 84' lang='lat' dir='ltr'><em>me</em></span> <span class='ocrx_word' id='word_1_245' title='bbox 1055 2149 1147 2184; x_wconf 86' lang='lat' dir='ltr'><em>inter</em></span> <span class='ocrx_word' id='word_1_246' title='bbox 1180 2151 1236 2185; x_wconf 82' lang='lat' dir='ltr'><em>in·</em></span> 
     </span>
     <span class='ocr_line' id='line_1_33' title="bbox 115 2209 1239 2260; baseline 0.004 -16"><span class='ocrx_word' id='word_1_247' title='bbox 115 2209 245 2245; x_wconf 85' lang='lat' dir='ltr'><em>ducias</em></span> <span class='ocrx_word' id='word_1_248' title='bbox 272 2209 490 2258; x_wconf 72' lang='lat' dir='ltr'><em>defecerant,</em></span> <span class='ocrx_word' id='word_1_249' title='bbox 519 2213 623 2248; x_wconf 86' lang='lat' dir='ltr'><em>reddi</em></span> <span class='ocrx_word' id='word_1_250' title='bbox 652 2212 742 2248; x_wconf 73' lang='lat' dir='ltr'><em>inihi</em></span> <span class='ocrx_word' id='word_1_251' title='bbox 769 2225 906 2260; x_wconf 83' lang='lat' dir='ltr'><em>cequum</em></span> <span class='ocrx_word' id='word_1_252' title='bbox 934 2214 1113 2249; x_wconf 80' lang='lat' dir='ltr'><em>censebam</em></span> <span class='ocrx_word' id='word_1_253' title='bbox 1126 2231 1138 2257; x_wconf 87' lang='lat'><em>,-</em></span> <span class='ocrx_word' id='word_1_254' title='bbox 1167 2227 1239 2251; x_wconf 86' lang='lat' dir='ltr'><em>non</em></span> 
     </span>
     <span class='ocr_line' id='line_1_34' title="bbox 121 2273 1240 2325; baseline 0.005 -17"><span class='ocrx_word' id='word_1_255' title='bbox 121 2273 211 2321; x_wconf 82' lang='lat' dir='ltr'><em>quia</em></span> <span class='ocrx_word' id='word_1_256' title='bbox 228 2286 363 2321; x_wconf 85' lang='lat' dir='ltr'><em>magna</em></span> <span class='ocrx_word' id='word_1_257' title='bbox 389 2278 538 2312; x_wconf 85' lang='lat' dir='ltr'><em>accessio</em></span> <span class='ocrx_word' id='word_1_258' title='bbox 558 2289 600 2313; x_wconf 86' lang='lat' dir='ltr'><em>ea</em></span> <span class='ocrx_word' id='word_1_259' title='bbox 619 2278 720 2325; x_wconf 84' lang='lat' dir='ltr'><em>regni</em></span> <span class='ocrx_word' id='word_1_260' title='bbox 737 2276 876 2325; x_wconf 85' lang='lat' dir='ltr'><em>futura</em></span> <span class='ocrx_word' id='word_1_261' title='bbox 904 2282 1003 2320; x_wconf 84' lang='lat' dir='ltr'><em>esset,</em></span> <span class='ocrx_word' id='word_1_262' title='bbox 1028 2280 1128 2325; x_wconf 88' lang='lat' dir='ltr'><em>(sunt</em></span> <span class='ocrx_word' id='word_1_263' title='bbox 1146 2280 1240 2315; x_wconf 76' lang='lat' dir='ltr'><em>enim</em></span> 
     </span>
     <span class='ocr_line' id='line_1_35' title="bbox 116 2341 1239 2392; baseline 0.004 -17"><span class='ocrx_word' id='word_1_264' title='bbox 116 2342 291 2388; x_wconf 40' lang='lat' dir='ltr'><em>*etparva</em></span> <span class='ocrx_word' id='word_1_265' title='bbox 309 2341 458 2389; x_wconf 80' lang='lat' dir='ltr'><em>oppida,</em></span> <span class='ocrx_word' id='word_1_266' title='bbox 479 2346 514 2378; x_wconf 92' lang='lat' dir='ltr'><em>et</em></span> <span class='ocrx_word' id='word_1_267' title='bbox 531 2343 569 2378; x_wconf 90' lang='lat' dir='ltr'><em>in</em></span> <span class='ocrx_word' id='word_1_268' title='bbox 573 2342 713 2392; x_wconf 80' lang='lat' dir='ltr'><em>finibus</em></span> <span class='ocrx_word' id='word_1_269' title='bbox 731 2344 895 2379; x_wconf 76' lang='lat' dir='ltr'><em>extremis</em></span> <span class='ocrx_word' id='word_1_270' title='bbox 912 2343 1052 2391; x_wconf 81' lang='lat' dir='ltr'><em>posita)</em></span> <span class='ocrx_word' id='word_1_271' title='bbox 1075 2344 1137 2380; x_wconf 81' lang='lat' dir='ltr'><em>sed</em></span> <span class='ocrx_word' id='word_1_272' title='bbox 1156 2345 1239 2392; x_wconf 77' lang='lat' dir='ltr'><em>quia</em></span> 
     </span>
    </p>
   </div>
  </div>
 </body>
</html>
