1546 2648
297 173 356 227 46
460 218 465 225 ,
755 185 801 214 Τ.
825 185 960 215 mvn

102 271 148 303 U·
164 270 201 302 C·
215 275 474 325 ⁵62·campum
493 273 709 310 descendit:
741 274 828 311 inde
848 287 963 323 quum
988 274 1202 325 profectum
1228 276 1408 319 audisset,

102 316 145 346 A*
161 316 197 349 Ο·
214 323 286 350 ¹9⁰⁶
297 345 448 375 secutus
480 339 642 388 vestigia
674 340 769 375 citra
804 339 1012 388 Phrygium
1048 352 1212 382 amnem,
1245 347 1411 388 quatuor

295 403 415 440 millia
430 403 477 440 ab
497 404 608 439 hoste
627 404 756 453 posuit
775 409 909 438 castra.
964 402 1026 438 Eo
1046 402 1148 439 mille
1165 402 1284 439 ferme
1303 403 1407 452 equi-

294 473 367 510 tes,
388 468 570 515 (maxima
600 479 685 517 pars
715 465 942 515 Gallograeci
974 473 1095 510 erant,
1117 474 1155 502 et
1182 466 1304 503 Dahae
1324 467 1411 515 qui-

295 530 381 568 dam
419 531 652 580 aliarumque
689 531 859 579 gentium
893 532 1079 579 sagittarii
1113 532 1257 580 equites
1287 532 1406 567 inter-

294 594 424 640 mixti)
448 594 681 630 tumultuose
702 606 813 629 amne
833 593 1009 643 trajecto,
1037 595 1075 630 in
1095 595 1278 630 stationes
1299 595 1407 644 inpe-

294 663 375 694 tum
412 657 597 694 fecerunt.
653 657 783 693 Primo
820 657 1070 693 turbaverunt
1101 658 1375 708 incompositos
1395 672 1404 694 ι

294 721 442 764 deinde,
463 734 577 770 quum
598 720 749 769 longius
776 726 967 756 certamen
987 720 1107 763 fieret,
1128 720 1406 764 Romanorum,

294 797 341 821 ex
359 786 581 836 propinquis
599 785 730 822 castris
750 784 853 821 facili
873 784 1056 828 subsidio,
1075 791 1260 821 cresceret
1273 797 1406 821 nume-

291 860 371 892 rus,
392 849 499 898 regii,
519 848 706 899 fessijam
731 854 769 885 et
798 849 922 900 plures
948 862 1027 885 non
1046 850 1289 891 sustinentes,
1309 849 1404 885 reci-

291 925 382 964 pere
401 926 441 949 se
457 914 598 956 conati,
617 913 717 949 circa
735 913 856 963 ripam
875 913 1010 956 amnis,
1028 913 1246 963 priusquam
1265 912 1406 948 flumen

292 978 591 1028 ingrederentur,
609 978 656 1014 ab
677 977 907 1014 instantibus
927 984 1036 1027 tergo
1052 976 1197 1026 aliquot
1215 977 1407 1013 interfecti

292 1049 393 1079 sunt.
449 1042 615 1078 Biduum
636 1041 769 1078 deiude
793 1041 986 1077 silentium
1004 1041 1092 1084 fuit,
1112 1042 1255 1076 neutris
1280 1047 1404 1077 trans-

291 1106 550 1157 gredientibus
580 1118 748 1142 amnem:
780 1106 896 1141 tertio
915 1112 1004 1155 post
1027 1106 1088 1141 die
1106 1105 1275 1141 Romani
1293 1104 1407 1146 simul

293 1184 425 1208 omnes
445 1171 671 1219 transgressi
699 1177 801 1213 sunt,
822 1177 860 1206 et
882 1170 957 1206 duo
989 1168 1109 1206 millia
1131 1169 1210 1206 fere
1237 1175 1276 1205 et
1294 1169 1407 1218 quin-

293 1242 429 1283 gentos
450 1247 580 1285 passus
602 1234 648 1270 ab
668 1234 780 1270 hoste
799 1240 1008 1284 posuerunt
1028 1240 1162 1271 eastra.
1217 1233 1404 1270 Metauti-

291 1300 362 1338 bus
383 1307 422 1336 et
441 1301 646 1337 muniendo
667 1301 875 1350 occupatis,
896 1301 970 1337 tria
996 1299 1115 1335 millia
1133 1298 1279 1336 delecta
1298 1299 1403 1348 equi-

290 1371 372 1401 tum
391 1364 635 1415 peditumque
653 1364 845 1412 regiorum
860 1376 1001 1412 magno
1017 1370 1161 1399 terrore
1176 1376 1219 1399 ac
1238 1361 1404 1398 tumultu

291 1430 475 1466 advenere
491 1444 498 1465 ε
522 1427 717 1477 aliquanto
733 1428 945 1478 pauciores,
963 1428 1026 1477 qui
1042 1428 1081 1463 in
1100 1427 1265 1463 statione
1280 1431 1401 1470 erant,

290 1494 366 1530 dno
384 1500 512 1530 tamen
533 1493 664 1536 millia,
681 1505 747 1543 per
767 1505 820 1535 se,
836 1491 942 1528 nullo
962 1505 984 1528 a
1004 1483 1240 1528 munimento
1255 1497 1400 1527 castro-

289 1571 374 1596 rum
392 1557 513 1594 milite
532 1564 706 1600 avocato,
728 1563 767 1593 et
784 1557 907 1607 primo
928 1569 1076 1605 aequum
1095 1555 1271 1606 proelium
1286 1555 1400 1591 susti-

290 1634 420 1665 nuere,
448 1628 500 1665 et,
527 1628 719 1658 crescente
745 1621 965 1664 certamine,
998 1619 1225 1670 pepulerunt
1255 1619 1399 1662 hostes,

290 1694 442 1722 centum
471 1699 518 1722 ex
550 1687 608 1722 his
633 1686 781 1729 occisis,
813 1691 965 1722 centum
993 1684 1110 1720 ferme
1139 1684 1272 1735 captiS.
1328 1683 1402 1720 Per

289 1751 532 1800 quatriduum
550 1751 750 1800 insequens
770 1751 965 1786 instructae
991 1749 1179 1797 utrimque
1207 1749 1306 1786 acies
1330 1762 1400 1800 pro

290 1815 391 1851 vallo
410 1821 571 1852 stetere:
603 1816 738 1864 quinto
758 1815 817 1850 die
832 1814 1000 1850 Romani
1019 1825 1235 1863 processere
1263 1814 1300 1850 in
1320 1827 1399 1852 me·

290 1880 393 1916 dium
419 1880 554 1930 campi.
610 1880 825 1916 Antiochus
853 1879 950 1915 nihil
975 1878 1165 1929 promovit
1193 1878 1316 1926 signa,
1346 1880 1399 1917 ita

289 1950 331 1980 ut
352 1944 508 1979 extremi
530 1944 652 1980 minus
674 1943 777 1979 mille
795 1944 907 1993 pedes
928 1956 950 1979 a
967 1942 1067 1979 vallo
1087 1942 1274 1980 abessent.

343 2007 545 2044 XXXIX.
576 2007 734 2050 Consul,
754 2014 957 2058 postquam
982 2007 1182 2043 detractari
1207 2014 1397 2044 certamen

288 2071 395 2114 vidit,
415 2078 570 2120 postero
589 2071 649 2109 die
675 2071 713 2107 in
733 2071 934 2108 consilium
962 2071 1171 2109 advocavit.
1221 2071 1317 2114 Quid
1335 2072 1400 2109 sibi

278 2135 496 2185 faciendum
515 2141 613 2178 esset,
630 2138 660 2172 si
679 2136 875 2172 Antiochus
887 2137 1076 2185 pugnandi
1091 2137 1230 2184 copiam
1249 2136 1400 2184 nonfa-

288 2205 382 2236 ceret
396 2201 416 2237 Γ)
446 2199 585 2236 Instare
605 2200 750 2236 hiemem
765 2217 777 2237 .·
806 2205 870 2237 aut
888 2201 949 2237 sub
965 2200 1117 2249 pellibus
1137 2200 1313 2237 habendos
1330 2203 1399 2238 mi-

288 2264 473 2315 litessore,
494 2271 571 2309 aut,
590 2268 618 2301 si
640 2267 828 2303 concedere
847 2269 884 2304 in
904 2267 1048 2303 hiberno
1068 2267 1213 2309 vellent,
1235 2267 1398 2316 differen-

288 2330 374 2366 dum
393 2341 463 2367 esse
486 2332 523 2367 in
548 2335 707 2368 oestatem
727 2330 866 2368 bellum.
922 2330 1083 2369 Nullum
1109 2342 1287 2382 umquam
1310 2330 1400 2367 hos·
