1546 2648
373 201 528 231 muniz
551 198 632 227 xi„
665 192 772 226 cAr.
793 198 872 225 xe.
1094 183 1173 238 265

70 289 188 335 bant;
220 296 376 326 externa
403 287 544 325 auxilia
571 286 618 323 ab
647 284 761 321 simili
790 290 993 327 armatura,
1022 284 1177 322 meliore
1189 289 1369 323 U.C.⁵72.

72 354 304 404 aliquantum
331 352 492 389 militum
519 363 670 400 genere,
696 347 943 397 urgebantur,
965 361 1034 385 nec
1052 349 1179 388 locum
1190 335 1230 364 A'
1245 332 1282 363 C'
1299 338 1372 362 ¹⁸⁰*

73 418 170 453 tueri
195 422 383 467 poterant.
441 414 636 457 Celtiberi,
662 411 726 448 ubi
754 411 928 447 ordinata
947 412 1027 448 acie
1046 420 1084 449 et
1102 414 1180 463 sig-

73 481 131 517 nis
151 480 310 517 conlatis
331 492 370 516 se
390 492 467 516 non
488 491 568 515 esse
587 489 694 528 pares
723 475 937 524 legionibus
966 485 1180 522 senserunt,

75 556 196 581 cuneo
231 544 506 594 inpressionem
537 541 734 578 fecerunt:
767 552 843 588 quo
871 545 1020 576 tantum
1054 542 1181 580 valent

73 619 210 657 genere
236 619 389 657 pugnae,
419 611 475 648 ut,
502 615 739 654 quacumque
766 609 874 652 parte
901 603 1094 653 perculere
1122 606 1181 643 in-

75 677 166 721 petu
185 683 269 714 suo,
290 669 466 706 sustineri
484 672 675 717 nequeant
693 681 700 702 :
732 672 824 702 tunc
844 679 993 715 quoque
1021 668 1183 707 turbatae

75 734 244 784 legiones
264 741 366 777 sunt,
386 745 505 784 prope
523 733 735 781 interrupta
753 731 865 767 acies.
922 731 1048 773 Quam
1067 736 1183 785 trepi-

78 799 270 835 dationem
299 798 365 835 ubi
393 797 550 834 Flaccus
571 795 782 846 conspexit,
804 807 900 844 equo
924 797 1120 835 advehitur
1139 801 1187 837 ad

76 862 305 911 legionarios
335 862 502 910 equites:
536 865 587 902 et,
618 859 759 907 Ecquid
783 860 911 896 auxilii
930 861 967 896 in
985 862 1080 898 vobis
1098 869 1149 899 est
1164 866 1186 900 ‚9

77 929 209 965 Actum
227 927 310 975 jam
338 929 380 964 de
409 928 473 963 hoc
491 927 644 962 exercitu
663 928 769 961 erit?
800 940 915 976 quum
935 929 1101 979 undique
1119 931 1185 968 ad-

79 993 317 1037 clamassent,
335 995 421 1042 quin
439 994 571 1035 ederet,
591 993 679 1040 quid
690 992 780 1041 fieri
797 993 884 1028 velit
897 1008 911 1036 ;
940 1006 1010 1029 non
1033 998 1188 1042 segniter

77 1059 265 1106 imperium
279 1063 511 1095 exsecuturos,
548 1057 750 1105 Duplicate
770 1061 918 1099 turmas,
939 1057 1075 1106 inquit,
1096 1061 1187 1095 clua-

78 1134 156 1157 rum
179 1123 355 1170 legionum
384 1123 530 1170 equites,
560 1125 595 1156 et
616 1121 817 1168 permittite
843 1133 949 1169 equos
980 1123 1016 1158 in
1041 1135 1189 1160 cuneum

81 1187 245 1229 hostium,
267 1200 335 1235 quo
363 1191 499 1222 nostros
525 1189 680 1232 urgent:
711 1185 750 1220 id
775 1196 854 1220 cum
875 1183 1010 1230 majore
1028 1188 1063 1222 υἱ
1081 1199 1190 1236 equo-

80 1263 159 1286 rum
169 1250 334 1299 facietis,
354 1253 384 1287 si
402 1251 592 1300 effu-enatos
610 1249 646 1284 in
665 1260 721 1283 eos
739 1259 844 1295 equos
859 1250 1041 1285 inmittitis
1055 1267 1068 1286 .·
1095 1251 1191 1299 quod

78 1327 169 1362 scepe
198 1315 380 1350 Romanos
405 1315 538 1361 equites
565 1325 645 1348 cum
672 1324 804 1359 magna
833 1313 940 1348 laude
954 1313 1087 1361 fecisse
1109 1327 1189 1359 sua,

79 1381 256 1415 memorioe
270 1380 458 1428 proditum
486 1382 549 1413 est.
604 1375 722 1412 Dicto
751 1383 970 1426 paruerunt,
992 1378 1189 1416 detractis-

81 1455 152 1494 que
172 1443 286 1479 frenis
307 1443 364 1479 bis
385 1442 484 1479 uitro
501 1442 672 1489 citroque
692 1453 777 1476 cum
795 1453 934 1489 magna
953 1448 1078 1491 strage
1097 1443 1187 1481 hos-

78 1507 188 1548 tium,
211 1506 379 1542 infractis
400 1505 574 1542 omnibus
590 1504 724 1546 hastis,
744 1510 1059 1543 transcurrerunt.
1096 1507 1189 1545 Dis-

80 1570 204 1619 sipato
236 1584 372 1613 cuneo,
406 1571 445 1606 in
471 1582 547 1618 quo
580 1569 702 1604 omnis
731 1581 814 1618 spes
841 1568 978 1612 fuerat,
1007 1570 1190 1610 Celtiberi

80 1634 281 1683 trepidare,
300 1643 351 1677 et,
372 1646 490 1684 prope
508 1634 647 1670 omissa
676 1646 817 1682 pugna,
843 1633 969 1670 locum
996 1635 1095 1684 fugae
1115 1638 1187 1673 cir-
1201 1648 1404 1689 Caedunt-un

82 1698 324 1747 cumspicere.
379 1698 433 1733 Et
452 1696 558 1734 alarii
580 1697 739 1745 equiteS,
760 1702 962 1746 postquam
989 1698 1188 1738 Romano-

81 1773 163 1797 rum
183 1762 352 1810 equitum
367 1767 444 1797 tam
463 1760 709 1797 memorabile
724 1760 869 1797 facinus
889 1762 1027 1807 videre,
1045 1771 1082 1800 et
1100 1766 1188 1815 ipsi,

80 1823 218 1861 virtute
239 1837 370 1860 eorum
389 1825 550 1867 accensi,
572 1824 652 1859 sine
672 1823 781 1859 ullius
802 1825 961 1874 imperio
981 1827 1019 1862 in
1039 1835 1188 1877 pertur-

79 1885 190 1924 batos
203 1886 286 1937 jam
300 1888 429 1924 hostes
451 1900 566 1936 equos
596 1887 806 1924 inmittunt.
862 1888 972 1925 Tunc
990 1903 1080 1928 vero
1101 1893 1188 1929 Cel-

80 1949 191 1986 tiberi
224 1963 354 1987 omnes
388 1951 427 1986 in
459 1950 589 1999 fugam
622 1949 878 1994 effunduntur,
909 1958 946 1988 et
982 1954 1189 2004 imperator

81 2011 293 2057 Romanus,
314 2026 464 2050 aversos
484 2015 612 2060 hostes
642 2014 934 2063 contemplatus,
956 2017 1072 2053 aedem
1091 2018 1124 2054 F
1125 2033 1188 2056 or·

81 2082 182 2112 tunae
201 2077 394 2126 Equestri,
414 2076 577 2126 Jovique
596 2077 742 2127 optimo
759 2078 925 2114 maximo
944 2078 1052 2116 ludos
1073 2084 1190 2121 vovit.

84 2139 290 2176 Caeduntur
326 2140 508 2177 Celtiberi
553 2154 620 2191 per
665 2146 790 2177 totum
835 2141 972 2178 saltum
1019 2144 1192 2197 dissipati

83 2203 198 2251 fuga:
231 2204 358 2241 decem
386 2211 425 2241 et
453 2211 596 2255 septem
624 2205 743 2242 millia
760 2205 927 2243 hostium
948 2221 1044 2245 caesa
1063 2222 1108 2246 eo
1128 2211 1189 2248 die

85 2267 307 2302 traduntur:
339 2269 412 2304 vivi
441 2270 543 2320 capti
572 2268 655 2319 plus
684 2276 846 2318 quatuor
866 2271 995 2315 millia,
1017 2273 1188 2310 ducentia

84 2330 325 2380 septuaginta
355 2338 500 2382 septem
535 2346 620 2369 cum
652 2333 769 2382 signis
807 2334 1047 2380 militaribus,
1085 2339 1188 2388 equis

139 2391 243 2433 Vel„
262 2393 329 2430 IV.
650 2397 702 2432 N>
