1546 2648
308 194 463 224 LIBER
488 191 716 221 XXXVIII.
749 189 856 219 CAP.
881 191 1034 220 XLIII.
1146 189 1222 232 129

106 283 317 321 exercitibus
352 283 509 318 obtinere
544 293 632 329 opus
667 285 782 323 esset‚·
811 282 902 316 sicut
942 280 1005 316 Μ’.
1027 279 1145 315 Acilio
1178 279 1222 315 L.
1235 280 1325 313 U.c.
1341 284 1414 312 565.

105 349 227 396 Scipio
256 348 392 390 consul,
414 347 458 383 L.
480 347 643 394 Scipioni
669 346 725 382 M.
744 346 888 381 Fulvius
916 350 950 380 et
978 344 1042 380 Cn.
1064 344 1225 379 Manlius
1236 324 1324 356 A'C'
1342 328 1412 359 ²⁸⁷⁰

102 414 341 450 successissent
370 412 554 455 consules;
586 413 640 447 ita
669 411 794 446 Fulvio
824 410 1036 458 Manlioque
1062 409 1099 445 C.
1121 408 1223 444 Livi-

103 490 165 514 um
183 482 218 513 et
236 477 290 513 M.
312 477 490 512 Valerium
515 476 671 511 consules
695 475 851 511 debuisse
871 475 1068 511 succedere.
1118 473 1225 509 Nunc

104 545 210 583 certe,
228 540 390 589 perfecto
402 540 565 576 Δ»Ειοίἱεο
584 539 688 580 bello,
709 543 853 586 recepta
872 537 916 573 ab
928 537 1104 573 Antiocho
1119 537 1222 578 Asia,

105 606 251 642 devictis
285 606 414 646 Gallis,
451 609 517 640 aut
549 604 705 640 consules
737 604 786 638 acl
819 604 990 638 exercitus
1023 602 1224 638 consulares

104 671 216 712 mitti,
249 674 312 705 aut
344 670 524 717 reportari
556 669 710 716 legiones
742 669 838 710 inde,
873 668 1045 714 reddique
1081 666 1223 701 tandem

105 734 307 782 reipublicae
327 734 458 769 debere.
517 733 692 774 Senatus,
712 732 770 767 his
792 731 945 775 auditis,
966 732 1006 767 in
1035 730 1226 766 sententia

107 798 370 848 perseveravit,
402 804 443 832 ut
472 795 691 832 consulibus
722 796 907 832 ambobus
938 795 1097 845 Ligures
1134 806 1223 844 pro-

108 862 231 898 vincia
252 868 368 897 esset:
391 860 581 896 Manlium
601 859 852 909 Fulviumque
872 860 1050 896 decedere
1070 859 1115 894 de
1134 870 1223 908 pro-

107 925 253 968 vinciis,
285 931 323 961 et
355 925 542 961 exercitus
576 923 664 959 inde
691 924 887 967 deducere,
918 936 961 959 ac
993 922 1114 959 redire
1140 921 1224 959 Ro-

108 1002 222 1033 mam,
243 989 397 1039 placuit.

160 1054 313 1090 XLIII.
344 1054 560 1090 Inimicitiae
579 1053 679 1089 inter
697 1053 754 1090 M.
774 1052 950 1090 Fulvium
971 1059 1009 1088 et
1027 1052 1084 1089 M.
1097 1051 1224 1088 AEmi-

107 1118 198 1154 lium
226 1117 417 1154 consulem
444 1124 573 1153 erant:
606 1124 642 1153 et
667 1130 778 1167 super
807 1123 932 1153 cetera
952 1116 1146 1159 AEmilius,
1165 1129 1224 1152 se-

108 1182 184 1217 rius
213 1181 368 1218 biennio
397 1193 436 1217 se
465 1180 657 1216 consulem
689 1181 831 1217 factum
859 1180 917 1218 M.
941 1179 1063 1216 Fulvii
1093 1192 1222 1230 opera,

108 1245 294 1281 ducebat:
328 1246 455 1295 itaque
489 1247 534 1283 ad
567 1247 746 1284 invidiam
777 1248 811 1283 ei
836 1247 1048 1284 faciendam
1075 1246 1222 1295 legatos

106 1309 396 1346 Ambracienses
430 1311 468 1345 in
502 1318 689 1354 senatum,
725 1311 952 1347 subornatos
987 1310 1220 1354 criminibuS,

106 1375 328 1410 introduxit.
385 1375 462 1413 Qui
490 1375 567 1418 sibi,
588 1389 694 1424 quum
717 1377 752 1412 in
774 1388 865 1424 pace
883 1380 1005 1417 essent,
1028 1376 1223 1423 imperata·
1235 1378 1387 1427 Fulvium-3

108 1451 174 1487 que
193 1452 215 1475 a
236 1439 415 1487 prioribus
435 1441 632 1476 consulibus
646 1439 834 1489 fecissent,
856 1445 888 1476 el
909 1441 1032 1476 eadem
1051 1444 1223 1488 praestare
1234 1423 1403 1495 2¹?leng

109 1504 308 1540 obedienter
337 1504 392 1540 M.
419 1505 545 1540 Fulvio
578 1506 705 1553 porcili
741 1509 866 1548 essent,
901 1505 1032 1541 bellum
1069 1506 1360 1542 inlatumcusant.

108 1569 245 1617 questi,
277 1581 382 1616 agros
413 1570 573 1616 primum
609 1570 858 1617 depopulatos,
898 1573 1067 1605 terrorem
1103 1570 1223 1618 direp-

112 1633 218 1668 tionis
243 1637 277 1668 et
305 1633 409 1668 ccedis
432 1633 511 1668 urbi
541 1631 721 1678 injectum,
744 1638 783 1668 ut
801 1645 841 1668 eo
860 1637 958 1668 metu
982 1634 1146 1668 claudere
1164 1646 1224 1669 co-

107 1701 277 1744 gerentur
300 1702 452 1745 portas:
481 1698 627 1733 obsessos
656 1698 782 1733 deinde
810 1703 844 1733 et
873 1698 1092 1745 obpugnatos
1118 1709 1166 1740 se,
1191 1703 1252 1746 et(

109 1763 229 1797 omnia
253 1763 413 1810 exempla
441 1762 523 1798 belli
560 1763 658 1798 edita
691 1763 727 1798 in
759 1774 808 1805 se,
845 1762 1007 1804 coedibus,
1037 1763 1222 1806 incendiis,

110 1827 233 1867 ruinis,
254 1827 452 1874 direptione
473 1826 595 1862 urbis:
623 1824 801 1873 conjuges,
827 1826 952 1862 liberos
976 1827 1013 1861 in
1040 1828 1225 1862 servitium

110 1890 302 1925 abstractos
319 1906 331 1926 .·
361 1890 450 1926 bona
478 1892 636 1933 ademta,
658 1895 705 1932 et,
728 1892 822 1938 quod
846 1902 881 1926 se
904 1895 987 1926 ante
1005 1892 1124 1926 omnia
1146 1902 1223 1926 mo-

111 1958 204 1996 veat,
226 1955 360 2002 templa
381 1958 457 1989 tota
475 1954 560 1989 urbe
583 1955 741 2002 spoliata
761 1956 976 1990 ornamentis
991 1970 1003 1990 .·
1029 1944 1225 1990 simulacra

112 2017 246 2058 DezZm,
268 2018 368 2054 Deos
387 2020 494 2054 immo
514 2020 618 2066 ipso&
641 2019 824 2054 convulsos
843 2030 884 2054 ex
901 2019 1038 2054 sedibus
1055 2020 1139 2061 suis,
1160 2018 1223 2054 ab·

113 2083 203 2118 latos
233 2094 302 2118 esse
316 2099 327 2126 ,-
355 2084 510 2130 parietes
535 2087 722 2130 postesque
747 2083 912 2125 nudatos,
944 2086 1029 2130 quos
1057 2083 1221 2126 adorent,

112 2146 159 2181 ad
177 2157 260 2192 quos
276 2151 464 2193 precentur
483 2150 517 2181 et
541 2147 757 2194 supplicent,
778 2145 1083 2183 Ambraciensibus
1100 2159 1223 2195 super-

111 2222 191 2246 esse.
247 2209 342 2245 Haec
377 2217 590 2258 querentes,
628 2210 901 2258 interrogando
939 2210 1140 2247 criminose
1176 2224 1224 2249 ex

114 2273 341 2321 composito,
372 2273 503 2309 consul
531 2274 578 2310 ad
608 2273 728 2322 plura,
752 2272 855 2309 velut
883 2285 961 2308 non
991 2285 1059 2308 sua
1087 2279 1223 2322 sponte

114 2335 283 2380 dicenda,
322 2335 506 2374 eliciebat.
572 2335 692 2373 Motis
730 2335 922 2380 Patribus,
960 2335 1054 2372 alter
1091 2336 1222 2380 consul

630 2399 705 2437 G5
