1546 2648
112 509 229 542 Rhodii

109 556 253 586 victores.

306 158 362 204 30
762 158 807 188 τ.
831 159 965 188 L1v11

283 273 293 283 .
310 262 391 286 ram
409 246 613 291 lacerabat,
634 253 699 284 aut
718 260 841 284 remos
861 247 1093 298 detergebat,
1114 254 1194 292 aut,
1214 247 1336 286 libero
1356 248 1415 284 in-

234 306 240 319 (
278 318 285 326 ‘
308 321 366 350 ter
382 314 530 350 ordines
550 313 718 349 discursu
739 320 996 363 praetervecta,
1010 314 1048 349 in
1069 314 1225 364 puppim
1243 314 1415 364 inpetum

304 378 443 415 dabat:
483 378 647 414 maxime
679 377 861 413 exterruit
892 377 1056 428 hepteris
1091 378 1208 427 regia,
1239 391 1261 414 a
1291 376 1413 413 multo

305 443 452 479 minore
468 441 623 478 Rhodia
641 454 736 477 nave
755 453 832 477 uno
852 441 929 478 ictu
945 442 1125 480 demersa.
1182 441 1316 492 Itaque
1329 440 1413 491 jam

305 507 406 543 haud
426 506 537 543 dubie
557 506 753 542 dexterum
773 518 890 542 cornu
911 506 1078 544 hostium
1098 508 1135 543 in
1153 506 1284 556 fugam
1302 505 1412 542 incli-

302 570 434 607 nabat.
472 570 687 606 Eudamum
707 572 744 605 in
766 569 858 613 alto,
875 571 1115 608 multitudine
1133 572 1285 608 navium
1306 583 1413 607 max-

302 635 378 671 ime
407 628 619 676 Hannibal,
650 635 782 669 ceteris
811 634 986 671 omnihus
1016 634 1130 684 longe
1154 640 1412 686 praestantem,

301 698 486 748 urgebat:
533 706 571 734 et
602 699 924 741 circumvenisset,
956 700 1010 742 ni,
1041 700 1152 748 siguo
1184 698 1335 735 sublato
1366 712 1413 736 ex

300 765 480 814 praetoria
515 775 624 806 nave,
663 765 756 812 (quo
792 763 998 814 dispersam
1032 763 1188 800 classem
1221 763 1261 799 in
1290 775 1410 800 unum

299 826 442 877 conligi
471 840 551 863 mos
573 827 669 874 erat)
693 839 838 870 omneS,
859 840 941 876 quae
962 828 1000 863 in
1021 828 1152 864 dextro
1173 839 1290 864 cornu
1308 827 1410 863 vice-

298 899 398 935 rant,
420 905 533 929 naves
564 892 610 928 ad
640 904 752 941 opem
779 891 971 928 ferendam
996 893 1071 928 suis
1099 893 1405 928 concurrissent:

294 958 379 992 'tum
409 962 447 992 et
477 955 687 998 Hannibal,
714 968 871 1005 quaeque
900 956 999 992 circa
1028 969 1113 993 eum
1143 963 1250 992 erant
1277 968 1406 999 naves,

298 1026 500 1070 capessunt
531 1019 684 1068 fugam:
730 1033 799 1056 nec
831 1021 976 1069 insequi
1006 1020 1162 1063 Rhodii,
1194 1033 1240 1057 ex
1268 1032 1407 1069 magna

295 1090 403 1134 parte
423 1084 546 1132 aegriS‚
563 1089 601 1119 et
620 1082 670 1119 ob
691 1083 727 1119 id
748 1083 903 1119 celerius
924 1083 1031 1120 fessis
1052 1084 1271 1132 remigibus,
1291 1090 1405 1134 potu-

295 1153 418 1184 eruut.
474 1147 603 1186 Quum
621 1148 660 1182 in
682 1147 775 1191 alto,
796 1147 859 1183 ubi
881 1147 1142 1190 substiterant,
1164 1147 1250 1184 cibo
1275 1147 1406 1184 refice-

293 1218 379 1248 rent
404 1211 514 1255 vires,
544 1210 821 1261 contemplatus
854 1211 1046 1248 Eudamus
1076 1212 1220 1255 hostes,
1250 1211 1402 1249 claudas

292 1276 561 1325 mutilatasque
579 1288 693 1312 naves
710 1276 849 1326 apertis
870 1276 1027 1312 navibus
1056 1276 1222 1313 remulco
1249 1277 1403 1312 trahen-

293 1347 364 1385 tes,
386 1340 519 1390 viginti
550 1340 677 1390 paullo
708 1340 867 1390 amplius
897 1341 1063 1389 integras
1093 1341 1352 1384 abscedentes,
1380 1353 1402 1378 e

292 1406 386 1441 turri
407 1405 593 1456 praetoriae
613 1405 718 1441 navis
739 1405 890 1441 silentio
907 1405 1023 1448 facto,
1042 1407 1244 1454 Exsurgite,
1263 1406 1400 1455 inquit,

288 1475 326 1506 et
344 1472 524 1518 egregimn
541 1471 782 1519 spectaculum
808 1472 978 1518 capessite
1003 1471 1137 1506 oculis!
1165 1470 1402 1507 Consurrex-

288 1547 352 1570 ere
371 1547 515 1578 omneS,
538 1534 858 1584 contemplatique
877 1534 1170 1584 trepidationem
1194 1534 1399 1584 fugamque

288 1597 472 1641 hostium,
493 1611 611 1648 prope
631 1611 705 1633 uua
726 1611 817 1634 voce
837 1597 1092 1634 exclamavere
1113 1610 1258 1639 omnes,
1280 1605 1322 1634 ut
1341 1611 1399 1634 se-

287 1669 504 1712 querentur.
560 1662 683 1713 Ipsius
705 1662 868 1698 Eudami
897 1662 1024 1698 multis
1045 1662 1180 1698 ictibus
1203 1661 1398 1699 vulnerata

285 1728 392 1764 navis
424 1733 516 1764 erat.
571 1727 847 1777 Pamphilidam
881 1733 919 1763 et
952 1726 1200 1763 Chariclitum
1234 1727 1394 1775 insequi,

283 1792 412 1841 quoad
440 1798 618 1842 putarent
650 1798 790 1834 tutum,
814 1790 942 1841 jussit.
998 1791 1243 1840 Aliquamtliu
1275 1791 1396 1827 secuti

282 1862 396 1893 suut:
443 1864 644 1907 postquam
679 1863 788 1892 tcrrae
820 1855 1149 1906 adpropinquabat
1182 1854 1392 1897 Hannibal,

282 1920 394 1956 veriti
420 1922 475 1956 'ne
506 1919 788 1956 includerentur
821 1927 935 1956 vento
967 1920 1005 1955 in
1035 1919 1202 1955 hostium
1236 1932 1316 1962 ora,
1347 1920 1394 1956 ad

278 1982 498 2021 Eudamum
529 1985 683 2028 revecti,
720 1985 915 2035 hepterem
952 1990 1115 2034 captam,
1153 1996 1235 2032 quae
1269 1984 1392 2034 primo

277 2061 468 2086 concursu
494 2050 571 2086 icta
595 2055 689 2092 erat,
711 2062 809 2098 aegre
838 2048 1075 2085 Phaselidem
1103 2054 1388 2099 pertraxerunt:

280 2113 369 2150 inde
398 2109 700 2155 Rhodum,'n0n
729 2120 806 2149 tarn
835 2113 995 2149 victoria
1022 2111 1114 2155 laeti,
1148 2124 1260 2161 quam
1293 2111 1389 2148 alius

276 2176 394 2214 *alium
410 2183 648 2221 accusanteS,
670 2178 783 2227 quod,
804 2190 919 2227 quum
948 2177 1148 2228 potuisset,
1168 2189 1246 2213 non
1266 2177 1389 2213 omnis

277 2240 472 2278 submersa
491 2247 556 2278 aut
575 2248 687 2291 capta
704 2240 834 2277 classis
861 2241 1029 2277 hostium
1053 2239 1166 2283 foret,
1187 2240 1389 2276 redierunt.

275 2300 488 2350 Hannibal,
506 2306 606 2343 ictus
628 2318 704 2343 uno
724 2305 860 2358 proelio
880 2305 1052 2350 adverso,
1068 2317 1116 2341 ne
1136 2310 1218 2342 tum
1237 2303 1387 2355 quidem
