1546 2648
565 120 571 135 l

373 203 530 234 LIBER
553 201 759 232 xxxvu.
791 200 899 230 CAP.
922 201 1056 230 xx11.
1197 197 1253 242 27

136 290 298 330 conlatis
318 290 424 330 abire
443 292 608 341 agmine,
630 291 678 328 ad
697 290 770 327 iter
787 289 922 339 magiS,
944 302 1058 338 quam
1085 286 1133 325 ad
1156 300 1252 339 pug-
1265 290 1310 323 U.
1326 289 1364 324 C.
1382 292 1460 324 5624

135 369 238 400 nam,
259 357 489 407 composito,
507 368 669 406 coepere.
727 354 885 394 Quievit
902 353 1144 404 Diophanes,
1165 353 1256 391 dum

135 421 175 458 in
203 428 411 472 conspectu
438 428 569 458 erant:
602 420 737 457 deinde
763 419 911 463 eodem,
937 431 1014 468 quo
1040 419 1174 470 pridie,
1194 419 1255 456 in-

135 494 227 538 petu
246 487 286 523 in
305 492 541 537 postremum
561 499 699 536 agmen
718 485 880 522 incurrit
892 501 904 531 3
926 490 1152 534 tantumque
1172 497 1254 521 rur-

137 563 199 587 sus
219 552 370 602 pavoris
390 565 434 588 ac
453 551 638 588 tumultus
659 551 834 594 incussit,
853 556 908 593 ut,
927 562 1042 599 quum
1059 555 1168 597 terga
1183 562 1256 585 cae-

136 615 328 659 derentur,
358 629 473 653 nemo
502 615 700 667 pugnandi
731 627 864 652 caussa
896 613 1078 650 restiterit
1094 642 1101 649 .
1138 613 1256 663 trepi-

137 682 360 731 dantesque,
377 688 415 718 et
430 682 494 718 vix
513 681 686 718 ordinem
706 680 869 730 agminis
889 686 1096 722 servantes,
1113 679 1152 715 in
1172 690 1255 715 cas-

134 751 193 783 tra
214 745 399 797 compulsi
419 753 519 783 sunt.
577 745 674 782 Haec
693 746 925 782 Achaeorum
945 745 1104 781 audacia
1123 743 1252 780 Seleu-

135 822 221 846 cum
241 822 288 847 ex
306 823 399 859 agro
419 810 657 858 Pergameno
677 822 831 846 movere
851 815 975 845 castra
993 809 1134 857 coegit.
1170 809 1253 846 An-

131 873 298 917 tiochus,
319 879 522 924 postquam
541 873 742 910 Romanos
769 880 808 910 et
834 873 1048 910 Eumenem
1067 872 1114 909 ad
1140 878 1251 909 tuen-

134 938 222 974 dum
241 938 532 988 Adramytteum
552 939 700 975 venisse
726 939 885 982 audivit,
906 950 951 974 ea
976 938 1127 987 quidem
1157 937 1252 975 urbe

131 1001 329 1046 abstinuit,
357 1002 608 1054 depopulatus
634 1015 760 1052 agros,
816 1002 988 1039 Peraeam
1018 1001 1119 1044 inde,
1144 1000 1250 1039 colo-

131 1067 234 1104 niam
254 1067 564 1118 Mitylenaeorum
584 1068 830 1119 expugnavit,
888 1068 1050 1111 Cotton,
1072 1073 1110 1103 et
1129 1067 1251 1117 Cory-

130 1131 254 1175 lenus,
275 1133 597 1183 etAphrodisiaS,
618 1141 656 1169 et
676 1133 817 1177 Grene,
847 1134 972 1184 primo
999 1133 1130 1183 inpetu
1161 1144 1250 1183 cap-

132 1202 181 1233 tae
202 1204 312 1233 sunt:
335 1197 423 1233 inde
441 1209 509 1248 per
527 1197 714 1247 Thyatira
734 1198 868 1234 Sardes
889 1198 1012 1235 rediit.
1054 1197 1248 1240 Seleucus,

126 1261 169 1297 in
191 1262 381 1298 maritima
406 1275 474 1299 ora
499 1275 740 1313 permanens,
761 1262 844 1299 aliis
870 1262 1022 1306 terrori,
1043 1261 1126 1299 aliis
1151 1275 1248 1312 prae-

131 1325 227 1361 sidio
248 1332 340 1363 erat.
398 1325 539 1362 Classis
560 1326 740 1362 Romana
759 1339 844 1362 cum
864 1326 1037 1362 Eumene
1063 1325 1248 1362 Rhodiis-

130 1402 202 1440 que
215 1390 430 1440 Mitylenen
447 1392 585 1442 primo,
602 1391 689 1427 inde
706 1397 824 1434 retro,
842 1390 942 1427 unde
958 1389 1131 1441 profecta
1151 1398 1247 1435 erat,

128 1454 273 1491 Elaeam
293 1455 417 1492 rediit.
464 1455 561 1492 Inde
582 1455 786 1492 Phocaeam
805 1461 980 1506 petentes
1000 1454 1047 1490 ad
1067 1454 1245 1498 insulam,

128 1532 240 1569 quam
260 1520 448 1557 Baebium
462 1527 616 1564 vocant,
637 1520 817 1568 (inminet
833 1519 918 1556 urbi
933 1519 1242 1567 Phocaeensium)

128 1584 369 1634 adpulerunt,
386 1591 438 1629 et,
455 1585 591 1635 quibus
609 1591 698 1622 ante
713 1585 979 1621 abstinuerant
994 1584 1145 1635 templis
1166 1585 1244 1634 sig-

128 1650 275 1698 nisque,
300 1651 468 1699 (egregie
497 1656 625 1687 autem
651 1657 837 1687 exornata
862 1649 986 1687 insula
1006 1651 1104 1697 erat)
1127 1663 1244 1700 quum

127 1713 319 1750 hostilit'er
347 1715 605 1765 diripuissent,
637 1715 684 1752 ad
713 1716 833 1765 ipsam
863 1715 996 1751 urbem
1022 1715 1255 1752 transmisea

126 1784 232 1814 runt:
266 1791 348 1815 eam
374 1779 501 1816 divisis
527 1780 628 1816 inter
653 1792 692 1816 se
714 1779 885 1830 partibus
906 1792 1021 1829 quum
1041 1779 1242 1830 obpugna-

126 1849 224 1885 rent,
245 1848 283 1878 et
304 1843 486 1888 viderent,
503 1844 585 1880 sine
604 1844 797 1894 operibus,
819 1844 932 1880 armis
953 1843 1138 1893 scalisque
1157 1845 1244 1895 capi

126 1918 204 1942 non
235 1920 369 1957 posse;
402 1908 559 1944 missum
589 1908 635 1945 ab
663 1908 861 1945 Antiocho
887 1908 1104 1958 praesidium
1126 1909 1243 1944 trium

125 1971 285 2008 millium
305 1979 537 2009 armatorum
558 1986 675 2023 quum
701 1974 881 2010 intrasset
909 1974 1064 2018 urbem3
1097 1980 1242 2010 extem-

125 2035 204 2085 plo,
227 2036 514 2087 obpugnatione
534 2038 689 2082 omissa,
711 2038 840 2074 classis
862 2038 909 2075 ad
929 2038 1091 2074 insulam
1117 2050 1156 2074 se
1183 2051 1242 2074 re-

125 2101 238 2150 cepit,
258 2102 355 2138 nihil
374 2102 477 2140 aliud
493 2116 606 2153 quam
627 2102 860 2155 depopulato
879 2104 980 2140 circa
999 2103 1132 2140 urbem
1150 2103 1242 2140 hos·

124 2166 221 2202 tium
240 2180 344 2216 agr0.

175 2231 314 2269 XXII.
344 2233 439 2269 Inde
454 2233 599 2284 placuit
616 2234 830 2271 Eumenem
851 2233 1008 2270 domurn
1027 2233 1182 2277 dimitti,
1205 2241 1243 2272 et

123 2309 336 2347 praeparare
355 2300 499 2336 consuli
520 2306 635 2350 atque
654 2301 855 2345 exercitui,
871 2313 954 2350 quae
975 2300 1022 2336 ad
1038 2300 1244 2338 transitum

122 2360 368 2414 Hellesponti
399 2377 494 2415 opus
528 2371 679 2403 essent:
721 2364 941 2402 Romanam
972 2364 1242 2415 Rhodiamque

644 2429 675 2466 C
695 2429 718 2466 2

1267 337 1307 368 A.
1324 337 1361 367 C.
1381 343 1454 369 190.

1265 746 1413 786 Pergam

1266 791 1389 820 obsidio

1265 833 1412 865 solvitur·
