<?xml version="1.0" encoding="UTF-8"?>
<!DOCTYPE html PUBLIC "-//W3C//DTD XHTML 1.0 Transitional//EN"
    "http://www.w3.org/TR/xhtml1/DTD/xhtml1-transitional.dtd">
<html xmlns="http://www.w3.org/1999/xhtml" xml:lang="en" lang="en">
 <head>
  <title>
</title>
<meta http-equiv="Content-Type" content="text/html;charset=utf-8" />
  <meta name='ocr-system' content='tesseract 3.04.00' />
  <meta name='ocr-capabilities' content='ocr_page ocr_carea ocr_par ocr_line ocrx_word'/>
</head>
<body>
  <div class='ocr_page' id='page_1' title='image "./historiarumquaes04livyuoft/historiarumquaes04livyuoft_0218.png"; bbox 0 0 1546 2648; ppageno 0'>
   <div class='ocr_carea' id='block_1_1' title="bbox 295 122 945 182">
    <p class='ocr_par' dir='ltr' id='par_1_1' title="bbox 295 122 945 182">
     <span class='ocr_line' id='line_1_1' title="bbox 295 122 945 182; baseline -0.009 -1"><span class='ocrx_word' id='word_1_1' title='bbox 295 137 376 182; x_wconf 82' lang='lat'><em>208</em></span> <span class='ocrx_word' id='word_1_2' title='bbox 453 122 457 128; x_wconf 38' lang='lat'>⁵</span> <span class='ocrx_word' id='word_1_3' title='bbox 740 145 786 174; x_wconf 83' lang='grc' dir='ltr'><em>Τ.</em></span> <span class='ocrx_word' id='word_1_4' title='bbox 812 142 945 176; x_wconf 77' lang='lat' dir='ltr'><em>mvn</em></span> 
     </span>
    </p>
   </div>
   <div class='ocr_carea' id='block_1_2' title="bbox 98 233 1404 286">
    <p class='ocr_par' dir='ltr' id='par_1_2' title="bbox 98 233 1404 286">
     <span class='ocr_line' id='line_1_2' title="bbox 98 233 1404 286; baseline -0.004 -9"><span class='ocrx_word' id='word_1_5' title='bbox 98 245 193 277; x_wconf 61' lang='lat' dir='ltr'><em>uc.</em></span> <span class='ocrx_word' id='word_1_6' title='bbox 209 244 419 282; x_wconf 83' lang='lat' dir='ltr'><em>⁵69.natus,</em></span> <span class='ocrx_word' id='word_1_7' title='bbox 449 233 667 286; x_wconf 85' lang='lat' dir='ltr'><em>responderi</em></span> <span class='ocrx_word' id='word_1_8' title='bbox 694 233 861 285; x_wconf 85' lang='lat' dir='ltr'>placuit:</span> <span class='ocrx_word' id='word_1_9' title='bbox 894 235 1001 272; x_wconf 83' lang='lat' dir='ltr'><em>Nihil</em></span> <span class='ocrx_word' id='word_1_10' title='bbox 1023 239 1167 284; x_wconf 82' lang='lat' dir='ltr'><em>patrem</em></span> <span class='ocrx_word' id='word_1_11' title='bbox 1195 234 1268 283; x_wconf 74' lang='lat' dir='ltr'><em>ejus</em></span> <span class='ocrx_word' id='word_1_12' title='bbox 1289 245 1404 284; x_wconf 80' lang='lat' dir='ltr'><em>neque</em></span> 
     </span>
    </p>
   </div>
   <div class='ocr_carea' id='block_1_3' title="bbox 99 289 282 321">
    <p class='ocr_par' dir='ltr' id='par_1_3' title="bbox 99 289 282 321">
     <span class='ocr_line' id='line_1_3' title="bbox 99 289 282 321; baseline -0.022 0"><span class='ocrx_word' id='word_1_13' title='bbox 99 290 140 321; x_wconf 83' lang='lat' dir='ltr'><em>A.</em></span> <span class='ocrx_word' id='word_1_14' title='bbox 154 289 190 319; x_wconf 87' lang='lat' dir='ltr'><em>C.</em></span> <span class='ocrx_word' id='word_1_15' title='bbox 209 294 282 319; x_wconf 77' lang='lat'>183.</span> 
     </span>
    </p>
   </div>
   <div class='ocr_carea' id='block_1_4' title="bbox 293 299 1402 349">
    <p class='ocr_par' dir='ltr' id='par_1_4' title="bbox 293 299 1402 349">
     <span class='ocr_line' id='line_1_4' title="bbox 293 299 1402 349; baseline -0.005 -8"><span class='ocrx_word' id='word_1_16' title='bbox 293 305 436 345; x_wconf 84' lang='lat' dir='ltr'><em>rectius,</em></span> <span class='ocrx_word' id='word_1_17' title='bbox 456 314 520 338; x_wconf 81' lang='lat' dir='ltr'><em>nec</em></span> <span class='ocrx_word' id='word_1_18' title='bbox 537 302 664 349; x_wconf 78' lang='lat' dir='ltr'><em>magis,</em></span> <span class='ocrx_word' id='word_1_19' title='bbox 685 302 780 348; x_wconf 87' lang='lat' dir='ltr'><em>quod</em></span> <span class='ocrx_word' id='word_1_20' title='bbox 798 312 840 336; x_wconf 75' lang='lat' dir='ltr'><em>ex</em></span> <span class='ocrx_word' id='word_1_21' title='bbox 857 301 1043 336; x_wconf 82' lang='lat' dir='ltr'><em>voluntate</em></span> <span class='ocrx_word' id='word_1_22' title='bbox 1058 305 1199 337; x_wconf 78' lang='lat' dir='ltr'><em>senatus</em></span> <span class='ocrx_word' id='word_1_23' title='bbox 1217 305 1317 343; x_wconf 81' lang='lat' dir='ltr'><em>esset,</em></span> <span class='ocrx_word' id='word_1_24' title='bbox 1335 299 1402 348; x_wconf 86' lang='lat' dir='ltr'><em>fe·</em></span> 
     </span>
    </p>
   </div>
   <div class='ocr_carea' id='block_1_5' title="bbox 99 359 1403 416">
    <p class='ocr_par' dir='ltr' id='par_1_5' title="bbox 99 359 1403 416">
     <span class='ocr_line' id='line_1_5' title="bbox 99 359 1403 416; baseline -0.001 -16"><span class='ocrx_word' id='word_1_25' title='bbox 99 359 246 400; x_wconf 81' lang='lat' dir='ltr'><em>Respon-</em></span> <span class='ocrx_word' id='word_1_26' title='bbox 294 369 391 411; x_wconf 84' lang='lat' dir='ltr'><em>cisse,</em></span> <span class='ocrx_word' id='word_1_27' title='bbox 409 378 515 416; x_wconf 82' lang='lat' dir='ltr'><em>quam</em></span> <span class='ocrx_word' id='word_1_28' title='bbox 530 366 635 414; x_wconf 83' lang='lat' dir='ltr'><em>quod,</em></span> <span class='ocrx_word' id='word_1_29' title='bbox 657 369 845 412; x_wconf 81' lang='lat' dir='ltr'><em>utcumque</em></span> <span class='ocrx_word' id='word_1_30' title='bbox 863 376 905 399; x_wconf 85' lang='lat' dir='ltr'><em>ea</em></span> <span class='ocrx_word' id='word_1_31' title='bbox 921 369 1022 411; x_wconf 81' lang='lat' dir='ltr'><em>gesta</em></span> <span class='ocrx_word' id='word_1_32' title='bbox 1040 369 1163 407; x_wconf 81' lang='lat' dir='ltr'><em>essent,</em></span> <span class='ocrx_word' id='word_1_33' title='bbox 1181 376 1247 412; x_wconf 87' lang='lat' dir='ltr'><em>per</em></span> <span class='ocrx_word' id='word_1_34' title='bbox 1264 364 1403 400; x_wconf 91' lang='lat' dir='ltr'><em>Deme-</em></span> 
     </span>
    </p>
   </div>
   <div class='ocr_carea' id='block_1_6' title="bbox 97 413 284 478">
    <p class='ocr_par' dir='ltr' id='par_1_6' title="bbox 97 413 284 478">
     <span class='ocr_line' id='line_1_6' title="bbox 98 413 284 434; baseline 0 0"><span class='ocrx_word' id='word_1_35' title='bbox 98 413 177 434; x_wconf 79' lang='lat' dir='ltr'><em>Sum</em></span> <span class='ocrx_word' id='word_1_36' title='bbox 191 413 284 434; x_wconf 74' lang='lat' dir='ltr'><em>sena·</em></span> 
     </span>
     <span class='ocr_line' id='line_1_7' title="bbox 97 451 166 478; baseline 0.014 -1"><span class='ocrx_word' id='word_1_37' title='bbox 97 451 166 478; x_wconf 58' lang='lat' dir='ltr'><em>(us.</em></span> 
     </span>
    </p>
   </div>
   <div class='ocr_carea' id='block_1_7' title="bbox 290 427 1423 2343">
    <p class='ocr_par' dir='ltr' id='par_1_7' title="bbox 290 427 1416 1122">
     <span class='ocr_line' id='line_1_8' title="bbox 296 427 1405 481; baseline -0.005 -12"><span class='ocrx_word' id='word_1_38' title='bbox 296 433 406 469; x_wconf 74' lang='lat' dir='ltr'><em>trium</em></span> <span class='ocrx_word' id='word_1_39' title='bbox 428 432 554 481; x_wconf 80' lang='lat' dir='ltr'><em>filium</em></span> <span class='ocrx_word' id='word_1_40' title='bbox 581 430 746 478; x_wconf 81' lang='lat' dir='ltr'><em>satisfieri</em></span> <span class='ocrx_word' id='word_1_41' title='bbox 775 429 942 465; x_wconf 73' lang='lat' dir='ltr'><em>voluisset</em></span> <span class='ocrx_word' id='word_1_42' title='bbox 971 428 1156 464; x_wconf 86' lang='lat' dir='ltr'><em>Romanis.</em></span> <span class='ocrx_word' id='word_1_43' title='bbox 1214 427 1338 464; x_wconf 78' lang='lat' dir='ltr'><em>Multa</em></span> <span class='ocrx_word' id='word_1_44' title='bbox 1369 431 1405 463; x_wconf 83' lang='lat' dir='ltr'><em>et</em></span> 
     </span>
     <span class='ocr_line' id='line_1_9' title="bbox 295 493 1408 541; baseline -0.005 -8"><span class='ocrx_word' id='word_1_45' title='bbox 295 496 534 537; x_wconf 81' lang='lat' dir='ltr'><em>dissimulare,</em></span> <span class='ocrx_word' id='word_1_46' title='bbox 568 499 604 530; x_wconf 85' lang='lat' dir='ltr'><em>et</em></span> <span class='ocrx_word' id='word_1_47' title='bbox 636 494 805 535; x_wconf 83' lang='lat' dir='ltr'><em>oblivisci,</em></span> <span class='ocrx_word' id='word_1_48' title='bbox 839 497 876 529; x_wconf 88' lang='lat' dir='ltr'><em>et</em></span> <span class='ocrx_word' id='word_1_49' title='bbox 907 494 989 541; x_wconf 80' lang='lat' dir='ltr'><em>pati</em></span> <span class='ocrx_word' id='word_1_50' title='bbox 1023 493 1211 540; x_wconf 83' lang='lat' dir='ltr'><em>praeterita</em></span> <span class='ocrx_word' id='word_1_51' title='bbox 1243 496 1408 528; x_wconf 84' lang='lat' dir='ltr'><em>senat-um</em></span> 
     </span>
     <span class='ocr_line' id='line_1_10' title="bbox 290 555 1406 609; baseline -0.005 -12"><span class='ocrx_word' id='word_1_52' title='bbox 290 572 406 609; x_wconf 79' lang='lat' dir='ltr'><em>posse,</em></span> <span class='ocrx_word' id='word_1_53' title='bbox 427 564 463 596; x_wconf 83' lang='lat' dir='ltr'><em>et</em></span> <span class='ocrx_word' id='word_1_54' title='bbox 481 559 623 596; x_wconf 76' lang='lat' dir='ltr'><em>credere</em></span> <span class='ocrx_word' id='word_1_55' title='bbox 640 559 762 601; x_wconf 84' lang='lat' dir='ltr'><em>etiam,</em></span> <span class='ocrx_word' id='word_1_56' title='bbox 783 558 974 594; x_wconf 79' lang='lat' dir='ltr'><em>Demetrio</em></span> <span class='ocrx_word' id='word_1_57' title='bbox 993 558 1205 593; x_wconf 75' lang='lat' dir='ltr'><em>credendum</em></span> <span class='ocrx_word' id='word_1_58' title='bbox 1223 568 1305 592; x_wconf 85' lang='lat' dir='ltr'><em>esse.</em></span> <span class='ocrx_word' id='word_1_59' title='bbox 1337 555 1406 591; x_wconf 83' lang='lat' dir='ltr'><em>Ob-</em></span> 
     </span>
     <span class='ocr_line' id='line_1_11' title="bbox 293 619 1409 668; baseline -0.005 -8"><span class='ocrx_word' id='word_1_60' title='bbox 293 625 407 660; x_wconf 82' lang='lat' dir='ltr'><em>sidem</em></span> <span class='ocrx_word' id='word_1_61' title='bbox 434 624 525 659; x_wconf 81' lang='lat' dir='ltr'><em>enim</em></span> <span class='ocrx_word' id='word_1_62' title='bbox 554 633 591 658; x_wconf 83' lang='lat' dir='ltr'><em>se</em></span> <span class='ocrx_word' id='word_1_63' title='bbox 615 623 773 657; x_wconf 82' lang='lat' dir='ltr'><em>animum</em></span> <span class='ocrx_word' id='word_1_64' title='bbox 798 619 872 665; x_wconf 82' lang='lat' dir='ltr'><em>ejus</em></span> <span class='ocrx_word' id='word_1_65' title='bbox 900 621 1038 663; x_wconf 80' lang='lat' dir='ltr'><em>habere,</em></span> <span class='ocrx_word' id='word_1_66' title='bbox 1060 622 1124 656; x_wconf 76' lang='lat' dir='ltr'><em>etsi</em></span> <span class='ocrx_word' id='word_1_67' title='bbox 1150 621 1253 668; x_wconf 84' lang='lat' dir='ltr'><em>patri</em></span> <span class='ocrx_word' id='word_1_68' title='bbox 1280 630 1409 666; x_wconf 74' lang='lat' dir='ltr'><em>corpus</em></span> 
     </span>
     <span class='ocr_line' id='line_1_12' title="bbox 295 683 1410 732; baseline -0.006 -8"><span class='ocrx_word' id='word_1_69' title='bbox 295 687 523 724; x_wconf 82' lang='lat' dir='ltr'><em>reddiderit:</em></span> <span class='ocrx_word' id='word_1_70' title='bbox 551 689 585 720; x_wconf 87' lang='lat' dir='ltr'><em>et</em></span> <span class='ocrx_word' id='word_1_71' title='bbox 601 686 704 727; x_wconf 86' lang='lat' dir='ltr'><em>scire,</em></span> <span class='ocrx_word' id='word_1_72' title='bbox 727 689 900 732; x_wconf 80' lang='lat' dir='ltr'><em>quantum</em></span> <span class='ocrx_word' id='word_1_73' title='bbox 923 684 1079 719; x_wconf 73' lang='lat' dir='ltr'><em>salvam</em></span> <span class='ocrx_word' id='word_1_74' title='bbox 1104 688 1249 731; x_wconf 86' lang='lat' dir='ltr'><em>patrem</em></span> <span class='ocrx_word' id='word_1_75' title='bbox 1272 683 1410 730; x_wconf 81' lang='lat' dir='ltr'><em>pietate</em></span> 
     </span>
     <span class='ocr_line' id='line_1_13' title="bbox 292 747 1411 800; baseline -0.004 -13"><span class='ocrx_word' id='word_1_76' title='bbox 292 753 420 800; x_wconf 80' lang='lat' dir='ltr'><em>possit,</em></span> <span class='ocrx_word' id='word_1_77' title='bbox 441 751 596 786; x_wconf 84' lang='lat' dir='ltr'><em>amicum</em></span> <span class='ocrx_word' id='word_1_78' title='bbox 614 761 695 785; x_wconf 84' lang='lat' dir='ltr'><em>eum</em></span> <span class='ocrx_word' id='word_1_79' title='bbox 710 749 846 796; x_wconf 83' lang='lat' dir='ltr'><em>populo</em></span> <span class='ocrx_word' id='word_1_80' title='bbox 866 748 1030 784; x_wconf 86' lang='lat' dir='ltr'><em>Romano</em></span> <span class='ocrx_word' id='word_1_81' title='bbox 1047 759 1128 785; x_wconf 86' lang='lat' dir='ltr'><em>esse.</em></span> <span class='ocrx_word' id='word_1_82' title='bbox 1184 747 1411 794; x_wconf 80' lang='lat' dir='ltr'><em>Honorisque</em></span> 
     </span>
     <span class='ocr_line' id='line_1_14' title="bbox 298 811 1411 860; baseline -0.004 -9"><span class='ocrx_word' id='word_1_83' title='bbox 298 812 374 860; x_wconf 80' lang='lat' dir='ltr'><em>ejus</em></span> <span class='ocrx_word' id='word_1_84' title='bbox 392 825 515 850; x_wconf 76' lang='lat' dir='ltr'><em>caussa</em></span> <span class='ocrx_word' id='word_1_85' title='bbox 530 814 696 849; x_wconf 69' lang='lat' dir='ltr'><em>missuros</em></span> <span class='ocrx_word' id='word_1_86' title='bbox 714 814 751 848; x_wconf 85' lang='lat' dir='ltr'><em>in</em></span> <span class='ocrx_word' id='word_1_87' title='bbox 769 812 1023 848; x_wconf 82' lang='lat' dir='ltr'><em>Macedoniam</em></span> <span class='ocrx_word' id='word_1_88' title='bbox 1043 813 1190 859; x_wconf 74' lang='lat' dir='ltr'><em>legatoS,</em></span> <span class='ocrx_word' id='word_1_89' title='bbox 1205 815 1259 854; x_wconf 83' lang='lat' dir='ltr'><em>ut,</em></span> <span class='ocrx_word' id='word_1_90' title='bbox 1274 812 1306 846; x_wconf 84' lang='lat' dir='ltr'><em>si</em></span> <span class='ocrx_word' id='word_1_91' title='bbox 1324 811 1411 858; x_wconf 82' lang='lat' dir='ltr'><em>quid</em></span> 
     </span>
     <span class='ocr_line' id='line_1_15' title="bbox 298 875 1411 927; baseline -0.004 -13"><span class='ocrx_word' id='word_1_92' title='bbox 298 880 415 915; x_wconf 80' lang='lat' dir='ltr'><em>minus</em></span> <span class='ocrx_word' id='word_1_93' title='bbox 423 877 572 927; x_wconf 80' lang='lat' dir='ltr'><em>factum</em></span> <span class='ocrx_word' id='word_1_94' title='bbox 588 879 648 920; x_wconf 85' lang='lat' dir='ltr'><em>sit,</em></span> <span class='ocrx_word' id='word_1_95' title='bbox 669 889 776 925; x_wconf 84' lang='lat' dir='ltr'><em>quam</em></span> <span class='ocrx_word' id='word_1_96' title='bbox 796 876 967 919; x_wconf 76' lang='lat' dir='ltr'><em>debuerit,</em></span> <span class='ocrx_word' id='word_1_97' title='bbox 989 881 1063 912; x_wconf 83' lang='lat' dir='ltr'><em>tum</em></span> <span class='ocrx_word' id='word_1_98' title='bbox 1083 887 1220 923; x_wconf 85' lang='lat' dir='ltr'><em>quoque</em></span> <span class='ocrx_word' id='word_1_99' title='bbox 1236 876 1313 911; x_wconf 85' lang='lat' dir='ltr'><em>sine</em></span> <span class='ocrx_word' id='word_1_100' title='bbox 1326 875 1411 922; x_wconf 82' lang='lat' dir='ltr'><em>pia-</em></span> 
     </span>
     <span class='ocr_line' id='line_1_16' title="bbox 300 942 1416 993; baseline -0.004 -12"><span class='ocrx_word' id='word_1_101' title='bbox 300 946 381 981; x_wconf 79' lang='lat' dir='ltr'><em>culo</em></span> <span class='ocrx_word' id='word_1_102' title='bbox 399 957 519 981; x_wconf 78' lang='lat' dir='ltr'><em>rerum</em></span> <span class='ocrx_word' id='word_1_103' title='bbox 543 945 864 993; x_wconf 76' lang='lat' dir='ltr'><em>praetermissarum</em></span> <span class='ocrx_word' id='word_1_104' title='bbox 880 943 968 992; x_wconf 83' lang='lat' dir='ltr'><em>flat.</em></span> <span class='ocrx_word' id='word_1_105' title='bbox 1030 942 1127 978; x_wconf 79' lang='lat' dir='ltr'><em>Velle</em></span> <span class='ocrx_word' id='word_1_106' title='bbox 1154 943 1263 978; x_wconf 83' lang='lat' dir='ltr'><em>etiam</em></span> <span class='ocrx_word' id='word_1_107' title='bbox 1280 942 1416 978; x_wconf 26' lang='lat' dir='ltr'><em>sentire*</em></span> 
     </span>
     <span class='ocr_line' id='line_1_17' title="bbox 303 1006 1412 1058; baseline -0.004 -12"><span class='ocrx_word' id='word_1_108' title='bbox 303 1009 532 1058; x_wconf 74' lang='lat' dir='ltr'><em>Philippum,</em></span> <span class='ocrx_word' id='word_1_109' title='bbox 563 1010 706 1056; x_wconf 77' lang='lat' dir='ltr'><em>integra</em></span> <span class='ocrx_word' id='word_1_110' title='bbox 737 1009 858 1044; x_wconf 78' lang='lat' dir='ltr'><em>omnia</em></span> <span class='ocrx_word' id='word_1_111' title='bbox 882 1008 947 1044; x_wconf 82' lang='lat' dir='ltr'><em>sibi</em></span> <span class='ocrx_word' id='word_1_112' title='bbox 975 1019 1053 1044; x_wconf 84' lang='lat' dir='ltr'><em>cum</em></span> <span class='ocrx_word' id='word_1_113' title='bbox 1078 1007 1214 1055; x_wconf 81' lang='lat' dir='ltr'><em>populo</em></span> <span class='ocrx_word' id='word_1_114' title='bbox 1246 1006 1412 1042; x_wconf 84' lang='lat' dir='ltr'><em>Romano</em></span> 
     </span>
     <span class='ocr_line' id='line_1_18' title="bbox 302 1073 851 1122; baseline -0.004 -12"><span class='ocrx_word' id='word_1_115' title='bbox 302 1074 485 1110; x_wconf 85' lang='lat' dir='ltr'><em>Demetrii</em></span> <span class='ocrx_word' id='word_1_116' title='bbox 489 1074 569 1122; x_wconf 81' lang='lat' dir='ltr'><em>filii</em></span> <span class='ocrx_word' id='word_1_117' title='bbox 587 1073 750 1122; x_wconf 75' lang='lat' dir='ltr'><em>beneficio</em></span> <span class='ocrx_word' id='word_1_118' title='bbox 769 1084 851 1108; x_wconf 82' lang='lat' dir='ltr'><em>esse.</em></span> 
     </span>
    </p>

    <p class='ocr_par' dir='ltr' id='par_1_8' title="bbox 292 1133 1423 2343">
     <span class='ocr_line' id='line_1_19' title="bbox 355 1133 1413 1187; baseline -0.003 -13"><span class='ocrx_word' id='word_1_119' title='bbox 355 1138 547 1175; x_wconf 88' lang='lat' dir='ltr'><strong>XLVIII.</strong></span> <span class='ocrx_word' id='word_1_120' title='bbox 577 1137 688 1180; x_wconf 75' lang='lat' dir='ltr'><em>Haec,</em></span> <span class='ocrx_word' id='word_1_121' title='bbox 715 1150 798 1186; x_wconf 80' lang='lat' dir='ltr'><em>quae</em></span> <span class='ocrx_word' id='word_1_122' title='bbox 827 1137 1008 1185; x_wconf 75' lang='lat' dir='ltr'><em>augendae</em></span> <span class='ocrx_word' id='word_1_123' title='bbox 1039 1135 1297 1187; x_wconf 85' lang='lat' dir='ltr'><em>amplitudinis</em></span> <span class='ocrx_word' id='word_1_124' title='bbox 1332 1133 1413 1186; x_wconf 88' lang='lat' dir='ltr'><em>ejus</em></span> 
     </span>
     <span class='ocr_line' id='line_1_20' title="bbox 302 1199 1412 1251; baseline -0.004 -12"><span class='ocrx_word' id='word_1_125' title='bbox 302 1215 434 1239; x_wconf 85' lang='lat' dir='ltr'>caussa</span> <span class='ocrx_word' id='word_1_126' title='bbox 452 1202 555 1239; x_wconf 82' lang='lat' dir='ltr'><em>facta</em></span> <span class='ocrx_word' id='word_1_127' title='bbox 569 1209 691 1245; x_wconf 86' lang='lat' dir='ltr'><em>erant,</em></span> <span class='ocrx_word' id='word_1_128' title='bbox 711 1200 903 1251; x_wconf 87' lang='lat' dir='ltr'><em>extemplo</em></span> <span class='ocrx_word' id='word_1_129' title='bbox 919 1201 958 1236; x_wconf 90' lang='lat' dir='ltr'><em>in</em></span> <span class='ocrx_word' id='word_1_130' title='bbox 979 1201 1171 1244; x_wconf 89' lang='lat' dir='ltr'><em>invidiam,</em></span> <span class='ocrx_word' id='word_1_131' title='bbox 1187 1213 1278 1236; x_wconf 84' lang='lat' dir='ltr'><em>mox</em></span> <span class='ocrx_word' id='word_1_132' title='bbox 1297 1199 1412 1236; x_wconf 88' lang='lat' dir='ltr'><em>etiam</em></span> 
     </span>
     <span class='ocr_line' id='line_1_21' title="bbox 301 1263 1421 1317; baseline -0.004 -14"><span class='ocrx_word' id='word_1_133' title='bbox 301 1267 341 1303; x_wconf 76' lang='lat' dir='ltr'><em>in</em></span> <span class='ocrx_word' id='word_1_134' title='bbox 372 1267 577 1317; x_wconf 85' lang='lat' dir='ltr'><em>perniciem</em></span> <span class='ocrx_word' id='word_1_135' title='bbox 607 1266 837 1303; x_wconf 89' lang='lat' dir='ltr'><em>adolescenti</em></span> <span class='ocrx_word' id='word_1_136' title='bbox 869 1272 1074 1303; x_wconf 88' lang='lat' dir='ltr'><em>verterunt.</em></span> <span class='ocrx_word' id='word_1_137' title='bbox 1129 1263 1421 1302; x_wconf 74' lang='lat' dir='ltr'><em>Lacedaemonii.</em></span> 
     </span>
     <span class='ocr_line' id='line_1_22' title="bbox 302 1329 1421 1381; baseline -0.004 -14"><span class='ocrx_word' id='word_1_138' title='bbox 302 1331 436 1368; x_wconf 89' lang='lat' dir='ltr'><em>deinde</em></span> <span class='ocrx_word' id='word_1_139' title='bbox 466 1331 673 1367; x_wconf 81' lang='lat' dir='ltr'><em>introducti</em></span> <span class='ocrx_word' id='word_1_140' title='bbox 701 1337 816 1367; x_wconf 88' lang='lat' dir='ltr'><em>sunt:</em></span> <span class='ocrx_word' id='word_1_141' title='bbox 849 1330 977 1367; x_wconf 84' lang='lat' dir='ltr'><em>multae</em></span> <span class='ocrx_word' id='word_1_142' title='bbox 1007 1336 1045 1367; x_wconf 88' lang='lat' dir='ltr'><em>et</em></span> <span class='ocrx_word' id='word_1_143' title='bbox 1076 1343 1200 1381; x_wconf 84' lang='lat' dir='ltr'><em>parvae</em></span> <span class='ocrx_word' id='word_1_144' title='bbox 1225 1329 1421 1378; x_wconf 87' lang='lat' dir='ltr'><em>discepta-.</em></span> 
     </span>
     <span class='ocr_line' id='line_1_23' title="bbox 296 1388 1416 1445; baseline -0.003 -14"><span class='ocrx_word' id='word_1_145' title='bbox 296 1395 426 1431; x_wconf 68' lang='lat' dir='ltr'><em>‘tiones</em></span> <span class='ocrx_word' id='word_1_146' title='bbox 441 1394 714 1445; x_wconf 85' lang='lat' dir='ltr'><em>jactabantur:</em></span> <span class='ocrx_word' id='word_1_147' title='bbox 747 1395 826 1438; x_wconf 88' lang='lat' dir='ltr'><em>sed,</em></span> <span class='ocrx_word' id='word_1_148' title='bbox 848 1408 931 1444; x_wconf 84' lang='lat' dir='ltr'><em>quae</em></span> <span class='ocrx_word' id='word_1_149' title='bbox 961 1395 1123 1431; x_wconf 86' lang='lat' dir='ltr'><em>maxime</em></span> <span class='ocrx_word' id='word_1_150' title='bbox 1142 1388 1416 1430; x_wconf 51' lang='lat' dir='ltr'><em>rem&#39;contine-</em></span> 
     </span>
     <span class='ocr_line' id='line_1_24' title="bbox 302 1457 1414 1508; baseline -0.001 -14"><span class='ocrx_word' id='word_1_151' title='bbox 302 1465 401 1503; x_wconf 84' lang='lat' dir='ltr'><em>rent,</em></span> <span class='ocrx_word' id='word_1_152' title='bbox 422 1466 549 1505; x_wconf 72' lang='lat' dir='ltr'><em>erant,</em></span> <span class='ocrx_word' id='word_1_153' title='bbox 574 1466 699 1496; x_wconf 89' lang='lat' dir='ltr'><em>utrum</em></span> <span class='ocrx_word' id='word_1_154' title='bbox 717 1461 1020 1503; x_wconf 83' lang='lat' dir='ltr'><em>restituerentur,</em></span> <span class='ocrx_word' id='word_1_155' title='bbox 1042 1471 1136 1508; x_wconf 88' lang='lat' dir='ltr'><em>quos</em></span> <span class='ocrx_word' id='word_1_156' title='bbox 1156 1458 1288 1495; x_wconf 85' lang='lat' dir='ltr'><em>Achaei</em></span> <span class='ocrx_word' id='word_1_157' title='bbox 1308 1457 1414 1494; x_wconf 88' lang='lat' dir='ltr'><em>dam·</em></span> 
     </span>
     <span class='ocr_line' id='line_1_25' title="bbox 301 1522 1413 1573; baseline -0.001 -15"><span class='ocrx_word' id='word_1_158' title='bbox 301 1530 500 1566; x_wconf 84' lang='lat' dir='ltr'><em>naverant,</em></span> <span class='ocrx_word' id='word_1_159' title='bbox 519 1535 590 1560; x_wconf 90' lang='lat' dir='ltr'><em>nec</em></span> <span class='ocrx_word' id='word_1_160' title='bbox 617 1537 666 1560; x_wconf 90' lang='lat' dir='ltr'><em>ne</em></span> <span class='ocrx_word' id='word_1_161' title='bbox 682 1540 693 1569; x_wconf 76' lang='lat'>5</span> <span class='ocrx_word' id='word_1_162' title='bbox 725 1524 868 1572; x_wconf 84' lang='lat' dir='ltr'><em>inique,</em></span> <span class='ocrx_word' id='word_1_163' title='bbox 889 1535 938 1559; x_wconf 87' lang='lat' dir='ltr'><em>an</em></span> <span class='ocrx_word' id='word_1_164' title='bbox 951 1522 1039 1573; x_wconf 88' lang='lat' dir='ltr'><em>jure</em></span> <span class='ocrx_word' id='word_1_165' title='bbox 1059 1522 1298 1567; x_wconf 83' lang='lat' dir='ltr'><em>occidissent,</em></span> <span class='ocrx_word' id='word_1_166' title='bbox 1319 1532 1413 1570; x_wconf 91' lang='lat' dir='ltr'><em>quos</em></span> 
     </span>
     <span class='ocr_line' id='line_1_26' title="bbox 303 1585 1414 1624; baseline -0.001 -2"><span class='ocrx_word' id='word_1_167' title='bbox 303 1586 523 1623; x_wconf 83' lang='lat' dir='ltr'><em>occiderant</em></span> <span class='ocrx_word' id='word_1_168' title='bbox 538 1601 545 1622; x_wconf 94' lang='lat'>:</span> <span class='ocrx_word' id='word_1_169' title='bbox 567 1587 786 1624; x_wconf 83' lang='lat' dir='ltr'><em>vertebatur</em></span> <span class='ocrx_word' id='word_1_170' title='bbox 805 1594 843 1622; x_wconf 88' lang='lat' dir='ltr'><em>et</em></span> <span class='ocrx_word' id='word_1_171' title='bbox 859 1593 983 1623; x_wconf 86' lang='lat' dir='ltr'><em>utrum</em></span> <span class='ocrx_word' id='word_1_172' title='bbox 996 1593 1197 1623; x_wconf 85' lang='lat' dir='ltr'><em>manerent</em></span> <span class='ocrx_word' id='word_1_173' title='bbox 1214 1586 1253 1622; x_wconf 91' lang='lat' dir='ltr'><em>in</em></span> <span class='ocrx_word' id='word_1_174' title='bbox 1272 1585 1414 1622; x_wconf 85' lang='lat' dir='ltr'><em>Achai-</em></span> 
     </span>
     <span class='ocr_line' id='line_1_27' title="bbox 301 1650 1415 1695; baseline -0.001 -9"><span class='ocrx_word' id='word_1_175' title='bbox 301 1662 347 1686; x_wconf 80' lang='lat' dir='ltr'><em>oo</em></span> <span class='ocrx_word' id='word_1_176' title='bbox 367 1650 530 1687; x_wconf 93' lang='lat' dir='ltr'><em>concilio</em></span> <span class='ocrx_word' id='word_1_177' title='bbox 550 1650 831 1687; x_wconf 71' lang='lat' dir='ltr'><em>Lacedaemonii</em></span> <span class='ocrx_word' id='word_1_178' title='bbox 849 1666 858 1695; x_wconf 90' lang='lat'>;</span> <span class='ocrx_word' id='word_1_179' title='bbox 889 1664 952 1694; x_wconf 89' lang='lat' dir='ltr'><em>an,</em></span> <span class='ocrx_word' id='word_1_180' title='bbox 974 1657 1015 1687; x_wconf 89' lang='lat' dir='ltr'><em>ut</em></span> <span class='ocrx_word' id='word_1_181' title='bbox 1034 1657 1122 1687; x_wconf 87' lang='lat' dir='ltr'><em>ante</em></span> <span class='ocrx_word' id='word_1_182' title='bbox 1137 1650 1275 1692; x_wconf 88' lang='lat' dir='ltr'><em>fuerat,</em></span> <span class='ocrx_word' id='word_1_183' title='bbox 1292 1661 1415 1686; x_wconf 88' lang='lat' dir='ltr'><em>secre-</em></span> 
     </span>
     <span class='ocr_line' id='line_1_28' title="bbox 299 1713 1415 1764; baseline -0.002 -14"><span class='ocrx_word' id='word_1_184' title='bbox 299 1719 382 1750; x_wconf 73' lang='lat' dir='ltr'><em>tum</em></span> <span class='ocrx_word' id='word_1_185' title='bbox 412 1713 492 1764; x_wconf 89' lang='lat' dir='ltr'><em>ejus</em></span> <span class='ocrx_word' id='word_1_186' title='bbox 523 1716 634 1751; x_wconf 89' lang='lat' dir='ltr'><em>unius</em></span> <span class='ocrx_word' id='word_1_187' title='bbox 667 1716 707 1751; x_wconf 88' lang='lat' dir='ltr'><em>in</em></span> <span class='ocrx_word' id='word_1_188' title='bbox 737 1714 1003 1764; x_wconf 87' lang='lat' dir='ltr'><em>Peloponneso</em></span> <span class='ocrx_word' id='word_1_189' title='bbox 1034 1715 1199 1750; x_wconf 83' lang='lat' dir='ltr'><em>civitatis</em></span> <span class='ocrx_word' id='word_1_190' title='bbox 1219 1713 1284 1764; x_wconf 89' lang='lat' dir='ltr'><em>jus</em></span> <span class='ocrx_word' id='word_1_191' title='bbox 1304 1718 1415 1749; x_wconf 88' lang='lat' dir='ltr'><em>esset.</em></span> 
     </span>
     <span class='ocr_line' id='line_1_29' title="bbox 299 1775 1415 1828; baseline -0.001 -15"><span class='ocrx_word' id='word_1_192' title='bbox 299 1775 483 1820; x_wconf 86' lang='lat' dir='ltr'><em>Restitui,</em></span> <span class='ocrx_word' id='word_1_193' title='bbox 498 1777 719 1827; x_wconf 85' lang='lat' dir='ltr'><em>judiciaque</em></span> <span class='ocrx_word' id='word_1_194' title='bbox 738 1778 839 1815; x_wconf 88' lang='lat' dir='ltr'><em>facta</em></span> <span class='ocrx_word' id='word_1_195' title='bbox 866 1778 950 1814; x_wconf 87' lang='lat' dir='ltr'><em>tolli</em></span> <span class='ocrx_word' id='word_1_196' title='bbox 970 1778 1112 1828; x_wconf 81' lang='lat' dir='ltr'><em>placuit</em></span> <span class='ocrx_word' id='word_1_197' title='bbox 1131 1793 1137 1814; x_wconf 92' lang='lat'>:</span> <span class='ocrx_word' id='word_1_198' title='bbox 1170 1776 1415 1813; x_wconf 72' lang='lat' dir='ltr'><em>Lacedaemo-</em></span> 
     </span>
     <span class='ocr_line' id='line_1_30' title="bbox 301 1842 1416 1892; baseline -0.001 -13"><span class='ocrx_word' id='word_1_199' title='bbox 301 1856 389 1880; x_wconf 81' lang='lat' dir='ltr'><em>nem</em></span> <span class='ocrx_word' id='word_1_200' title='bbox 417 1856 569 1880; x_wconf 84' lang='lat' dir='ltr'><em>manere</em></span> <span class='ocrx_word' id='word_1_201' title='bbox 598 1845 637 1880; x_wconf 88' lang='lat' dir='ltr'><em>in</em></span> <span class='ocrx_word' id='word_1_202' title='bbox 657 1844 828 1880; x_wconf 87' lang='lat' dir='ltr'><em>Achaico</em></span> <span class='ocrx_word' id='word_1_203' title='bbox 859 1843 1045 1880; x_wconf 89' lang='lat' dir='ltr'><em>concilio:</em></span> <span class='ocrx_word' id='word_1_204' title='bbox 1078 1843 1267 1892; x_wconf 83' lang='lat' dir='ltr'><em>scribique</em></span> <span class='ocrx_word' id='word_1_205' title='bbox 1292 1843 1331 1878; x_wconf 91' lang='lat' dir='ltr'><em>id</em></span> <span class='ocrx_word' id='word_1_206' title='bbox 1350 1842 1416 1879; x_wconf 89' lang='lat' dir='ltr'><em>de-</em></span> 
     </span>
     <span class='ocr_line' id='line_1_31' title="bbox 301 1907 1415 1956; baseline 0 -13"><span class='ocrx_word' id='word_1_207' title='bbox 301 1914 460 1950; x_wconf 84' lang='lat' dir='ltr'><em>cretum,</em></span> <span class='ocrx_word' id='word_1_208' title='bbox 491 1913 529 1944; x_wconf 86' lang='lat' dir='ltr'><em>et</em></span> <span class='ocrx_word' id='word_1_209' title='bbox 558 1909 773 1956; x_wconf 86' lang='lat' dir='ltr'><em>consignari</em></span> <span class='ocrx_word' id='word_1_210' title='bbox 805 1920 827 1943; x_wconf 93' lang='lat' dir='ltr'><em>a</em></span> <span class='ocrx_word' id='word_1_211' title='bbox 855 1907 1156 1944; x_wconf 62' lang='lat' dir='ltr'><em>Lacedaemoniis</em></span> <span class='ocrx_word' id='word_1_212' title='bbox 1187 1914 1225 1942; x_wconf 87' lang='lat' dir='ltr'><em>et</em></span> <span class='ocrx_word' id='word_1_213' title='bbox 1249 1907 1415 1944; x_wconf 49' lang='lat' dir='ltr'><em>Achaeis,</em></span> 
     </span>
     <span class='ocr_line' id='line_1_32' title="bbox 299 1971 1413 2020; baseline -0.001 -13"><span class='ocrx_word' id='word_1_214' title='bbox 299 1971 470 2020; x_wconf 88' lang='lat' dir='ltr'><em>Legatus</em></span> <span class='ocrx_word' id='word_1_215' title='bbox 501 1972 548 2007; x_wconf 81' lang='lat' dir='ltr'><em>in.</em></span> <span class='ocrx_word' id='word_1_216' title='bbox 573 1971 841 2008; x_wconf 85' lang='lat' dir='ltr'><em>Macedoniam</em></span> <span class='ocrx_word' id='word_1_217' title='bbox 875 1972 925 2011; x_wconf 88' lang='lat' dir='ltr'><em>Q.</em></span> <span class='ocrx_word' id='word_1_218' title='bbox 954 1971 1123 2007; x_wconf 85' lang='lat' dir='ltr'><em>Marcius</em></span> <span class='ocrx_word' id='word_1_219' title='bbox 1158 1978 1214 2007; x_wconf 85' lang='lat' dir='ltr'><em>est</em></span> <span class='ocrx_word' id='word_1_220' title='bbox 1250 1972 1413 2007; x_wconf 81' lang='lat' dir='ltr'><em>missus:</em></span> 
     </span>
     <span class='ocr_line' id='line_1_33' title="bbox 294 2033 1414 2086; baseline 0.001 -16"><span class='ocrx_word' id='word_1_221' title='bbox 294 2033 424 2085; x_wconf 85' lang='lat' dir='ltr'><em>jussus</em></span> <span class='ocrx_word' id='word_1_222' title='bbox 446 2036 544 2071; x_wconf 79' lang='lat' dir='ltr'><em>idem</em></span> <span class='ocrx_word' id='word_1_223' title='bbox 564 2036 603 2072; x_wconf 85' lang='lat' dir='ltr'><em>in</em></span> <span class='ocrx_word' id='word_1_224' title='bbox 624 2036 894 2086; x_wconf 84' lang='lat' dir='ltr'><em>Peloponneso</em></span> <span class='ocrx_word' id='word_1_225' title='bbox 911 2037 1101 2072; x_wconf 86' lang='lat' dir='ltr'><em>sociorum</em></span> <span class='ocrx_word' id='word_1_226' title='bbox 1123 2047 1179 2070; x_wconf 86' lang='lat' dir='ltr'><em>res</em></span> <span class='ocrx_word' id='word_1_227' title='bbox 1197 2035 1414 2085; x_wconf 61' lang='lat' dir='ltr'><em>adspicereg</em></span> 
     </span>
     <span class='ocr_line' id='line_1_34' title="bbox 301 2098 1423 2147; baseline 0.001 -14"><span class='ocrx_word' id='word_1_228' title='bbox 301 2110 389 2133; x_wconf 80' lang='lat' dir='ltr'><em>nam</em></span> <span class='ocrx_word' id='word_1_229' title='bbox 419 2098 471 2133; x_wconf 90' lang='lat' dir='ltr'><em>ibi</em></span> <span class='ocrx_word' id='word_1_230' title='bbox 502 2111 652 2147; x_wconf 86' lang='lat' dir='ltr'><em>quoque</em></span> <span class='ocrx_word' id='word_1_231' title='bbox 675 2106 720 2134; x_wconf 77' lang='lat' dir='ltr'><em>et</em></span> <span class='ocrx_word' id='word_1_232' title='bbox 751 2112 797 2136; x_wconf 82' lang='lat' dir='ltr'><em>ex</em></span> <span class='ocrx_word' id='word_1_233' title='bbox 828 2099 1019 2135; x_wconf 85' lang='lat' dir='ltr'><em>veteribus</em></span> <span class='ocrx_word' id='word_1_234' title='bbox 1055 2099 1252 2134; x_wconf 84' lang='lat' dir='ltr'><em>discordiis</em></span> <span class='ocrx_word' id='word_1_235' title='bbox 1277 2098 1423 2134; x_wconf 81' lang='lat' dir='ltr'><em>residui-</em></span> 
     </span>
     <span class='ocr_line' id='line_1_35' title="bbox 299 2162 1414 2205; baseline 0 -7"><span class='ocrx_word' id='word_1_236' title='bbox 299 2168 426 2198; x_wconf 86' lang='lat' dir='ltr'><em>motus</em></span> <span class='ocrx_word' id='word_1_237' title='bbox 457 2170 578 2205; x_wconf 86' lang='lat' dir='ltr'><em>erant,</em></span> <span class='ocrx_word' id='word_1_238' title='bbox 609 2170 647 2198; x_wconf 90' lang='lat' dir='ltr'><em>et</em></span> <span class='ocrx_word' id='word_1_239' title='bbox 674 2162 853 2199; x_wconf 86' lang='lat' dir='ltr'><em>Messene</em></span> <span class='ocrx_word' id='word_1_240' title='bbox 883 2164 1090 2200; x_wconf 87' lang='lat' dir='ltr'><em>desciverat</em></span> <span class='ocrx_word' id='word_1_241' title='bbox 1118 2177 1139 2199; x_wconf 88' lang='lat' dir='ltr'><em>a</em></span> <span class='ocrx_word' id='word_1_242' title='bbox 1169 2162 1333 2199; x_wconf 89' lang='lat' dir='ltr'><em>concilio</em></span> <span class='ocrx_word' id='word_1_243' title='bbox 1358 2163 1414 2199; x_wconf 87' lang='lat' dir='ltr'><em>A·</em></span> 
     </span>
     <span class='ocr_line' id='line_1_36' title="bbox 299 2224 1415 2279; baseline 0.002 -19"><span class='ocrx_word' id='word_1_244' title='bbox 299 2225 457 2261; x_wconf 86' lang='lat' dir='ltr'><em>ehaico:</em></span> <span class='ocrx_word' id='word_1_245' title='bbox 491 2224 596 2275; x_wconf 89' lang='lat' dir='ltr'><em>cujus</em></span> <span class='ocrx_word' id='word_1_246' title='bbox 620 2225 710 2279; x_wconf 73' lang='lat' dir='ltr'><em>belli</em></span> <span class='ocrx_word' id='word_1_247' title='bbox 731 2234 769 2262; x_wconf 91' lang='lat' dir='ltr'><em>et</em></span> <span class='ocrx_word' id='word_1_248' title='bbox 798 2239 948 2263; x_wconf 88' lang='lat' dir='ltr'><em>caussas</em></span> <span class='ocrx_word' id='word_1_249' title='bbox 970 2233 1006 2262; x_wconf 89' lang='lat' dir='ltr'><em>et</em></span> <span class='ocrx_word' id='word_1_250' title='bbox 1027 2227 1197 2263; x_wconf 85' lang='lat' dir='ltr'><em>ordinem</em></span> <span class='ocrx_word' id='word_1_251' title='bbox 1219 2227 1248 2262; x_wconf 88' lang='lat' dir='ltr'><em>si</em></span> <span class='ocrx_word' id='word_1_252' title='bbox 1279 2238 1415 2276; x_wconf 80' lang='lat' dir='ltr'><em>expro-</em></span> 
     </span>
     <span class='ocr_line' id='line_1_37' title="bbox 292 2287 1419 2343; baseline 0.001 -16"><span class='ocrx_word' id='word_1_253' title='bbox 292 2298 401 2327; x_wconf 64' lang='lat' dir='ltr'><em>mere</em></span> <span class='ocrx_word' id='word_1_254' title='bbox 422 2287 546 2334; x_wconf 85' lang='lat' dir='ltr'><em>velim,</em></span> <span class='ocrx_word' id='word_1_255' title='bbox 567 2289 753 2327; x_wconf 88' lang='lat' dir='ltr'><em>inmemor</em></span> <span class='ocrx_word' id='word_1_256' title='bbox 782 2290 852 2328; x_wconf 91' lang='lat' dir='ltr'><em>sim</em></span> <span class='ocrx_word' id='word_1_257' title='bbox 880 2291 1084 2343; x_wconf 84' lang='lat' dir='ltr'><em>propositi,</em></span> <span class='ocrx_word' id='word_1_258' title='bbox 1106 2303 1181 2342; x_wconf 91' lang='lat' dir='ltr'><em>quo</em></span> <span class='ocrx_word' id='word_1_259' title='bbox 1201 2290 1318 2327; x_wconf 85' lang='lat' dir='ltr'><em>statui</em></span> <span class='ocrx_word' id='word_1_260' title='bbox 1337 2300 1419 2328; x_wconf 77' lang='lat' dir='ltr'><em>non</em></span> 
     </span>
    </p>
   </div>
  </div>
 </body>
</html>
