1546 2648
344 138 502 169 LIBER
525 135 661 166 XLII.
690 134 803 164 cAr.
826 132 1015 164 vaul.
1089 136 1095 144 '
1143 130 1223 177 371

115 230 298 280 agendam
311 228 440 281 jussus
457 244 465 266 :
497 234 536 278 et
554 227 598 264 P.
612 223 796 268 Lentulo,
812 225 877 274 qui
896 237 942 260 ex
960 224 1109 260 Achaia
1126 223 1224 260 redi·
1236 225 1279 256 U.
1292 225 1330 257 C.
1344 229 1419 257 ⁵81.

112 303 206 337 erat,
227 294 385 330 trecenti
414 291 551 329 milites
578 289 704 326 Italici
729 288 877 338 generis
903 287 996 331 dati,
1018 294 1059 324 ut
1080 269 1325 325 ThebisA‘C‘
1341 274 1414 305 ³⁷¹·

111 357 215 395 daret
234 370 403 408 operam,
423 363 466 393 ut
484 357 524 392 in
543 359 734 406 potestate
752 352 909 390 Boeotia
929 358 1038 388 esset.

165 421 356 458 XLVIII.
386 420 459 458 His
489 419 725 471 praeparatiS‚
750 429 979 467 quamquam
1007 416 1055 452 ad
1081 415 1224 456 bellum

107 485 270 530 .consilia
290 493 398 522 erant
417 485 619 528 destinata,
641 489 816 520 senatum
835 491 962 518 tamen
990 480 1149 531 praeberi
1169 480 1223 517 le-

109 550 209 599 gatis
241 549 397 599 placuit,
453 549 599 586 Eadem
627 547 721 590 fere,
752 559 834 596 quae
867 546 907 582 in
937 544 1142 594 conloquio
1176 543 1222 582 ab
1237 547 1343 597 Legati
1363 545 1440 597 ,Βετ-

107 625 198 662 rege
218 613 319 650 dicta
338 620 460 657 erant,
480 612 601 650 relata
619 611 667 650 ab
686 610 835 660 legatis.
892 608 1122 652 Iusidjarum
1143 607 1224 644 Eu·
1233 600 1282 639 ‘sm
1297 591 1408 622 andm'

108 677 212 723 meni
239 676 425 725 factarum
453 677 608 719 crimen,
630 681 668 711 et
693 675 860 711 maxima
884 686 987 716 cura,
1009 679 1047 711 et
1069 672 1225 709 minime

110 745 240 784 tamen
257 740 522 790 probabiliter,
543 738 763 787 (manifesta
778 738 879 775 enim
899 749 958 773 res
979 736 1076 782 erat)
1095 735 1225 774 defen-

107 815 206 840 sum.
250 804 392 840 Cetera
420 803 637 853 deprecatio
667 808 770 838 erat:
804 801 868 837 sed
897 813 976 837 non
1005 801 1057 836 eis
1088 800 1224 837 animis

107 865 375 915 audiebantur,
397 868 462 916 qui
480 873 546 903 aut
566 867 704 909 doceri,
724 872 792 902 aut
810 866 911 902 flecti
931 871 1100 916 possent.
1143 864 1223 901 De·
1237 864 1398 914 Excedere
1410 907 1417 913 ¹

108 931 347 975 nunciatum,
368 931 559 981 extemplo
589 930 778 967 moenibus
807 929 909 966 urbis
938 929 1089 972 Romae,
1110 928 1224 966 Italia
1237 909 1434 947 Ita¹¹aju⁵⁵¹⁴

107 994 210 1031 intra
236 996 474 1045 trigesimum
502 995 601 1034 diem
629 993 866 1031 excederent.
923 992 966 1029 P.
985 992 1139 1030 Licinio
1158 991 1224 1029 de-

107 1059 196 1103 inde
230 1059 391 1103 consuli,
426 1060 483 1097 cui
517 1058 748 1096 Macedonia
775 1058 973 1108 provincia
1000 1056 1222 1101 obvenerat,

110 1121 394 1167 denunciatum,
429 1131 471 1160 ut
503 1123 685 1160 exercitui
718 1121 817 1157 diem
845 1121 1007 1171 primam
1036 1132 1224 1170 quamque

110 1185 253 1223 diceret
271 1188 318 1224 ad
337 1188 652 1224 conveniendum.
707 1186 751 1223 C.
766 1186 967 1222 Lucretius
988 1192 1142 1236 przetor,
1163 1185 1224 1222 cui
1237 1189 1403 1238 Lucretia<

111 1250 239 1287 classis
272 1253 470 1302 provincia
502 1258 596 1295 erat,
632 1264 716 1288 cum
754 1251 1006 1300 quadraginta
1038 1251 1221 1300 quinque·
1235 1239 1402 1306 ἓξὲξ

106 1314 274 1351 remibus
295 1315 342 1351 ab
364 1315 455 1365 urbe
475 1315 688 1365 profectus:
720 1327 806 1351 nam
829 1327 874 1350 ex
893 1313 1043 1350 refectis
1064 1313 1221 1349 navibus
1235 1319 1373 1358 navigat.

111 1378 201 1416 alias
222 1379 261 1416 in
279 1379 397 1416 alium
413 1393 522 1417 usum
541 1380 695 1416 retineri
715 1380 760 1416 ad
783 1379 913 1415 urbem
933 1378 1087 1429 placuit.
1120 1379 1223 1416 Prae-

109 1443 244 1481 missus
265 1458 287 1481 a
303 1450 467 1495 praetore
487 1452 543 1480 est
562 1444 679 1480 frater
704 1444 905 1480 Lucretius
927 1456 1012 1480 cum
1037 1443 1223 1492 quinque-

109 1521 211 1547 teme
238 1522 336 1546 una:
362 1508 581 1559 jussusque,
602 1508 649 1545 ab
678 1509 790 1546 sociis
819 1521 866 1545 ex
891 1507 1035 1544 foedere
1057 1508 1222 1557 acceptis

108 1572 284 1615 navibus,
323 1572 371 1608 ad
408 1571 693 1622 Cephalleniam
739 1571 849 1608 classi
891 1571 1104 1608 obcurrere.
1160 1570 1223 1608 Ab

109 1637 297 1686 Rheginis
328 1637 470 1672 triremi
498 1648 586 1680 una,
608 1635 654 1672 ab
680 1635 815 1672 Locris
846 1634 1005 1678 duabus,
1025 1634 1073 1671 ab
1101 1635 1235 1688 Uritig

111 1702 180 1738 bus
207 1706 384 1750 quatuor,
404 1707 541 1750 praeter
567 1712 674 1735 oram
699 1699 821 1735 Italiae
847 1704 1088 1748 supervectus
1110 1698 1222 1735 Cala-

108 1765 200 1802 briae
228 1774 438 1801 extremum
464 1763 769 1814 promontorium
795 1763 834 1797 in
859 1762 973 1799 Ionio
991 1763 1100 1805 mari,
1119 1760 1222 1811 Dyr-

110 1830 308 1868 rhachium
338 1826 492 1878 trajicit.
549 1826 611 1863 Ibi
639 1827 768 1866 decem
795 1827 965 1876 ipsorum
985 1825 1221 1876 Dyrrhachi-

108 1906 260 1937 norum,
282 1893 480 1930 duodecim
510 1892 728 1934 Issaeorum,
755 1891 1031 1940 quinquaginta
1058 1897 1223 1940 quatuor

108 1958 240 2001 Gentii
258 1958 358 2006 regis
378 1957 527 1996 lembos
543 1963 693 1999 nactus,
714 1955 894 1991 simulans
914 1967 954 1991 se
973 1955 1137 1998 credere,
1154 1966 1220 1991 eos

110 2023 148 2058 in
168 2034 276 2058 usum
296 2020 560 2057 Romanorum
580 2026 820 2070 comparatos
840 2030 934 2061 esse,
955 2017 1131 2055 omuibus
1151 2018 1219 2055 ab·

111 2085 259 2130 ductis,
276 2085 336 2123 die
363 2085 478 2123 tertio
508 2084 730 2133 Corcyram,
760 2083 846 2118 inde
875 2082 1048 2132 protinus
1077 2083 1117 2119 in
1147 2082 1220 2119 Ce-

109 2147 537 2199 phalleniam,trajicit.>
578 2147 840 2186 C.Lucretius
870 2153 1010 2197 praetor
1038 2147 1086 2185 ab
1114 2146 1220 2185 Nea—

109 2210 188 2264 poli
208 2210 414 2262 profectus,
433 2218 612 2263 superato
629 2210 743 2254 freto,
763 2212 824 2247 die
843 2211 978 2260 quinto
995 2210 1036 2247 in
1056 2210 1221 2261 Cephal·-

107 2275 575 2320 lenianirtransmisit.‚1bi
591 2277 698 2312 stetit
712 2275 855 2319 classis,
873 2274 985 2318 simul
1001 2274 1219 2329 obperiem,

616 2338 656 2376 R
677 2339 699 2376 6
