1546 2648
335 112 416 146 222
482 131 486 137 -
787 117 834 146 τ.
856 118 989 148 nvn

139 202 183 235 11.
197 203 236 235 C.
250 210 322 240 ³70.
333 200 545 238 facturum:
575 213 698 252 neque
722 202 922 241 obscurum
952 212 1032 242 erat
1053 205 1335 252 rebellaturum,
1355 221 1437 245 orn-

137 246 230 278 A'C‘
250 254 485 314 ¹⁸²·niaque,
515 279 597 316 quae
633 273 724 304 tunc
760 276 890 317 ageret
918 270 1145 320 diceretque,
1176 283 1221 307 eo
1257 281 1440 321 spectare.

330 328 419 366 Jam
444 330 605 380 primum
636 344 787 368 omnem
812 333 890 369 fere
919 334 1197 371 multitudinem
1227 336 1366 372 civium
1394 348 1441 372 ex

329 393 528 430 maritimis
548 395 764 432 civitatibus
785 409 868 434 cum
881 397 1032 438 familiis
1053 399 1128 434 suis
1149 398 1188 434 in
1204 399 1438 442 Emathiam,

330 469 414 506 quae
439 469 539 494 nunc
565 458 715 502 dicitur,
746 460 936 508 quondam
967 460 1153 512 adpellata
1183 461 1337 500 Paeonia
1367 469 1438 506 est,

329 521 519 559 traduxit:
551 522 836 572 Thracibusque
855 531 894 561 et
923 525 1004 562 aliis
1032 525 1203 564 barbaris
1232 526 1342 563 urbes
1363 534 1440 564 tra-

329 585 424 622 didit
452 585 689 630 habitandas,
712 588 843 624 fidiora
871 589 952 625 haec
979 602 1117 638 genera
1140 591 1337 627 hominum
1355 591 1439 627 fore

328 655 432 686 ratus
454 650 492 685 in
510 649 689 687 Romano
708 650 822 689 bello.
878 651 1080 701 Ingentem
1100 666 1143 689 ea
1168 666 1226 690 res
1245 654 1439 690 fremitum

329 718 414 748 tota
430 712 661 750 Macedonia
680 713 794 760 fecit3
826 714 1157 765 relinquentesque
1175 723 1331 766 penates
1349 729 1439 753 suos

329 789 415 813 cum
445 777 671 827 conjug-ibus
700 792 744 815 ac
775 778 903 816 liberis
936 781 1047 830 pauci
1079 781 1238 817 tacitum
1264 780 1438 822 dolorem

328 841 600 888 continebant3
633 843 984 892 exsecrationesque
1013 844 1053 879 in
1082 842 1296 892 agminibus
1321 843 1439 894 profi-

328 904 550 941 ciscentium
568 905 606 941 in
626 918 766 955 regem,
782 906 956 942 vincente
973 906 1061 943 odio
1081 913 1239 950 metum,
1259 907 1437 944 exaudie-

326 967 480 1006 bantur.
535 969 609 1007 His
628 970 737 1007 ferox
756 970 902 1009 animus
931 983 1062 1007 omnes
1092 970 1283 1014 homines,
1309 971 1439 1008 omnIa

325 1031 413 1070 loca
438 1039 686 1085 temporaque
714 1041 888 1085 suspecta
912 1033 1091 1070 habebat.
1146 1033 1347 1071 Postremo
1369 1047 1436 1071 ne-

326 1109 416 1145 gare
431 1097 628 1147 propalam
644 1099 774 1149 eoepit,
789 1099 878 1135 satis
894 1104 1019 1134 tutum
1031 1098 1103 1134 sibi
1119 1098 1323 1147 quidquam
1340 1110 1436 1142 esse,

325 1161 400 1197 nisi
418 1160 557 1198 liberos
576 1175 722 1206 eorum,
741 1176 836 1212 quos
858 1162 1123 1206 interfecisset,
1144 1162 1438 1213 comprehensos

326 1224 366 1260 in
386 1225 559 1261 custodia
577 1225 748 1270 haberet,
770 1232 808 1262 et
825 1232 996 1276 tempore
1016 1225 1131 1265 alium
1151 1224 1227 1262 alio
1247 1224 1410 1262 tolleret.

130 1293 316 1343 Theoxenae
380 1290 450 1328 IV.
477 1291 576 1328 Eam
603 1292 880 1335 crudelitatem,
897 1292 1040 1328 foedam
1070 1303 1136 1342 per
1165 1303 1218 1334 se,
1238 1289 1439 1333 foediorem

135 1337 273 1370 fiemus·
326 1356 437 1392 unius
464 1355 597 1394 domus
623 1356 754 1393 clades
780 1356 888 1394 fecit.
941 1355 1194 1399 Herodicum,
1227 1354 1439 1411 principem

325 1419 611 1464 Thessalorum,
632 1421 760 1458 multis
781 1427 869 1458 ante
892 1421 999 1458 annis
1031 1420 1221 1457 occiderat
1233 1434 1245 1464 3
1277 1429 1437 1468 generos

325 1497 476 1534 quoque
506 1485 585 1536 ejus
614 1493 748 1536 postea
775 1485 991 1523 interfecit:
1025 1485 1063 1520 in
1086 1484 1270 1521 viduitate
1290 1481 1438 1522 ²relictae

324 1548 426 1592 filiae,
448 1549 616 1598 singulos
636 1550 732 1586 filios
758 1562 894 1600 parvos
918 1548 1116 1585 habentes.
1171 1546 1381 1583 Theoxena
1399 1549 1439 1581 et

325 1613 457 1650 Archo
474 1615 631 1650 nomina
649 1613 869 1650 mulieribus
889 1618 1010 1650 erant.
1064 1612 1288 1654 Theoxena,
1308 1608 1437 1645 multis

325 1676 558 1728 petentibus,
586 1677 811 1728 adspernata
839 1677 990 1726 nuptias
1019 1682 1088 1714 est.
1146 1674 1277 1710 Archo
1307 1671 1438 1708 Poridi

324 1740 486 1782 cuidam,
507 1740 621 1789 longe
640 1741 801 1790 principi
821 1741 944 1789 gentis
959 1739 1183 1781 AEneatum,
1199 1736 1351 1786 nupsit5
1384 1740 1437 1776 et,

325 1804 425 1853 apud
443 1816 528 1839 eum
551 1804 675 1854 plures
695 1805 802 1840 enisa
827 1809 971 1853 partim,
992 1802 1115 1852 parvis
1145 1799 1347 1837 admodum
1377 1810 1436 1834 re-

324 1867 425 1903 lictis
445 1868 636 1911 omnibus,
656 1868 827 1904 decessit.
882 1867 1106 1908 Theoxena,
1127 1871 1170 1903 ut
1196 1865 1234 1900 in
1261 1863 1337 1899 suis
1358 1875 1438 1899 ma-

327 1932 438 1968 nibus
457 1932 566 1969 liberi
585 1933 724 1969 sororis
754 1932 1014 1974 educarentur,
1039 1930 1169 1967 Poridi
1198 1928 1351 1978 nupsit:
1383 1934 1436 1970 et,

327 2002 521 2045 tamquam
540 2009 670 2033 omnes
698 1997 778 2046 ipsa
808 1997 912 2033 enisa
940 1995 1053 2038 foret,
1083 2006 1192 2031 suum
1222 1992 1436 2040 sororisque

326 2058 423 2096 filios
444 2060 482 2095 in
503 2060 631 2096 eadem
660 2059 825 2096 habebat
845 2072 957 2096 cura:
988 2065 1189 2109 postquam
1216 2056 1315 2104 regis
1336 2055 1434 2091 edic—

325 2130 408 2159 tum
426 2123 472 2159 de
487 2124 848 2172 comprehendendis
866 2123 991 2159 liberis
1006 2135 1150 2164 eorum,
1164 2121 1227 2170 qui
1245 2118 1435 2156 interfecti

323 2193 463 2230 essent,
493 2189 661 2238 accepit3
694 2188 858 2225 ludibrio
883 2187 1045 2230 futur05‚
1077 2198 1153 2222 non
1185 2185 1282 2233 regis
1302 2182 1429 2223 modo,
1455 2189 1459 2193 “
1516 2224 1517 2231 ¹

325 2251 388 2289 sed
411 2252 608 2289 custodum
633 2253 747 2289 etiam
778 2251 940 2295 libidini,
964 2258 1058 2293 rata,
1084 2250 1131 2287 ad
1162 2261 1237 2286 rem
1265 2255 1432 2284 atrocem
