1546 2648
264 147 349 191 >294
451 173 455 179 .
723 151 769 178 T.
793 151 926 180 mvn

68 238 113 270 U.
128 239 166 270 C.
179 245 252 275 ⁵7⁵-
267 235 310 271 C.
330 235 532 275 Quinctius
569 235 818 281 Flamininus,
857 239 900 275 C.
930 237 1141 282 Numisius,
1181 241 1223 277 C.
1243 240 1372 279 Mum-

67 282 160 313 A‘C'
179 289 376 343 ¹⁷⁷·mius,
408 300 478 337 Cn.
500 300 697 337 Cornelius
736 301 878 352 Scipio,
910 303 952 339 C.
973 302 1143 340 Valerius
1181 304 1372 344 Laevinus.

262 362 459 400 Tuberoni
501 363 644 403 urbana
681 363 913 414 jurisdictio,
952 367 1135 406 Quinctio
1172 370 1372 419 peregrina

262 430 401 473 evenit,
421 430 599 467 Numisio
621 430 762 474 Sicilia,
789 431 978 468 Mummio
1008 432 1205 469 Sardinia:
1237 433 1300 469 sed
1326 446 1372 470 ea

260 500 417 544 propter
457 493 548 530 belli
593 494 893 543 magnitudinem
931 495 1125 545 provincia
1161 496 1369 533 consularis

260 556 374 594 facta.
432 556 626 593 Gracchus
659 570 741 594 eam
775 559 945 601 sortitur,
978 558 1130 594 Istriam
1163 545 1366 606 Claudius3

261 621 389 671 Scipio
408 627 446 657 et
470 620 648 657 Laevinus
669 620 846 664 Galliam,
867 623 906 657 in
927 622 1018 658 duas
1039 622 1194 658 divisam
1215 625 1370 673 provin-

259 685 351 729 cias,
372 685 497 721 sortiti
517 691 617 721 sunt.
673 684 805 721 Idibus
824 684 992 728 Martiis,
1013 698 1088 734 quo
1109 685 1169 722 die
1193 686 1371 737 Sempro-

258 749 343 784 nius
364 748 619 798 Claudiusque
649 748 889 785 consulatum
918 749 1099 792 inierunt,
1120 750 1265 787 mentio
1283 757 1369 789 tan-

257 819 339 848 tum
369 812 414 848 de
445 812 648 863 provinciis
681 812 854 849 Sardinia
885 812 1073 862 Istriaque
1104 820 1142 849 et
1173 814 1369 864 utriusque

257 875 431 913 hostibus
450 876 537 920 fuit,
557 877 622 926 qui
651 877 691 913 in
718 877 777 913 his
796 877 1000 928 provinciis
1020 877 1162 914 bellum
1181 878 1367 915 concivis-

257 947 353 977 sent.
409 940 570 978 Postero
596 941 656 977 die
681 940 799 990 legati
828 941 1051 985 Sardorum,·
1077 942 1141 990 qui
1171 942 1219 978 ad
1246 954 1367 979 novos

255 1006 499 1055 magistratus
525 1005 631 1042 dilati
650 1014 772 1050 erant,
793 1007 839 1043 L.
858 1006 1051 1043 Minucius
1071 1007 1274 1053 Thermus,
1303 1008 1368 1058 qui

254 1068 400 1118 legatus
422 1068 563 1105 Manlii
588 1069 753 1106 consulis
784 1070 823 1106 in
843 1069 958 1106 Istria
976 1070 1114 1114 fuerat,
1134 1071 1175 1106 in
1194 1078 1367 1108 senatum

257 1135 371 1172 venit.
427 1134 489 1171 Ab
517 1134 576 1170 his
606 1135 762 1171 edoctus
793 1141 850 1171 est
878 1142 1045 1178 senatus,
1065 1141 1249 1184 quantum
1276 1135 1369 1173 belli
1502 1130 1511 1218 ⁴

256 1211 308 1235 eae
337 1199 542 1248 provinciae
570 1198 768 1235 haberent.
822 1198 1031 1236 Moverunt
1059 1205 1231 1236 senatum
1251 1206 1289 1236 et
1313 1199 1368 1236 le-

55 1275 240 1307 Latinorum
254 1264 428 1312 gationes
449 1263 595 1299 socium
622 1263 786 1299 nominis
806 1262 951 1307 Latini,
972 1277 1055 1313 quae
1075 1270 1114 1300 et
1133 1276 1307 1301 censores
1328 1271 1367 1301 et

52 1318 200 1357 querelae.
253 1330 398 1380 priores
431 1328 604 1366 consules
634 1328 904 1378 fatigaverunt,
941 1329 1095 1366 tandem
1121 1330 1160 1366 in
1191 1337 1366 1367 senatum
1416 1337 1422 1342 ”

252 1394 492 1431 introductae.
549 1393 704 1430 Summa
740 1392 976 1442 querelarum
1016 1400 1111 1437 erat,
1152 1394 1252 1431 Cives
1286 1407 1366 1431 suos

254 1459 377 1494 Romae
396 1470 512 1495 censos
527 1459 716 1506 plerosque
735 1458 887 1494 Romam
909 1459 1155 1506 comnigrasse.
1208 1448 1318 1499 ‘Quod
1335 1460 1366 1495 si

247 1522 497 1571 permittatur,
514 1524 704 1572 perpaucis
723 1523 844 1558 lustris
862 1522 1049 1570 futurum,
1069 1528 1110 1558 ut
1139 1524 1277 1559 deserta
1297 1535 1362 1571 op-

249 1587 353 1634 pida,
375 1588 502 1622 deserti
521 1588 615 1634 agri,
636 1587 779 1622 nullum
797 1586 948 1621 militem
967 1587 1053 1621 dare
1069 1590 1222 1633 possent.
1271 1585 1363 1622 Fre·
1498 1635 1499 1639 Ἰ

252 1649 367 1698 gellas
384 1663 534 1700 quoque
553 1649 671 1686 millia
690 1656 853 1699 quatuor
869 1647 1097 1686 familiarum
1113 1651 1293 1686 transisse
1312 1650 1360 1688 ab
1502 1650 1511 1681 *¹

250 1726 304 1756 se,
327 1714 514 1750 Samnites
534 1713 757 1762 Pelignique
776 1712 1051 1762 querebantur:
1084 1726 1207 1762 neque
1225 1726 1271 1750 eo
1289 1714 1360 1750 mi·
1495 1710 1511 1718 ”

249 1789 320 1814 uus
340 1784 406 1813 aut
423 1778 493 1813 hos
515 1784 579 1814 aut
599 1777 683 1812 illos
703 1778 742 1812 in
763 1775 949 1813 delectum
969 1776 1131 1812 militum
1151 1778 1252 1814 dare.
1282 1777 1359 1814 Ge-

248 1852 341 1876 nera
373 1846 500 1876 autem
528 1839 668 1877 fraudis
698 1840 773 1876 duo
802 1839 992 1876 mutaudae
1022 1840 1163 1876 viritim
1196 1841 1359 1877 civitatis

250 1903 405 1940 inducta
434 1909 554 1941 erant.
610 1903 691 1939 Lex
722 1903 833 1939 sociis
863 1915 906 1939 ac
936 1904 1099 1939 nominis
1131 1903 1274 1947 Latini,
1294 1905 1359 1953 qui
1494 1925 1511 1967 ff„

250 1968 405 2018 stirpem
436 1981 480 2004 ex
511 1980 591 2004 sese
620 1968 719 2003 domi
750 1967 1018 2015 relinquerent,
1039 1966 1168 2009 dabat,
1191 1973 1231 2002 ut
1260 1968 1357 2003 cives
1492 1971 1508 2034 ff

248 2030 417 2067 Romani
444 2032 601 2068 fierent:
636 2044 679 2068 ea
704 2031 787 2079 lege
819 2030 916 2068 male
946 2030 1101 2072 utendo,
1133 2029 1196 2066 alii
1230 2031 1357 2073 sociis,
1495 2068 1511 2077 ,

247 2094 311 2130 alii
340 2096 484 2145 populo
514 2096 693 2132 Romano
723 2095 900 2145 iujuriam
922 2094 1125 2131 faciebant.
1181 2093 1283 2130 Nam
1305 2102 1356 2138 et,

1508 751 1509 764 l

1508 774 1509 781 η

1507 787 1509 799 Ι

1504 814 1514 965 r,

1505 978 1509 987 ρ

1504 1003 1507 1010 ι

244 2170 293 2194 ne
313 2159 469 2208 stirpem
493 2159 594 2195 «lomi
623 2159 894 2207 relinquerent,
915 2157 1054 2194 liberos
1084 2170 1171 2193 suos
1201 2157 1356 2206 quibus-

243 2221 378 2272 quibus
408 2223 594 2260 Ronnanis
625 2224 662 2260 in
691 2236 774 2259 eam
795 2223 1066 2266 conditionem,
1090 2229 1131 2258 ut
1150 2223 1351 2259 manumit-

243 2292 427 2332 terentur,
465 2288 655 2339 mancipio
692 2287 848 2330 dabant,
886 2287 1128 2337 libertinique
1165 2288 1262 2324 cives
1295 2298 1353 2322 es·
