1546 2648
105 238 149 271 U.
163 240 200 271 c.
215 233 288 273 ⁵⁸3.

103 284 146 315 Α.
159 283 197 314 C.
215 289 287 321 167.

102 883 218 914 Prusiae

101 925 215 957 viiitas.

297 135 380 191 538
477 146 686 176 'inmun
710 147 812 177 mn.
835 147 952 178 xnv.
975 149 1082 180 CAP.
1100 150 1242 181 πων.

300 235 462 286 aliaque,
491 248 574 286 quae
593 236 640 273 ad
669 236 893 275 sacrificium
907 237 1156 288 pertinerent,
1177 250 1243 275 seu
1255 238 1406 283 Roma,

300 315 367 340 seu
384 303 576 340 Praeneste
593 302 778 341 inmolare
795 302 922 347 vellet,
951 305 1030 353 regi
1050 317 1098 341 ex
1120 304 1290 356 publico,
1309 306 1406 342 sicut

299 367 583 417 magistratibus
628 367 830 413 Romanis,
871 368 1154 420 praeberentur:
1203 376 1241 406 et
1283 376 1326 405 ut
1361 381 1409 406 ex

299 431 433 476 classe,
473 445 556 482 quae
583 431 777 469 Brundisii
814 440 925 477 esset,
962 446 1076 470 naves
1112 433 1237 482 longae
1272 432 1410 482 viginti

299 496 600 546 adsignat-entur,
631 496 767 546 quibus
800 503 981 542 uteretur,
1002 497 1123 534 donec
1156 497 1203 534 ad
1233 496 1405 540 classem,

299 560 402 598 dono
421 561 546 598 datam
567 561 615 604 ei,
633 573 698 598 rex
712 562 955 611 pervenisset.
997 561 1045 599 L.
1063 561 1263 598 Cornelius
1279 561 1408 611 Scipio

297 637 346 662 ne
366 625 412 662 ab
433 637 480 661 eo
502 624 734 667 abscederet,
764 630 1005 673 sumtumque
1034 625 1106 674 ipsi
1136 631 1175 661 et
1203 625 1406 662 comitibus

295 688 495 738 praeberet,
516 689 636 724 donec
655 700 789 724 navem
809 688 1104 725 conscendisset.
1158 687 1259 727 Mire
1277 687 1406 725 laetum

295 757 334 788 et
353 764 397 789 ea
413 751 652 801 benignitate
680 753 718 788 in
739 764 778 789 se
796 753 927 802 populi
946 752 1113 788 Romani
1132 764 1260 801 regem
1273 752 1404 797 fuisse,

294 818 449 856 ferunt:
481 831 638 855 munera
666 818 738 855 sibi
771 819 894 869 ipsum
923 821 1084 865 emisse5
1115 818 1234 855 filium
1245 817 1405 869 jussisse

296 884 438 921 donum
465 882 597 934 populi
629 883 796 920 Romani
829 884 1010 934 accipere.
1067 883 1163 920 Haec
1196 884 1243 920 de
1270 883 1405 919 Prusia

293 949 416 986 nostri
435 949 650 998 scriptores.
705 947 902 998 Polybius,
937 961 1021 984 eum
1054 961 1181 996 regem
1206 948 1403 997 indignum

294 1011 493 1064 majestate
528 1013 693 1049 nominis
726 1014 838 1056 tanti,
867 1013 1007 1058 tradit3
1049 1012 1244 1063 pileatum,
1278 1012 1402 1062 capite

292 1090 393 1121 raso,
431 1077 583 1114 obviam
620 1078 675 1113 ire
706 1076 840 1126 legatis
873 1077 1041 1120 solitum,
1080 1077 1331 1125 libertumque
1363 1088 1402 1113 se

290 1141 424 1195 populi
442 1140 609 1177 Romani
634 1140 731 1177 ferre
745 1157 755 1186 3
788 1146 826 1177 et
851 1141 936 1177 ideo
961 1141 1125 1190 insignia
1150 1140 1292 1176 ordinis
1322 1139 1402 1190 ejus

293 1218 436 1255 gerere.
491 1205 630 1242 Romae
663 1217 828 1255 quoque,
855 1218 969 1254 quum
998 1204 1144 1240 veniret
1175 1205 1214 1239 in
1245 1204 1400 1248 curiam,

293 1270 511 1307 submisisse
530 1282 584 1314 se,
604 1275 644 1308 et
661 1270 792 1306 osculo
820 1270 935 1306 limen
965 1270 1078 1305 curiae
1103 1268 1307 1317 contigisse
1325 1284 1332 1303 z
1365 1274 1403 1305 ct

294 1336 394 1373 Deos
427 1340 623 1372 servatores
653 1347 733 1372 suos
759 1340 931 1371 senatum
965 1333 1185 1384 adpellasse,
1215 1332 1402 1382 aliamque

293 1399 520 1443 orationem,
539 1412 618 1435 non
638 1405 716 1435 tam
734 1398 985 1435 honorificam
1014 1396 1267 1439 audientibus,
1287 1409 1398 1445 quam

293 1463 365 1500 sibi
384 1463 605 1507 deformem,
624 1462 815 1500 habuisse.
871 1461 1046 1498 Mox-atus
1066 1462 1166 1497 circa
1184 1459 1316 1496 urbem
1330 1460 1399 1496 tri-

295 1528 401 1576 ginta
420 1528 520 1565 haud
539 1527 698 1579 amplius
718 1526 797 1564 dies
815 1527 853 1564 in
873 1539 1031 1576 regnum
1052 1532 1109 1562 est
1127 1523 1331 1576 profectus.
