1546 2648
329 163 480 192 mni-:R
505 160 621 189 xnv.
654 158 762 187 cAv.
788 157 944 186 xxn1.
1107 154 1187 198 507

66 256 215 303 sactum
246 258 311 295 est,
345 251 552 301 defensurus
578 261 669 289 sum,
706 248 795 294 (non
823 247 913 282 adeo
943 245 1098 291 insanio)
1131 245 1191 281 sed

73 319 256 366 publicam
287 327 448 353 caussam
479 326 503 349 a
528 314 755 361 privatorum
790 312 898 358 eulpa
927 314 1188 357 segregaturus.

76 383 193 418 Nulla
218 383 312 417 enim
341 384 392 416 est
417 380 554 420 civitas,
575 389 652 425 quoe
669 388 741 413 non
770 381 805 412 et
832 375 995 424 inprobos
1014 376 1102 410 cives
1119 375 1190 410 ali-

75 446 230 494 quando,
278 448 313 480 et
347 443 539 491 inperitam
573 441 840 477 multitudinem
874 451 1013 486 semper
1049 439 1188 476 habeat.

74 509 199 544 Etiam
217 508 317 556 apud
335 519 394 543 vos
411 505 531 555 faisse
549 505 687 546 audivi,
718 504 780 551 qui
809 503 1031 539 adsentando
1063 503 1187 538 multi-

73 573 190 608 tudini
219 575 496 620 grassarentur:
539 573 575 605 et
605 569 779 604 secessisse
809 567 1006 615 aliquando
1039 579 1062 602 a
1094 566 1189 602 vobis

70 635 221 684 plebem,
241 648 305 672 nec
322 636 359 670 in
377 638 553 683 potestate
570 636 688 669 vestra
705 631 957 679 rempublicam
976 630 1108 680 fuisse.
1146 632 1189 666 Si

74 701 139 736 hoc
157 701 194 736 in
215 700 281 736 hac
300 704 375 736 tam
405 699 489 734 bene
513 703 659 734 morata
690 698 837 734 civitate
865 697 1026 734 accidere
1052 697 1186 745 potuit,

71 766 200 801 mirari
227 766 410 812 quisquam
439 767 569 811 potest,
590 763 726 809 aliquos
743 761 862 811 fuisse
889 762 987 810 apud
1014 773 1090 803 nos,
1111 762 1186 809 qui,

70 830 164 876 regis
182 829 383 864 amicitiam
410 831 578 875 petentes,
608 827 746 873 plebem
773 831 932 863 nostram
953 825 1106 861 consiliis
1124 826 1186 860 de-

70 894 299 941 pravarent?
321 894 382 940 qui
402 897 521 928 tamen
547 891 638 926 nihil
667 892 766 927 ultra
793 891 998 931 valuerunt,
1021 901 1127 937 quom
1147 895 1187 926 ut

71 958 110 993 in
128 956 244 1004 officio
264 967 486 992 cessaremus.
544 955 628 990 Non
654 954 842 1003 proeteribo
863 955 914 996 id,
935 955 1031 1001 quod
1046 955 1186 1001 gravis-

67 1024 196 1058 simum
227 1027 279 1058 est
308 1024 346 1057 in
378 1022 442 1057 hoc
465 1021 556 1056 bello
585 1022 718 1056 crimen
745 1020 900 1055 civitatis
917 1022 1056 1055 nostrat.
1114 1017 1186 1053 Le-

66 1090 171 1132 gatos
189 1086 312 1121 eodem
331 1090 488 1132 tempore
506 1089 541 1120 et
570 1085 619 1119 ad
649 1095 722 1125 vos,
743 1087 778 1120 et
798 1083 846 1118 aa
866 1083 997 1118 Persea
1025 1082 1068 1117 de
1096 1093 1187 1129 pace

69 1150 254 1184 misimus:
282 1149 377 1196 quod
406 1147 532 1196 infelix
567 1147 752 1183 consilium
778 1145 946 1194 furiosus
976 1146 1036 1193 (nt
1062 1150 1186 1193 postea

68 1213 287 1258 audivimus)
310 1217 434 1248 orator
464 1212 712 1248 stultissimum
729 1209 854 1259 fecit:
885 1221 987 1258 quem
1011 1211 1062 1246 sic
1084 1211 1182 1245 locu-

68 1280 145 1311 tum
170 1280 323 1318 constat,
352 1280 536 1323 tamquam
567 1274 605 1311 C.
628 1275 808 1322 Popillius
829 1274 965 1321 legatus
985 1273 1183 1316 Romanus,

67 1353 168 1387 quem
194 1341 243 1375 ad
273 1340 521 1376 submovendos
540 1351 563 1374 a
588 1339 679 1374 bello
700 1339 917 1376 Antiochum
936 1344 970 1373 et
992 1340 1188 1382 Ptolemae·¹

67 1417 128 1440 um
147 1417 246 1452 reges
265 1405 420 1445 misistis,
444 1405 657 1451 loqueretur.
715 1405 788 1440 Setl
821 1409 939 1440 {anien
959 1417 1013 1445 ea,
1034 1407 1105 1440 sive
1122 1417 1181 1439 su*

65 1469 191 1516 pei-bia
209 1470 281 1504 sive
298 1469 456 1504 stultitia
474 1468 694 1516 adpellanda
724 1473 788 1509 est,
814 1470 952 1511 eadem,
988 1481 1064 1515 quoe
1083 1469 1182 1515 apud

1204 241 1294 272 U.C.
1311 249 1382 272 ⁵⁸5.

1201 287 1240 316 A.
1254 285 1290 315 C.
1312 290 1384 320 167·

64 1545 138 1575 vos,
159 1538 193 1568 et
212 1534 310 1580 apud
333 1534 461 1568 Persea
480 1534 576 1581 suit.
638 1534 727 1568 Tam
747 1534 960 1575 civitatium,
982 1545 1088 1580 quam
1107 1536 1179 1568 sin·
1219 1551 1226 1556 2

63 1597 232 1642 gulosum
264 1595 445 1632 homiuum
482 1607 595 1631 mores
627 1601 737 1631 sunt:
772 1601 894 1643 gentes
929 1609 1065 1644 quoqne
1099 1598 1186 1638 atim,

63 1661 256 1700 iraczmda‘,
279 1660 360 1695 alia?
378 1660 545 1700 audaces,
567 1660 731 1706 quadam
752 1661 886 1696 timida»
899 1676 910 1695 .·
931 1662 968 1696 in
988 1662 1122 1702 vinum,
1142 1662 1177 1695 in

67 1724 236 1759 Venerem
255 1725 440 1771 proniores
458 1725 538 1759 aliae
556 1728 648 1760 sunt.
705 1724 974 1778 Atheniensium
1005 1726 1180 1772 populum

51 1787 162 1836 fama
191 1793 240 1824 est
270 1789 415 1824 celerem
449 1794 480 1823 et
511 1800 620 1835 supra
649 1790 739 1824 vires
768 1790 942 1826 audacem
961 1802 1032 1826 esse
1050 1791 1100 1825 aa
1119 1802 1187 1830 co-¹

61 1853 247 1889 nandum:
278 1852 628 1888 Lacedaemoniorum
649 1857 903 1896 cunctatorem,
929 1859 963 1889 et
983 1855 1041 1890 vix
1063 1855 1098 1889 in
1118 1866 1185 1895 ea„

61 1917 184 1963 quibus
197 1916 298 1965 fidit.
328 1918 594 1964 ingredientem.
654 1918 737 1953 Non
755 1920 971 1965 negaverim,
999 1923 1032 1954 et
1060 1923 1169 1954 lotam

58 1981 155 2016 Asiae
179 1982 356 2028 regionem
380 1983 546 2017 inaniora
574 1994 702 2028 parere
729 1984 887 2030 ingenia,
918 1989 952 2019 et
972 1988 1173 2019 nostrorum

60 2046 281 2081 tumidiorem
307 2057 501 2082 sermonem
529 2058 611 2087 esse,
640 2048 735 2093 quod
767 2048 937 2083 &wilere
969 2050 1061 2084 inter
1080 2049 1172 2096 fini-

61 2110 165 2143 limas
193 2111 352 2146 civitates
370 2112 583 2152 videamur5
612 2116 646 2147 ct
675 2112 711 2147 id
736 2113 851 2159 ipsum
882 2125 950 2149 non
978 2118 1054 2150 tam
1087 2116 1173 2149 ‘eiri-

60 2172 121 2208 bus
140 2175 281 2215 nostris,
303 2186 409 2221 quam
435 2177 558 2211 vestris
586 2176 772 2212 honoribus
797 2190 840 2213 ac
858 2176 1018 2222 judiciis.
1076 2180 1174 2214 Sutia

59 2237 203 2283 quidem
221 2242 256 2273 et
279 2242 362 2274 tunc
380 2241 416 2274 in
434 2242 626 2287 praesentia
645 2243 824 2289 castigata
843 2243 910 2278 illa
930 2244 1060 2290 legatio
1079 2251 1171 2283 erat,

63 2312 139 2335 enen
162 2305 233 2336 tam
257 2303 349 2339 tristi
367 2314 531 2351 responso
548 2310 663 2341 vestro
692 2306 834 2342 dimissa
849 2322 860 2342 .·
889 2309 918 2342 si
939 2312 1009 2343 tam
1042 2321 1169 2354 parum

570 2357 643 2393 ΖΞ
