1546 2648
310 121 393 174 468
605 92 608 95 Δ
766 134 814 164 τ.
836 134 969 165 mvn

118 224 212 299 gg.
226 231 300 257 584.
314 226 416 258 cel-et
440 225 566 265 aestus,
587 226 624 258 et
641 219 766 259 vultus
793 223 917 259 minus
945 223 1116 272 vigentes
1138 228 1177 260 et
1200 235 1312 261 voces
1333 235 1420 274 seg-

227 274 286 301 168

116 993 242 1025 Nasicae

115 1036 282 1076 conloqui·

116 1089 174 1110 um
190 1089 269 1111 cum

117 1121 244 1156 Paullo,

291 286 438 323 ‘niores
459 291 580 330 erant,
601 292 640 322 et
667 286 819 336 quidam
836 287 1097 324 incumbentes
1123 289 1253 332 scutis,
1272 288 1421 337 nisique

311 349 398 401 pilis
418 349 582 387 stabant.
628 348 727 386 Tum
740 344 823 400 jam
843 357 972 401 aperte
989 352 1119 401 primis
1135 351 1329 388 ordinibus
1349 351 1420 387 im-

309 420 433 466 perat,
470 420 703 451 metarentur
735 414 902 452 frontem
938 422 1161 459 castrorum,
1199 422 1237 452 et
1274 414 1421 466 inpedi-

311 486 441 518 menta
473 480 760 517 constituerent.
815 480 931 520 Quod
966 480 1029 516 ubi
1058 480 1140 517 fieri
1167 480 1304 517 milites
1333 491 1421 516 sen-

311 557 406 589 sere,
427 544 490 582 alii
510 545 673 594 gaudere
692 543 832 594 palam,
853 544 953 594 quod
970 545 1090 581 fessos
1110 545 1180 582 viae
1203 544 1334 581 labore
1351 544 1421 581 fla·

301 609 554 658 ‘grantissimo
570 614 664 645 aestu
678 619 758 644 non
773 609 959 657 coegisset
973 620 1143 658 pugnare
1159 622 1168 645 ε
1189 608 1307 657 legati
1321 609 1421 644 circa

309 675 577 724 imperatorem
605 673 793 721 ducesque
821 673 967 709 externi
996 678 1117 716 erant,
1136 673 1236 709 inter
1262 683 1356 721 quos
1382 677 1420 708 et

310 737 478 781 Attalus,
495 749 626 774 omnes
646 736 915 788 adprobantes,
929 748 1043 786 quum
1058 742 1313 788 pugnaturum
1328 748 1421 773 con-

310 802 431 839 sulem
449 801 679 839 credebant:
710 813 834 850 neque
852 801 951 837 enim
975 813 1024 837 ne
1050 801 1109 837 his
1138 800 1421 837 cunctationem

309 872 508 916 aperuerat
545 877 651 902 suam
669 879 676 901 :
721 871 813 900 tunc
862 865 1074 901 mutatione
1109 863 1259 900 consilii
1294 862 1421 900 subita

309 941 424 979 quum
443 928 509 966 alii
533 928 701 972 silerent,
731 927 875 964 Nasica
901 939 997 963 unus
1027 940 1073 964 ex
1102 926 1277 963 omnibus
1308 937 1419 962 ausus

308 1000 366 1031 est
393 1006 548 1031 monere
572 991 779 1035 consulem,
813 991 875 1028 Ne,
897 991 1030 1028 hostem
1054 992 1196 1039 quidem
1221 990 1423 1039 lucificatos

305 1059 444 1107 priores
462 1060 706 1107 imperatores,
726 1056 908 1105 fugiendo
927 1061 1117 1100 certamen,
1137 1056 1300 1093 manibus
1316 1057 1421 1092 emit-

310 1127 396 1159 tere.
457 1122 591 1164 Vereri,
603 1132 648 1157 ne
663 1126 766 1157 nocte
784 1120 901 1163 abeat,
916 1121 1109 1168 sequendus
1128 1120 1282 1156 maximo
1302 1119 1423 1155 labore

308 1199 353 1222 ac
377 1186 536 1235 periculo
563 1187 601 1222 in
627 1186 757 1222 intima
775 1184 1023 1229 Macedoniae5
1052 1186 1302 1233 exercitusque,
1328 1184 1421 1220 sicut

303 1249 486 1299 prioribus
503 1249 661 1293 ducibus,
686 1261 753 1298 per
781 1249 888 1285 calles
905 1250 1086 1298 saltusque
1104 1249 1420 1286 Macedonicorum

305 1316 483 1351 montium
500 1314 666 1362 vagando
694 1314 972 1360 circumagatur.
1029 1313 1078 1349 Se
1101 1312 1316 1361 magnopere
1335 1324 1419 1348 sua·

308 1379 405 1422 dere,
425 1379 511 1414 dum
530 1378 568 1414 in
586 1389 712 1426 campo
736 1378 877 1425 patenti
896 1376 1027 1413 hostem
1056 1376 1196 1419 habeat,
1225 1376 1419 1424 adgredia-

308 1447 381 1485 tur,
401 1453 466 1479 nec
484 1442 641 1478 oblatam
660 1442 874 1477 occasionem
890 1441 1054 1476 vincendi
1072 1441 1230 1476 amittat.
1259 1438 1418 1482 Consul,

308 1504 405 1542 nihil
424 1504 605 1542 obfensus
627 1503 747 1541 libera
769 1503 1029 1540 admonitione
1056 1509 1135 1539 tam
1158 1502 1249 1539 clari
1271 1502 1419 1539 adoles-

307 1570 445 1613 centis,
467 1570 519 1606 Et
543 1581 620 1618 ego,
647 1568 785 1618 inquit,
809 1569 969 1605 animum
995 1570 1103 1605 istum
1129 1567 1250 1610 habui,
1270 1567 1418 1610 Nasica,

310 1645 414 1681 quem
434 1638 471 1670 tu
490 1645 585 1670 nunc
602 1632 728 1669 habes:
757 1636 806 1675 et,
826 1644 929 1681 quem
946 1643 1010 1680 ego
1026 1643 1122 1668 mmo
1143 1631 1266 1674 habeo,
1287 1636 1327 1668 tu
1355 1631 1420 1668 Ιια-

306 1697 410 1734 ·bebis.
466 1697 598 1734 Multis
613 1697 696 1734 hezli
713 1697 849 1734 casibus
866 1697 990 1740 didici,
1011 1697 1156 1745 quondo
1171 1697 1420 1745 pugnandum,

311 1764 455 1812 quando
482 1764 730 1800 abstinendum
756 1775 879 1811 pugna
896 1764 955 1799 sit.
1011 1763 1095 1799 Non
1115 1775 1229 1811 operae
1244 1764 1291 1798 sit
1308 1764 1422 1798 stanti

309 1840 406 1865 mmc-
424 1830 462 1864 in
479 1830 557 1865 acie
575 1829 711 1871 docere,
731 1828 856 1876 quibus
873 1828 916 1863 de
934 1828 1063 1863 caussis
1079 1826 1184 1862 hodie
1199 1827 1330 1874 quiesse
1348 1837 1421 1862 me-

311 1893 381 1929 lius
401 1893 448 1929 sit
463 1910 475 1929 .·
503 1894 661 1928 rationes
679 1892 772 1928 alias
788 1893 963 1940 reposcito
978 1907 990 1928 .·
1016 1901 1112 1927 nunc
1128 1892 1344 1927 auctoritate
1361 1903 1420 1927 ve-

312 1959 396 1993 teris
413 1959 640 2005 imperatoris
659 1961 842 1993 contentus
855 1958 934 1993 eris.
964 1955 1159 1992 Conticuit
1178 1954 1415 2000 adolescens3

310 2020 411 2057 haud
430 2019 542 2057 dubie
569 2019 695 2057 videre
725 2019 850 2070 aliqua
877 2019 1134 2070 inpedimenta
1161 2031 1298 2069 pugnae
1327 2030 1420 2055 con-

311 2084 444 2128 sulem,
462 2097 544 2133 quae
564 2083 636 2121 sibi
655 2097 735 2121 non
750 2084 985 2134 adpeterent.

363 2145 581 2184 XXXVII.
610 2146 779 2190 Paullus,
808 2154 1009 2198 postquam
1038 2153 1180 2183 metata
1207 2152 1330 2183 castra
1359 2146 1418 2183 in·

310 2211 599 2262 pedimeutaque
619 2210 817 2249 conlocata
844 2211 1125 2256 animadvertit,
1153 2223 1198 2248 ex
1226 2217 1417 2264 postrema
