1546 2648
333 154 413 210 158
491 184 495 191 -
783 163 830 195 T.
855 164 989 196 mvn

126 268 171 300 n,
190 268 226 300 ο,
245 273 318 300 565.
332 255 530 304 castigare.
569 252 629 291 Ti.
644 252 805 290 Gracchi
822 253 977 302 collegae
997 252 1201 304 plurimum
1216 253 1340 292 oratio
1356 267 1440 294 mo-

130 313 173 344 Α·
189 312 226 343 C·
246 318 317 348 187.
331 319 406 355 vit:
440 319 498 355 Ne
519 331 601 355 suas
619 319 762 366 quidem
789 319 988 354 simultates
1012 331 1080 366 pro
1107 321 1323 367 magistratu
1343 332 1442 356 exer-

124 1347 257 1380 Trium-

125 1392 211 1431 phus
227 1393 281 1423 de-

124 1436 267 1467 cernitur

123 1476 250 1511 Fulvio.

328 395 406 420 cere
424 382 503 419 boni
517 382 669 430 exempli
682 393 753 417 esse
765 397 775 417 .·
804 383 1004 418 alienarum
1020 394 1101 418 vero
1118 383 1358 418 simultatium
1374 385 1440 419 tri-

325 447 459 484 bunum
475 447 588 495 plebis
615 449 829 494 cognitorem
847 447 947 495 fieri,
970 452 1073 494 turpe
1100 451 1135 482 et
1162 449 1349 494 indignum
1368 448 1442 483 col·

327 512 412 559 legii
430 510 503 557 ejus
520 515 696 558 potestate
715 515 750 546 et
766 512 918 546 sacratis
937 510 1069 557 legibus
1087 522 1167 546 esse.
1224 511 1300 546 Suo
1319 523 1439 559 quem-

324 573 541 624 quejudicio
560 580 595 610 et
608 574 764 610 homines
778 575 891 609 odisse
905 578 970 609 aut
985 574 1147 621 diligere,
1165 579 1199 609 et
1217 586 1272 610 res
1289 575 1441 622 probare

324 644 391 675 aut
410 639 596 686 inprobare
615 638 736 674 debere
743 653 754 679 ‚-
783 648 855 672 non
871 638 1026 684 pendere
1043 648 1085 672 ex·
1109 638 1259 673 alterius
1275 639 1378 673 vultu
1396 650 1441 675 ac

323 707 429 744 nutu,
449 714 513 738 nec
531 703 642 737 alieni
660 703 845 736 momentis
862 702 976 736 animi
1000 702 1210 748 circumagi,
1233 701 1439 748 adstipula-

321 767 425 814 rique
445 768 540 802 irato
559 767 692 802 consuli
712 766 892 801 tribunum
913 765 1053 813 plebei:
1083 769 1131 807 et,
1153 766 1239 812 quid
1264 766 1439 813 privatim

322 831 378 868 M.
391 831 567 867 AEmilius
584 832 822 871 mandaverit,
842 831 1040 865 meminisse
1051 845 1062 872 ‚-
1093 829 1312 865 tribunatum
1331 828 1396 865 sibi
1414 841 1438 865 a

318 895 457 944 populo
477 895 641 930 Romano
657 895 867 930 mandatum
882 893 1036 929 oblivisci
1052 909 1061 931 ς
1091 900 1126 928 et
1143 893 1352 928 ›azauslatum
1369 904 1436 940 pro

322 959 461 996 auxilio
474 970 518 994 ac
533 959 696 994 libertate
707 960 945 1006 privatorum,
963 970 1031 994 non
1043 971 1110 1006 pro
1123 959 1302 994 consulari
1316 970 1437 1007 regno.

324 1022 382 1060 Ne
400 1022 465 1058 hoc
484 1023 626 1070 quidem
645 1033 785 1057 cernere
807 1034 899 1063 eum,
918 1021 1019 1070 fore,
1041 1025 1080 1057 ut
1098 1023 1276 1057 memoriae
1294 1034 1338 1058 ac
1352 1033 1436 1070 pos-

326 1088 466 1122 teritati
480 1098 563 1122 man
570 1087 685 1128 detur,
703 1084 857 1132 ejusdem
874 1088 1016 1134 collegii
1028 1088 1181 1122 alterum
1195 1098 1214 1122 e
1226 1086 1358 1122 duobus
1371 1087 1437 1122 tri-

321 1149 425 1185 bunis
439 1149 552 1198 plebis
577 1161 661 1185 suas
690 1151 897 1185 inimicitius
914 1150 1084 1185 remisisse
1109 1149 1323 1197 reipublicae,
1343 1149 1438 1186 alte-

320 1225 402 1250 rum
421 1214 557 1249 alienas
575 1218 610 1249 et
628 1214 819 1249 mandatas
837 1215 1039 1250 exercuisse.
1095 1212 1169 1250 His
1185 1213 1304 1249 victus
1321 1212 1436 1249 casti-

321 1277 540 1326 gationibus
561 1276 748 1321 tribunus,
770 1290 884 1326 quum
913 1276 1055 1327 templo
1081 1277 1316 1319 excessisset,
1336 1277 1434 1314 refe-

321 1348 429 1378 rente
449 1342 526 1378 Ser.
545 1341 713 1392 Sulpicio
733 1348 908 1392 praetore,
923 1342 1133 1392 triumphus
1150 1341 1206 1378 M.
1220 1341 1355 1377 Fulvio
1374 1349 1432 1379 est

320 1405 505 1443 decretus.
552 1406 590 1442 Is
609 1419 725 1455 quum
739 1407 878 1455 gratias
900 1406 1075 1443 Patribus
1093 1407 1317 1456 conscriptis
1333 1407 1432 1455 egis-

317 1475 389 1514 set,
411 1469 549 1520 adjecit
562 1486 572 1516 3
605 1471 728 1508 Ludos
745 1484 894 1520 magnos
909 1484 946 1508 se
963 1472 1049 1509 Jovi
1067 1473 1201 1520 optimo
1219 1461 1375 1508 maximo
1391 1484 1431 1509 eo

316 1536 388 1579 die,
409 1549 477 1584 quo
496 1537 727 1573 Ambraciam
753 1539 910 1586 cepisset,
929 1540 1084 1574 vovisse:
1112 1539 1151 1573 in
1170 1550 1249 1574 eam
1266 1549 1342 1574 rem
1365 1537 1430 1574 sibi

315 1604 457 1636 centum
474 1601 592 1648 pondo
611 1601 694 1637 auri
711 1613 734 1636 α
757 1602 959 1638 civitatibus
977 1602 1170 1638 conlatum.
1227 1602 1368 1646 Petere,
1389 1607 1430 1640 ut

313 1675 358 1700 ex
375 1676 418 1700 ea
439 1666 606 1712 pecunia,
627 1677 734 1713 quam
762 1667 798 1701 in
822 1667 1002 1715 triumpho
1022 1667 1135 1703 latam
1163 1668 1200 1702 in
1218 1668 1346 1703 aerario
1359 1678 1428 1715 po·

311 1729 446 1764 siturus
463 1734 563 1772 esset,
585 1730 624 1766 id
642 1742 771 1766 aurum
790 1733 924 1766 secerni
933 1730 1109 1776 juberent.
1150 1730 1310 1766 Senatus
1329 1742 1427 1780 pon-

311 1792 457 1828 tificum
474 1792 677 1841 collegium
693 1794 839 1830 consuli
853 1794 983 1844 jussit,
1001 1807 1091 1831 num
1107 1807 1220 1831 omne
1235 1794 1272 1831 id
1292 1807 1425 1833 aurum

309 1855 350 1892 in
369 1855 478 1893 ludos
507 1859 680 1894 consumi
707 1870 904 1894 necessum
925 1860 1047 1895 esset?
1075 1859 1203 1899 Quum
1223 1859 1422 1910 pontifices

308 1926 528 1968 negassent,
548 1921 596 1956 ad
620 1921 843 1970 religionem
868 1924 1071 1972 pertinere,
1093 1930 1236 1972 quanta
1265 1924 1424 1973 inpensa

308 1983 350 2019 in
364 1982 473 2020 ludos
490 1983 596 2020 fieret
609 1999 619 2030 3
652 1992 804 2021 senatus
820 1985 969 2030 Fulvio,
984 1992 1167 2036 quantum
1183 1987 1420 2037 inpenderet,

306 2048 493 2097 permisit,
514 2049 603 2085 <lum
629 2062 676 2085 ne
702 2062 887 2086 summam
906 2051 1105 2099 octoginta
1123 2051 1282 2087 millium
1310 2063 1421 2089 exce-

305 2112 424 2148 deret.
479 2111 732 2162 Triumphare
758 2126 886 2150 mense
905 2113 1088 2150 Januario
1116 2120 1323 2152 statuerat:
1355 2115 1420 2153 sed

304 2187 422 2225 quum
436 2177 615 2221 audisset,
634 2179 828 2216 consulem
843 2179 900 2216 M.
917 2179 1130 2223 AEmilium‚
1149 2180 1266 2217 literis
1282 2180 1420 2218 Aburii

303 2240 446 2277 tribuni
467 2242 586 2292 plebis
616 2245 782 2295 acceptis
811 2246 856 2281 de
876 2247 1031 2282 remissa
1058 2247 1340 2291 intercessione,
1360 2248 1420 2299 ip-

301 2316 386 2343 sum
405 2306 453 2344 ad
470 2306 739 2360 inpediendum
756 2309 989 2362 triumphum
1004 2309 1170 2349 Romam
1187 2311 1416 2358 venientem,
