1546 2648
334 166 423 207 410
796 167 846 196 τ.
869 168 1003 198 mvn

152 259 195 289 U.
209 259 245 290 C.
260 265 333 292 sss.
345 254 476 291 Latini
495 253 684 292 sexdecim
702 254 820 291 millia
838 256 1020 306 peditum,
1037 263 1075 292 et
1094 256 1195 292 mille
1213 258 1357 306 equites
1377 258 1447 294 im·

151 303 191 335 A.
205 302 241 333 C.
260 308 332 336 169.

341 320 476 370 perati.
533 318 649 355 Hunc
676 320 883 356 exercitum
910 321 1032 371 parari
1059 327 1208 357 tantum
1229 320 1385 370 placuit,
1405 327 1448 357 ut

342 385 476 428 exiret,
496 384 528 419 si
546 396 622 433 quo
641 396 698 420 res
718 391 902 434 posceret.
953 385 1184 422 Macedonia
1201 385 1362 422 maxime
1379 397 1445 421 cu-

341 460 423 485 ram
450 447 662 499 praebelut:
694 449 733 484 iu
760 448 916 485 classem
943 449 1046 486 mille
1064 450 1158 486 socii
1177 448 1326 486 navales
1347 449 1445 485 cives

340 511 508 550 Romani
536 512 703 549 libertini
731 513 889 557 ordinis,
910 527 957 551 ex
985 513 1099 550 Italia
1127 514 1150 537 ἦ
1181 513 1293 550 scribi
1316 512 1414 563 jussi
1431 528 1448 558 5>

340 577 501 614 totidem
521 583 562 613 ut
580 590 628 614 ex
646 576 775 613 Sicilia
792 577 1044 614 scriberentur
1059 593 1066 614 :
1089 584 1141 621 et,
1158 578 1220 614 cui
1235 590 1278 614 ea
1293 577 1446 628 provin-

341 642 401 678 cia
433 642 632 685 evenisset,
662 641 895 686 mandatum,
926 648 968 678 ut
996 655 1060 678 eos
1092 642 1133 678 in
1164 642 1447 683 Macedoniam,

340 706 569 756 ubicumque
596 705 724 743 classis
755 713 866 749 esset,
896 706 1150 756 deportandos
1183 711 1343 742 curaret.
1400 704 1448 742 In

339 771 570 822 Hispaniam
587 772 662 808 tria
680 770 797 807 millia
816 771 985 821 peditum
1004 769 1267 807 Romanorum
1293 770 1332 805 in
1357 782 1446 820 sup-

338 835 586 887 plementum,
622 835 784 872 trecenti
820 835 964 884 equites
1001 835 1152 872 decreti.
1208 834 1356 870 Finitus
1394 833 1447 870 ibi

337 911 488 948 quoque
506 900 546 935 in
565 898 732 948 legiones
752 897 913 934 militum
933 910 1124 941 numerus,
1144 898 1312 948 peditum
1331 897 1447 946 quina

336 963 468 1008 millia,
499 964 641 1000 treceni
671 970 709 1000 et
736 963 871 1000 triceni
897 963 1053 1012 equites.
1107 962 1162 999 Et
1189 963 1300 998 sociis
1327 962 1445 1011 impe-

336 1040 420 1064 rare
435 1033 589 1078 praetor,
605 1028 666 1063 cui
685 1026 873 1077 Hispania
892 1026 1122 1070 obvenisset,
1136 1026 1266 1078 jussus
1282 1033 1446 1076 quatuor

335 1090 455 1128 millia
473 1091 656 1140 peditum,
677 1097 716 1126 et
735 1098 924 1126 trecentos
945 1091 1103 1139 equites,

388 1154 508 1191 XIII.
539 1155 634 1191 Non
662 1166 744 1191 sum
773 1155 934 1197 nescius,
965 1153 1013 1190 ab
1041 1154 1170 1190 eadem
1195 1152 1444 1202 negligentia,

335 1230 410 1267 qua
434 1218 531 1254 nihil
555 1218 660 1254 Deos
689 1217 915 1268 portendere
936 1217 1048 1266 vulgo
1069 1229 1169 1253 nunc
1189 1217 1357 1260 credant,
1377 1227 1445 1252 ne-

334 1294 407 1329 que
427 1281 599 1318 nunciati
619 1281 819 1317 admodum
840 1280 944 1316 nulla
969 1280 1144 1330 prodigia
1167 1281 1206 1316 in
1235 1279 1443 1329 publicum,

334 1356 457 1392 neque
476 1345 514 1380 in
534 1344 688 1381 annales
708 1344 835 1380 referri
854 1358 861 1380 :
894 1350 1058 1380 ceterum
1085 1349 1122 1380 et
1148 1344 1255 1394 mihi,
1274 1349 1441 1379 vetustas

334 1418 393 1442 res
413 1406 607 1451 scribenti,
624 1407 752 1443 nescio
773 1419 848 1455 quo
866 1413 994 1456 pacto,
1013 1407 1189 1455 antiquus
1209 1406 1251 1442 fit
1271 1407 1440 1450 animus;

333 1477 373 1507 et
390 1471 560 1520 quaedam
588 1471 721 1520 religio
747 1477 866 1514 tenet,
887 1484 970 1520 quae
996 1470 1049 1506 illi
1072 1471 1354 1521 prudentissimi
1374 1470 1442 1505 viri

332 1533 484 1584 publice
499 1535 735 1584 suscipienda
750 1535 979 1577 censuerint,
996 1546 1040 1570 ea
1060 1547 1130 1583 pro
1148 1534 1271 1582 dignis
1288 1533 1440 1575 habere,

333 1611 416 1648 quae
436 1599 474 1634 in
494 1611 597 1634 meos
618 1598 771 1634 annales
792 1597 964 1640 referam.
1019 1598 1198 1647 Anagnia
1222 1598 1297 1633 duo
1316 1596 1442 1647 prodi-

333 1663 397 1711 gia
416 1675 461 1699 eo
481 1676 582 1699 anno
602 1670 690 1699 sunt
708 1664 913 1708 nunciata3
945 1663 1066 1699 facem
1086 1664 1125 1699 in
1141 1661 1241 1700 coelo
1260 1674 1441 1711 conspec-

332 1732 425 1771 tam,
446 1734 484 1763 et
502 1727 637 1764 bovem
655 1727 836 1764 feminam
855 1727 1021 1764 locutam
1041 1727 1192 1778 publice
1217 1726 1279 1764 ali.
1335 1725 1441 1762 Min-

330 1790 451 1826 turnis
473 1803 624 1839 quoque
642 1803 709 1841 per
727 1803 791 1826 eos
812 1791 890 1827 dies
910 1791 997 1827 coeli
1027 1791 1191 1827 ardentis
1210 1790 1352 1840 species
1373 1787 1439 1825 ad-

329 1853 499 1891 fulserat.
555 1854 678 1890 Reate
715 1854 826 1890 imbri
862 1854 1054 1905 lapidavit.
1111 1854 1242 1890 Cumis
1278 1854 1318 1889 in
1355 1865 1440 1889 arce

330 1917 472 1968 Apollo
499 1918 666 1954 triduum
695 1931 739 1954 ac
765 1925 840 1954 tres
866 1925 997 1955 noctes
1025 1918 1256 1955 lacrimavit:
1288 1918 1325 1953 in
1348 1916 1440 1952 urbe

330 1979 509 2018 Romana
533 1982 609 2018 duo
635 1982 761 2018 aeditui
788 1983 1030 2026 nunciarunt,
1052 1981 1162 2025 alter,
1182 1982 1221 2018 in
1248 1981 1324 2017 aede
1344 1980 1438 2016 For-

331 2051 432 2082 tunae
458 2058 621 2094 anguem
642 2045 822 2096 jubatum
852 2059 875 2082 a
903 2046 1159 2097 compluribus
1180 2046 1302 2082 visum
1331 2056 1435 2080 esse:

330 2108 439 2152 alter,
459 2110 498 2145 in
519 2110 596 2146 tede
615 2110 856 2159 Primigenia:
874 2109 1068 2154 Fortunae,
1089 2123 1170 2160 quae
1190 2110 1230 2145 in
1251 2108 1347 2146 colle
1366 2114 1438 2151 est,

329 2173 404 2209 duo
435 2174 580 2210 diversa
607 2174 804 2224 prodigia,
836 2175 1000 2225 palmam
1029 2176 1068 2211 in
1098 2187 1186 2211 area
1212 2180 1378 2216 enatam,
1399 2178 1436 2208 et

328 2239 510 2287 sanguine
529 2238 693 2274 interdiu
711 2238 864 2289 pluisse.
907 2238 998 2275 Duo
1017 2251 1096 2275 non
1116 2244 1291 2288 suscepta
1307 2235 1434 2287 prodi-

327 2301 388 2349 gia
407 2308 509 2346 sunt,
525 2300 686 2339 alterum
705 2302 807 2353 quod
826 2303 865 2338 in
884 2303 1034 2355 privato
1053 2301 1139 2339 loco
1154 2301 1297 2340 factum
1312 2304 1410 2336 esset
1420 2315 1431 2344 3
