1546 2648
340 195 493 225 LIBER
516 194 658 223 XLIV.
691 193 797 222 cAP.
820 192 954 221 xxu.
1126 190 1210 234 449

103 286 257 334 quando,
288 290 353 321 aut
373 297 449 334 ‘quo
474 285 570 321 saltu
590 283 759 320 intranda
778 282 996 318 Macedonia
1006 298 1020 327 ,-
1048 281 1107 318 ubi
1127 280 1209 317 hor·

99 363 162 386 rea
176 351 342 405 ponenda
353 367 366 394 ,-
385 362 456 399 qua
474 354 585 392 terra,
606 349 701 384 mari
717 347 955 384 subvehantur
974 351 1209 389 commeatus,-

100 420 241 466 quando
260 431 338 455 cum
357 418 454 454 hoste
467 429 593 453 manus
612 416 832 453 conserendae
843 431 856 458 ,·
876 414 1018 461 quando
1033 414 1210 461 quiescen-

101 484 184 518 dum
207 485 265 520 sit.
321 483 411 526 Nec,
438 483 524 531 quid
551 483 674 518 melius
690 480 908 530 faciendum
932 480 992 521 sit,
1013 479 1117 514 modo
1135 483 1210 513 sta-

99 552 216 590 tuunt,
236 549 311 590 secl,
332 548 505 596 quidquid
522 547 643 590 aliter,
664 558 771 595 quam
790 543 858 593 ipsi
877 555 1051 585 censuere,
1061 543 1212 592 factum

97 617 163 654 est,
194 613 369 648 consulem
391 613 501 648 veluti
529 612 627 648 dicta
646 612 705 648 die
729 613 911 647 accusant.
966 608 1056 644 Haec
1082 620 1212 655 magna

98 677 342 725 inpedimenta
368 689 425 712 res
449 676 652 724 gerentibus
668 664 752 712 sunt
767 691 779 712 .·
807 687 871 711 nec
888 675 982 710 enim
1001 684 1118 708 omnes
1137 677 1212 708 tam

85 743 190 790 firmi
208 746 242 778 et
261 743 455 778 constantis
468 742 580 777 animi
599 744 725 777 contra
743 740 929 775 adversum
946 749 1123 773 rumorem
1141 749 1214 773 esse

94 811 254 853 possunt,
277 818 384 854 quam
402 806 531 842 Fabius
548 805 633 854 fuit
648 821 660 841 :
689 806 750 854 qui
767 816 870 840 suum
889 803 1079 851 imperium
1098 802 1212 838 minui

91 881 159 918 per
176 871 375 906 vanitatem
389 872 519 918 populi
538 871 683 913 maluit,
705 880 813 917 quam
830 867 981 903 secunda
990 865 1103 916 fama
1117 866 1213 902 orzale

94 945 170 969 rem
182 945 315 981 gerere.
345 934 429 970 Non
446 947 520 971 sum
537 937 577 978 is,
593 935 655 982 qui
673 946 744 969 non
758 933 955 969 existimem
970 931 1211 968 admonendos

94 998 199 1034 duces
217 1010 311 1035 esse:
338 1000 447 1035 immo
464 1012 558 1042 eum,
579 1000 642 1047 qui
668 1000 711 1035 de
727 1010 794 1034 sua
818 999 924 1034 unius
940 998 1114 1033 sententia
1134 1008 1211 1032 om·

93 1064 156 1098 nia
180 1068 299 1110 gerat,
328 1065 515 1112 superbum
542 1063 671 1111 judico
698 1064 827 1111 magis,
866 1074 974 1111 quam
1001 1062 1210 1109 sapientem.

97 1127 193 1168 Quid
211 1139 295 1176 ergo
313 1134 364 1164 est
377 1130 398 1164 ?
425 1129 593 1166 Primum
611 1142 634 1165 a
660 1128 906 1177 prudentibus,
933 1131 970 1163 et
993 1126 1141 1174 proprie
1158 1126 1211 1161 rei

93 1191 263 1228 militaris
285 1194 424 1240 peritis,
459 1198 495 1229 et
521 1205 588 1230 usu
616 1193 741 1236 doctis,
778 1192 948 1228 ‘monendi
978 1192 1211 1238 imperatores

92 1259 204 1292 sunt:
231 1257 358 1292 deinde
377 1257 420 1293 ab
438 1257 506 1301 his,
533 1259 595 1307 qui
618 1259 798 1294 intersunt
813 1257 978 1304 gerendis
996 1255 1020 1277 ᾗ
1039 1255 1128 1297 loco,
1149 1255 1212 1302 qui

92 1319 239 1364 hostem,
266 1323 329 1369 qui
358 1327 555 1371 temporum
585 1324 890 1371 opportunitatem
918 1322 1053 1362 vident,
1082 1320 1143 1368 qui
1173 1321 1211 1354 in

91 1386 212 1422 eodem
229 1386 329 1422 velut
343 1389 486 1434 navigio
501 1389 698 1436 participes
711 1392 793 1423 sunt
807 1386 973 1435 periculi.
1031 1385 1162 1433 Itaque
1178 1384 1211 1419 si

92 1451 170 1498 quis
187 1455 252 1494 est,
273 1452 347 1499 qui,
378 1453 474 1499 quod
503 1464 522 1488 e
542 1452 726 1500 republica
744 1453 805 1494 sit,
834 1451 985 1487 suadere
1001 1461 1037 1485 se
1057 1448 1146 1485 mihi
1171 1449 1209 1483 in

92 1526 132 1551 eo
150 1515 254 1558 bello,
275 1517 369 1563 quod
386 1520 552 1564 gesturus
568 1528 661 1560 sum,
681 1516 839 1566 confidat
853 1532 866 1560 ,·
894 1527 938 1552 ne
957 1515 1105 1561 deneget
1124 1523 1209 1560 ope-

1223 277 1314 309 U.C.
1330 283 1402 316 ⁵⁸4-

1221 323 1260 353 A.
1276 321 1313 353 C.
1332 325 1404 351 1613.

89 1591 172 1614 ram
188 1579 405 1627 reipublicoe,
422 1584 457 1616 et
473 1581 509 1616 in
522 1580 775 1617 stlacedoniam
790 1592 926 1617 mecum
940 1579 1061 1615 veniat
1073 1593 1085 1613 .·
1103 1587 1207 1618 nave,
1230 1617 1236 1622 „

92 1653 194 1690 equo,
227 1643 468 1686 tabernaculo,
492 1645 625 1680 viatico
654 1646 763 1680 etiam
786 1656 808 1679 a
832 1656 890 1679 me
908 1641 1109 1689 juvabitur.
1166 1640 1210 1675 Si

92 1717 195 1754 quem
220 1707 259 1742 id
275 1706 406 1755 facere
432 1709 543 1756 piget,
568 1713 603 1744 et
626 1710 739 1744 otium
756 1708 932 1744 urbanum
949 1707 1090 1742 militiae
1110 1704 1208 1740 labo-

90 1769 186 1806 ribus
214 1777 407 1820 praeoptat,
438 1784 456 1808 e
482 1777 579 1809 terra
609 1785 653 1808 ne
678 1773 940 1820 gubernaverit.
997 1771 1209 1806 Sermonum

90 1836 177 1870 satis
195 1836 272 1883 ipsa
296 1836 431 1883 proebet
452 1837 559 1872 urbs:
588 1838 843 1885 loquacitatem
870 1848 973 1872 suam
1001 1835 1182 1871 contineat
1197 1848 1210 1870 .-

90 1911 155 1936 nos
185 1901 416 1936 castrensibus
444 1901 598 1937 consiliis
626 1906 804 1937 contentos
820 1900 973 1949 futuros
1005 1911 1075 1935 esse
1105 1899 1208 1934 sciat.

93 1962 155 1999 Ab
195 1964 265 2000 hac
308 1964 507 2008 concione,
539 1964 704 2008 Latinis,
744 1978 827 2014 quae
860 1965 981 2015 pridie
1013 1962 1207 2000 Kalendas

92 2027 241 2077 Apriles
261 2027 428 2072 fuerunt,
456 2030 495 2065 in
522 2036 651 2066 monte
671 2029 856 2066 sacrificio
882 2030 954 2065 rite
973 2032 1206 2078 perpetrato,

93 2092 265 2140 protinus
295 2092 383 2129 inde
409 2099 447 2128 et
472 2093 604 2130 consul
628 2101 667 2129 et
695 2099 836 2144 praetor
865 2093 936 2129 Cn.
963 2091 1145 2128 Octavius
1165 2090 1206 2126 in

93 2153 358 2193 Macedoniam
378 2157 541 2207 profecti
560 2165 660 2195 sunt.
707 2158 906 2195 Traditum
922 2163 979 2194 est
998 2157 1203 2199 memoriae,

94 2216 254 2267 majore,
274 2233 386 2268 quam
405 2221 530 2265 solita,
551 2221 765 2272 frequentia
782 2221 1090 2273 prosequentium
1113 2232 1204 2257 con-

95 2279 214 2317 sulem
233 2281 460 2322 celebratum
474 2302 485 2332 3
508 2298 551 2323 ac
571 2299 689 2338 prope
708 2293 810 2324 certa
831 2298 896 2337 spe
915 2285 1104 2322 ominatos
1125 2295 1206 2320 esse
