1546 2648
255 123 339 166 280
408 164 412 170 ,
714 130 759 157 Τ.
783 127 916 157 L1v11

57 219 103 250 U.
118 218 156 249 C.
173 222 244 253 578.
260 223 373 262 quam
391 211 432 246 in
449 204 693 259 conspectum
711 207 891 243 adductus
911 207 959 241 sit
978 205 1152 253 Xychus,
1169 218 1246 243 non
1267 208 1367 246 ultra

59 262 99 292 A·
117 262 153 293 C·
172 268 243 298 ¹⁷⁹¹
261 274 494 318 tetendisse5
526 271 588 308 alii
608 276 798 307 tormenta
821 270 936 305 etiam
966 269 1194 305 inficiantem
1216 283 1369 321 perpes·
1426 297 1430 300 ⁴

263 351 344 374 sum
382 336 592 373 adfirmant.
649 334 827 383 Philippo
857 333 1132 381 redintegratus
1163 339 1220 368 est
1247 334 1370 371 luctus

265 401 552 450 geminatusque
569 415 580 443 3
613 404 650 433 et
669 397 931 433 infelicitatem
951 408 1056 432 suam
1076 396 1114 431 in
1137 396 1265 432 liberis
1285 411 1371 446 gra-

264 466 422 508 viorem,
442 463 544 512 quod
563 462 657 499 alter
678 462 850 511 perisset,
871 460 1061 496 censebat.

319 527 425 564 LVI.
455 527 627 568 Perseus,
649 525 787 561 certior
815 523 937 560 factus
967 524 1095 559 omnia
1115 524 1264 561 detecta
1280 537 1374 569 esse,

266 591 462 642 potentior
490 590 638 638 quidem
668 593 762 629 erat,
783 599 897 635 quam
917 592 958 622 ut
976 586 1105 634 fugam
1126 590 1375 624 necessariam

267 656 447 691 duceret:
478 659 642 694 tantum,
663 657 705 686 ut
734 649 866 700 procul
894 649 1056 692 abesset,
1087 650 1256 694 curabat,
1277 651 1377 687 inte-

267 719 338 754 rim
358 717 460 753 velut
479 716 526 752 ab
546 714 719 751 incendio
749 713 942 761 flagrantis
972 713 1051 755 irae,
1073 713 1160 749 dum
1181 714 1378 764 Philippus

268 782 424 824 viveret,
445 793 484 816 se
503 779 722 816 defensurus
741 792 748 813 :
782 778 860 825 qui,
882 789 947 826 spe
967 778 1140 827 potiundi
1160 778 1205 813 ad
1226 791 1379 828 poenam

271 844 439 894 corporis
458 842 538 892 ejus
559 842 709 883 amissa,
726 840 825 890 quod
845 839 1028 888 reliquum
1045 847 1138 882 erat,
1156 841 1192 876 id
1211 841 1374 885 studere,

271 920 320 943 ne
349 918 460 956 super
488 906 739 955 inpunitatem
761 904 873 939 etiam
894 903 1048 952 praemio
1069 903 1216 943 sceleris
1235 905 1379 942 fruere-

79 977 243 1016 Amigono
273 977 347 1006 tur.
393 971 631 1017 Antigonum
651 969 768 1016 igitur
786 967 975 1017 adpellat3
1009 968 1068 1003 cui
1088 974 1125 1003 et
1145 967 1266 1016 palam
1288 969 1379 1006 facti

83 1029 259 1091 {32⁰3}oe
274 1033 461 1084 parricidii
484 1033 606 1081 gratia
624 1031 814 1067 obnoxius
834 1036 928 1072 erat,
945 1042 1068 1078 neque
1083 1031 1295 1080 pudendum
1316 1039 1382 1068 aut

84 1072 183 1143 cupitq
190 1104 263 1134 Phi·
275 1096 535 1146 poenitendum
566 1107 650 1130 eum
676 1105 801 1141 regem
830 1092 1120 1135 Macedonibus,
1141 1100 1295 1144 propter
1323 1108 1383 1131 re-

81 1146 198 1186 lippus.
275 1166 422 1196 centem
458 1159 583 1208 patrui
620 1158 806 1206 Antigoni
853 1156 1026 1205 gloriam,
1062 1156 1145 1192 fore
1191 1158 1381 1197 censebat.

279 1223 432 1263 Quando
452 1223 487 1257 in
517 1233 595 1257 eam
614 1221 808 1270 fortunam
832 1221 926 1262 veni,
956 1220 1092 1268 inquit,
1123 1221 1316 1268 Antigone,
1345 1228 1386 1259 ut

277 1286 410 1321 orbitas
429 1284 527 1326 mihi,
549 1297 656 1332 quam
684 1285 749 1319 alii
777 1284 998 1319 detestantur
1019 1288 1200 1330 parentes,
1221 1285 1388 1333 optabilis

278 1361 348 1385 esse
367 1348 492 1384 debeat
506 1365 518 1392 ,-
547 1360 708 1395 regnum,
727 1349 820 1395 quod
838 1359 860 1382 α
877 1351 1011 1394 patruo
1031 1351 1090 1383 tuo
1100 1347 1212 1395 forti,
1232 1361 1302 1384 non
1329 1361 1386 1385 so-

281 1414 355 1448 lum
361 1413 485 1461 fideli,
507 1412 621 1447 tutela
639 1409 710 1457 ejus
739 1411 952 1446 custoditum
971 1415 1006 1446 et
1034 1415 1178 1446 auctum
1198 1414 1307 1447 etiam
1326 1425 1388 1449 ac-

282 1478 373 1524 cepi,
393 1477 431 1511 id
459 1476 523 1511 tibi
552 1477 694 1511 tradere
722 1476 758 1510 in
781 1476 901 1510 animo
929 1478 989 1510 est.
1051 1475 1101 1510 Te
1130 1487 1238 1511 unum
1266 1476 1388 1520 habeo,

282 1553 386 1590 quem
406 1544 551 1589 dignum
569 1553 679 1589 regno
688 1539 849 1587 judicem
862 1557 874 1576 .·
890 1543 922 1576 si
939 1543 1114 1577 neminem
1133 1541 1308 1585 haberem,
1325 1555 1390 1591 pe·

281 1607 356 1642 rire
370 1610 404 1641 et
423 1607 599 1653 exstingui
612 1607 651 1642 id
665 1606 825 1647 mallem,
847 1616 956 1652 quam
972 1606 1102 1640 Perseo
1115 1606 1391 1655 scelestaefrau-

284 1670 338 1705 dis
363 1671 551 1718 praemium
580 1681 661 1706 esse.
718 1670 945 1705 Demetrium
975 1670 1167 1705 excitatum
1194 1670 1238 1706 ab
1266 1669 1393 1719 inferis

282 1735 554 1781 restitutumque
573 1733 715 1768 credam
735 1732 837 1773 mihi,
856 1733 888 1767 si
907 1737 953 1774 te,
974 1734 1034 1779 qui
1057 1734 1167 1768 morti
1184 1734 1390 1776 innocentis,

284 1799 347 1845 qni
364 1810 440 1832 meo
459 1796 600 1844 infelici
619 1798 730 1832 errori
748 1808 840 1832 unus
856 1797 1107 1838 imae-rimasti,
1129 1797 1163 1831 in
1185 1797 1300 1833 locum
1319 1797 1394 1843 ejus

282 1861 511 1896 substitutum
540 1861 752 1908 relinquam.
808 1858 869 1894 Ab
898 1859 972 1894 hoc
991 1871 1164 1895 sermone
1193 1861 1296 1896 omni
1325 1873 1392 1910 ge-

282 1935 373 1958 nere
391 1923 548 1958 honoris
568 1923 773 1972 producere
803 1934 888 1957 eum
907 1934 984 1957 non
1014 1922 1158 1958 destitit
1177 1937 1184 1957 :
1217 1935 1331 1972 quum
1350 1925 1391 1960 in

283 1985 449 2022 Thracia
476 1985 633 2021 Perseus
664 1984 825 2027 abesset,
847 1984 1042 2020 circumire
1070 1984 1306 2022 Macedoniae
1328 1999 1389 2022 ur-

282 2046 363 2089 bes,
384 2047 692 2097 principibusque
713 2048 950 2096 Antigonum
969 2047 1254 2084 commendare:
1285 2055 1336 2093 ct,
1357 2050 1389 2086 si

281 2110 361 2146 vita
395 2110 546 2159 longior
581 2111 822 2161 subpetisset,
856 2111 957 2146 haud
989 2110 1142 2146 dubium
1175 2111 1261 2154 fuit,
1296 2113 1387 2161 quin

281 2185 366 2209 eum
385 2173 424 2209 in
445 2175 683 2224 possessione
704 2175 810 2224 regni
830 2174 1026 2210 relicturus
1046 2174 1170 2211 fuerit.
1227 2175 1288 2211 Ab
1307 2175 1388 2212 De-

253 2231 259 2233 *
280 2236 461 2274 metriade
480 2236 687 2288 profectuS,
707 2237 988 2275 Thessalonicae
1008 2237 1211 2289 plurimum
1239 2245 1389 2291 tempo-
