1546 2648
309 188 465 218 LIBER
488 186 694 216 xxxvn.
726 185 835 215 CAP.
858 184 1030 215 XXXII.
1175 187 1232 231 39

121 276 360 328 'Colophonis
393 276 593 314 obsidione
626 273 822 317 abscessit,
861 279 898 309 et
933 273 1067 310 Sardes
1097 275 1240 325 recepit
1252 276 1294 308 U.
1312 276 1350 307 C.
1368 282 1442 309 562.

121 356 160 380 se
179 358 186 379 :
220 350 332 392 atque
360 342 448 379 inde
478 342 517 377 in
537 339 819 390 Cappadociam
844 339 890 375 ad
910 339 1155 382 Ariarathen,
1177 321 1293 390 quiA'
1311 320 1348 352 Ο·
1366 328 1439 355 190.

122 408 264 445 auxilia
292 412 538 449 arcesserent,
566 411 605 442 et
631 417 871 454 quocumque
903 403 978 440 alio
1014 410 1166 454 poterat
1195 405 1242 441 ad

124 473 252 523 copias
273 471 566 514 contrahendas,
584 471 623 506 in
640 482 755 506 unum
771 468 854 520 jam
871 469 1085 512 consilium,
1104 476 1146 505 nt
1161 470 1241 506 acie
1254 463 1368 503 Copias
1391 509 1397 514 ¹

123 538 333 581 dimicaret,
361 538 545 580 intentus,
573 536 687 572 misit.
744 533 917 583 Regillus
938 533 1133 577 AEmilius,
1154 540 1242 585 post
1253 509 1426 541 contram&

123 603 321 638 victoriam
340 600 511 637 navalem
535 599 728 651 profectus
748 599 958 649 Ephesum,
979 598 1131 634 directis
1152 604 1242 635 ante

122 673 276 717 portum
304 665 478 708 navibus,
500 677 614 714 quum
636 662 916 700 confessionem
937 662 1107 698 concessi
1127 662 1239 698 maris

124 731 295 768 ultimam
323 731 427 767 hosti
447 730 707 781 expressisset,
729 729 882 771 Chium,
904 741 980 777 quo
1000 734 1089 764 ante
1107 728 1242 764 navale

122 795 299 845 proelium
332 807 481 831 cursum
508 807 530 830 a
564 794 677 830 Samo
706 793 936 835 intenderat,
973 792 1154 840 navigat:
1186 791 1242 828 ibi

120 872 234 896 naves
255 859 294 895 in
313 858 450 909 proelio
471 863 665 907 quassatas
686 870 802 906 quum
821 856 1028 900 refecisset,
1048 857 1096 894 L,
1112 855 1240 892 AEmi-

120 923 214 961 lium
244 924 427 960 Scaurum
460 935 546 959 cum
576 923 734 972 triginta
755 921 913 958 navibus
944 921 1240 972 Hellespontum

122 989 170 1026 ad
206 989 413 1025 exercitum
445 987 711 1038 trajiciendum
748 987 878 1023 misit:
911 985 1098 1030 Rhodias,
1133 993 1242 1037 parte

120 1054 256 1104 praedae
277 1061 315 1089 et
339 1053 470 1104 spoliis
491 1052 689 1089 navalibus
711 1052 924 1095 decoratas,
945 1051 1100 1088 domum
1118 1052 1241 1088 redire

110 1118 240 1170 jubet.
293 1117 440 1155 Rhodii
467 1119 614 1168 inpigre
642 1124 880 1168 praevertere,
902 1117 950 1154 ad
979 1116 1241 1167 trajiciendas-

121 1196 193 1232 que
219 1183 346 1233 copias
374 1181 538 1218 consulis
568 1182 670 1218 iere:
705 1188 832 1231 atque,
863 1194 909 1218 eo
939 1194 1088 1230 quoque
1115 1181 1240 1218 functi

115 1248 259 1290 officio,
276 1254 358 1283 tum
378 1247 529 1282 demum
556 1245 740 1282 Rhodum
767 1246 924 1282 rediere.
982 1245 1122 1282 Classis
1151 1245 1235 1282 Ro-

117 1324 230 1349 mana
250 1311 297 1347 ab
319 1311 417 1347 Chio
436 1311 641 1347 Phocaeam
660 1309 833 1360 trajecit:
865 1311 905 1346 in
935 1310 1021 1346 sinu
1042 1311 1155 1347 mariS
1175 1311 1234 1348 in-
1247 1298 1394 1350 Pliocaeae

118 1376 214 1413 timo
244 1376 370 1426 posita
396 1375 479 1411 haec
512 1374 600 1411 urbs
624 1380 694 1418 est,
716 1373 886 1423 oblonga
911 1373 1046 1411 forma.
1103 1374 1237 1412 Duum
1248 1352 1339 1377 mus*

116 1441 278 1478 millium
308 1447 345 1476 et
379 1441 676 1490 quingentorum
708 1451 888 1489 passuum
914 1440 1078 1490 spatium
1107 1453 1236 1478 murus

119 1505 385 1556 amplectitur3
419 1506 498 1541 coit
529 1504 664 1540 deinde
698 1517 744 1540 ex
778 1510 937 1553 utraque
966 1510 1073 1554 parte
1103 1505 1142 1540 in
1177 1518 1237 1542 ar-

117 1571 254 1606 tiorem
289 1568 393 1605 velut
429 1581 605 1612 cuneum,
642 1568 850 1619 Lamptera
892 1569 966 1618 ipsi
1011 1568 1234 1619 adpellant:

118 1634 222 1670 mille
256 1640 294 1670 et
323 1634 505 1670 ducentos
539 1646 671 1683 passus
700 1633 755 1669 ibi
786 1632 950 1669 latitudo
978 1639 1108 1683 patet3
1149 1633 1238 1670 inde

118 1700 158 1735 in
203 1698 321 1735 altum
366 1698 498 1748 lingua
540 1697 642 1734 mille
685 1710 865 1748 passuum
909 1711 1110 1734 excurrens
1156 1711 1239 1745 meg

117 1764 218 1800 dium
247 1764 327 1800 fere
357 1764 481 1799 sinum
500 1762 604 1799 velut
631 1769 726 1799 nota
756 1763 980 1811 distinguit3
1014 1762 1079 1798 ubi
1111 1763 1236 1799 cohae-

114 1835 174 1865 ret
204 1828 378 1865 faucibus
410 1829 594 1877 angustis,
625 1828 720 1864 duos
750 1828 791 1864 in
813 1834 1013 1877 utramque
1040 1827 1238 1876 regionem

115 1888 242 1930 versos
281 1900 414 1943 portus
452 1894 662 1930 tutissimos
696 1893 839 1929 habet:
872 1893 937 1942 qui
970 1893 1008 1928 in
1042 1892 1239 1928 meridiem

116 1959 252 2007 vergit,
283 1957 330 1993 ab
360 1971 400 1994 re
430 1957 621 2007 adpellant
650 1957 952 2001 Naustathmon,
984 1958 1072 2007 quia
1100 1958 1236 2006 ingen-

113 2028 192 2057 tem
220 2022 296 2057 vim
332 2022 485 2057 navium
517 2022 644 2072 capit:
679 2021 774 2058 alter
806 2034 926 2073 prope
958 2022 1084 2072 ipsum
1115 2021 1234 2058 Lam-

113 2091 220 2136 ptera
240 2092 308 2123 est.

169 2150 349 2188 XXXII.
379 2150 464 2187 Hos
491 2157 623 2201 portus
643 2151 855 2187 tutissimos
874 2164 989 2200 quum
1010 2157 1233 2201 occupasset
1245 2145 1326 2218 ERam
1344 2146 1452 2180 classis

115 2213 294 2251 Romana
322 2215 478 2261 classis3
510 2217 730 2266 priusquam
760 2224 825 2253 aut
855 2215 979 2259 scalis,
1011 2222 1077 2251 ant
1106 2199 1422 2273 οΡΘΓί-οξρῖἓὲἓῑ.

112 2279 199 2323 bus,
221 2281 363 2316 moenia
380 2281 661 2329 adgrederetur,
684 2282 888 2318 mittendos
911 2281 1058 2316 censuit
1075 2287 1229 2330 praetor,

105 2344 177 2395 qui
204 2344 419 2397 principum
444 2346 812 2398 magistratuumque
838 2346 984 2383 animos
1006 2350 1225 2383 tentarent:
