1546 2648
370 400 772 451 EPITOME
837 400 1022 449 XLVI.

140 603 453 682 EUMENES
478 614 541 639 rex
560 601 714 639 Romam
732 602 855 638 venit:
883 602 958 650 qui,
980 602 1066 650 quia
1084 602 1257 641 Macedo-

254 670 332 704 nico
352 668 440 704 bello
459 668 613 703 medium
631 671 767 714 egerat,
792 678 837 701 ne
854 671 919 702 aut
947 666 1055 704 hostis
1072 666 1260 713 judicatus

143 735 339 775 videretur,
370 734 400 768 si
432 732 591 768 exclusus
623 734 723 773 esset,
756 735 822 766 aut
850 730 1019 767 liberatus
1046 732 1206 774 crimine,
1229 733 1261 768 si

147 799 426 840 admitteretur3
459 797 496 831 in
528 806 711 831 commune
739 794 794 829 lex
824 795 900 830 lata
929 799 993 837 est,
1023 807 1068 831 ne
1096 797 1154 831 cui
1185 797 1263 843 regi

146 860 300 897 Romam
317 861 439 896 venire
458 859 590 895 liceret.
650 857 823 894 Claudius
842 857 1040 894 Marcellus
1057 860 1180 895 consul
1193 860 1261 895 Al-

143 926 247 973 pinos
271 924 408 966 Gallos,
432 923 470 959 C.
492 922 675 970 Sulpicius
698 922 826 957 Gallus
855 924 975 958 consul
1000 923 1153 971 Ligures
1179 924 1260 960 sub-

145 991 230 1037 egit.
287 989 419 1036 Legati
439 988 577 1024 Prusiae
594 988 686 1033 regis
709 988 888 1034 conquesti
913 991 997 1022 sunt
1025 989 1069 1024 de
1088 989 1259 1031 Eumene,

146 1054 242 1102 quod
256 1053 354 1103 fines
383 1064 463 1088 suos
491 1052 751 1100 popularetur:
786 1052 1032 1100 dixeruntque,
1065 1064 1146 1088 eum
1179 1065 1262 1088 con-

147 1121 299 1167 spirasse
335 1130 414 1154 cum
450 1117 628 1153 Antiocho
664 1121 790 1152 contra
830 1118 1007 1165 populum
1043 1117 1260 1154 Romanum.

148 1183 306 1219 Societas
325 1194 405 1218 cum
426 1181 576 1218 Rhodiis
600 1180 869 1228 deprecantibus
887 1179 1019 1227 juncta
1047 1186 1110 1218 est.
1167 1181 1260 1218 Lus-

146 1251 243 1283 trum
268 1258 292 1282 a
318 1245 518 1282 censoribus
547 1246 730 1281 conditum
759 1249 821 1281 est.
881 1244 992 1281 Censa
1018 1250 1102 1281 sunt
1133 1247 1263 1283 civium

146 1312 269 1358 capita
289 1314 448 1346 trecenta
466 1310 596 1357 viginti
613 1313 746 1356 septem
764 1309 881 1344 millia
894 1310 1022 1356 viginti
1040 1311 1121 1346 duo.
1151 1310 1263 1346 Prin-

145 1386 224 1422 ceps
245 1378 388 1409 senatus
414 1374 522 1409 lectus
550 1372 605 1408 M.
625 1373 802 1408 AEmilius
821 1372 992 1420 Lepidus.
1050 1373 1264 1410 Ptolemaeus

146 1439 304 1486 AEgypti
334 1450 409 1481 rev,
436 1438 563 1486 pulsus
594 1449 702 1484 regno
721 1450 744 1473 a
762 1439 900 1473 minore
917 1436 1059 1486 fratre,
1085 1440 1199 1474 missis
1217 1439 1265 1474 ad

146 1515 226 1539 eum
246 1504 385 1550 legatis,
406 1504 590 1538 restitutus
609 1506 671 1537 est.
707 1501 905 1538 Ariarathe
926 1501 1165 1550 Cappadocia.²
1182 1514 1265 1550 rege

145 1571 302 1608 mortuo,
320 1567 426 1614 filius
446 1564 519 1611 ejus
537 1565 750 1601 Ariarathes
767 1577 916 1612 regnum
940 1567 1092 1614 accepit,
1113 1571 1149 1602 et
1172 1568 1265 1602 ami-

147 1631 273 1666 citiam
292 1642 371 1666 cum
389 1630 526 1677 populo
546 1630 710 1665 Romano
735 1642 801 1677 per
820 1631 954 1677 legatos
968 1631 1164 1666 renovavit.
1194 1631 1266 1666 Res

147 1698 321 1741 praeterea
340 1694 510 1729 adversus
526 1693 690 1740 Ligures,
711 1698 746 1728 et
766 1692 904 1735 Corsos,
927 1698 962 1728 et
980 1693 1184 1737 Lusitanos,
1201 1707 1265 1730 υα-

146 1759 200 1794 rio
225 1762 350 1794 eventu
379 1762 512 1805 gestas,
542 1762 578 1793 et
609 1762 727 1793 motus
753 1757 881 1804 Syrioe,
914 1762 1054 1793 mortuo
1073 1758 1264 1802 Antiocho,

147 1824 210 1870 qui
225 1823 351 1872 filium
383 1822 602 1858 Antiochum
627 1834 782 1870 puerum
818 1822 1014 1857 admodum
1054 1823 1263 1870 reliquerat,

148 1888 314 1923 continet.
369 1887 479 1922 Hunc
497 1886 716 1922 Antiochum
749 1897 900 1934 puerum
920 1898 999 1922 cum
1019 1885 1131 1934 Lysia
1150 1891 1267 1923 tutore

146 1950 369 1993 Demetrius,
390 1951 530 1987 Seleuci
535 1951 654 2000 filius,
670 1952 732 1998 qui
747 1951 872 1986 Romae
891 1950 986 1986 obses
993 1949 1140 1999 fuerat,
1154 1951 1263 1994 clam,

147 2017 232 2062 quia
250 2027 321 2051 non
339 2016 586 2051 dimittebatur
605 2028 627 2051 a
645 2016 831 2056 Romanis,
853 2015 1033 2050 interemit
1039 2031 1053 2058 ;
1081 2019 1116 2050 et
1134 2016 1210 2063 ipse
1228 2016 1267 2051 in

144 2089 295 2125 regnum
320 2083 494 2126 receptus.
550 2078 596 2115 L.
613 2078 770 2114 AEmilio
793 2079 943 2121 Paullo,
958 2080 1018 2125 qui
1048 2079 1180 2114 Persen
1211 2080 1265 2114 vi-

146 2147 258 2183 cerat,
287 2147 442 2186 mortuo,
464 2148 567 2179 tanta
599 2142 675 2189 ejus
703 2143 918 2179 abstinentia
935 2142 1033 2190 suit,
1063 2147 1118 2186 ut,
1154 2155 1264 2189 quum

142 2217 186 2240 ex·
204 2205 385 2253 Hispania
402 2211 437 2242 et
455 2219 497 2243 ex
515 2208 734 2244 Macedonia
755 2209 934 2243 inmensas
962 2219 1044 2256 opes
1071 2208 1262 2250 retulisset,

142 2270 204 2306 viz·
221 2281 264 2305 ex
281 2271 444 2308 auctione
467 2270 540 2318 ejus
568 2273 756 2311 redactum
773 2273 833 2316 sit,
855 2273 949 2309 unde
975 2272 1080 2309 uxori
1107 2269 1181 2318 ejus
1202 2273 1266 2309 dos
