1546 2648
351 167 505 196 menn
529 166 712 196 xxxxx.
743 167 851 196 οΑΡ.
876 169 924 197 x.
1114 157 1192 212 163

78 256 229 308 piebat:
248 257 309 294 via
328 269 402 294 una
422 255 656 308 conruptelae
676 256 936 294 Bacchanalia
949 264 1068 295 erant.
1105 258 1193 295 Ma·
1207 268 1248 298 U.
1266 267 1302 298 C.
1320 271 1396 299 5⁶0.

80 329 138 360 ter
166 323 490 361 adolescentulum
511 323 689 374 adpellat,
710 324 759 360 Se
782 336 852 372 pro
871 336 965 372 aegro
984 337 1024 361 eo
1047 327 1194 370 vovisse,
1208 314 1246 345 A·
1264 311 1300 342 C·
1320 315 1392 343 ¹⁸⁶·

77 388 136 425 ubi
159 390 318 437 primum
346 389 590 431 convaluisset,
612 389 766 425 Bacchis
792 401 872 425 eum
889 401 925 425 se
943 390 1172 426 initiatarum
1185 405 1198 427 .-

77 452 289 489 damnatam
319 454 407 496 voti,
427 451 550 489 Dezlm
571 452 804 501 benignitate,
825 454 1000 489 exsolvere
1027 454 1067 489 id
1094 455 1198 491 velle.

75 516 215 553 Decem
244 518 383 553 dierum
412 519 624 553 castimonia
652 530 740 566 opus
768 530 863 554 esse.-
892 519 1027 554 deci-mo
1045 519 1102 554 die
1130 531 1197 554 coe-

75 586 216 625 natum,
238 583 366 618 deinde
389 594 482 630 pure
501 582 641 618 lautum
668 583 703 618 in
727 583 925 618 sacrarium
945 582 1196 619 deducturum.

75 645 252 684 Scortum
266 645 399 683 nobile
414 645 594 683 libertina
609 645 771 696 Hispala
791 646 970 690 Fecenia,
986 659 1066 682 non
1078 646 1195 695 digna

73 716 236 760 quaestu,
257 711 318 747 cui
337 710 516 747 ancillula
535 711 725 755 adsuerat,
747 712 862 747 etiam
882 717 1085 761 postquam
1111 723 1192 747 ma-

71 774 242 812 numissa
260 781 355 818 erat,
375 775 511 811 eodem
527 788 566 812 se
582 788 720 824 genere
738 775 929 812 tuebatur.
976 775 1080 811 Huic
1100 787 1192 811 con-

72 838 234 874 suetudo
247 837 363 887 juxta
386 839 621 875 vicinitatem
641 852 726 875 cum
745 839 910 876 AEbutio
928 838 1016 882 fuit,
1037 839 1193 875 minime

72 901 323 938 adolescentis
344 907 411 937 aut
430 903 483 938 rei
510 909 578 938 aut
596 902 707 938 famae
728 903 933 939 damnosa:
967 901 1068 938 ultro
1092 902 1194 938 enim

74 972 222 1002 amatus
252 965 517 1017 adpetitusque
545 972 648 1003 erat:
682 973 733 1010 et,
754 966 922 1015 maligue
941 966 1071 1002 omnia
1096 978 1194 1016 prae-

73 1028 253 1067 bentibus
273 1030 364 1073 suis,
378 1029 628 1066 meretriculae
644 1030 907 1067 munificentia
922 1029 1193 1066 sustinebatur.

75 1094 180 1134 Quin
200 1107 246 1130 eo
265 1101 504 1145 processerat
523 1095 800 1132 consuetudine
821 1101 946 1144 capta,
966 1101 1009 1130 ut
1023 1099 1112 1144 post
1128 1106 1197 1144 pa·

75 1158 178 1193 troni
208 1165 384 1201 mortem,
405 1159 494 1207 quia
523 1158 562 1193 in
592 1157 732 1194 nullius
764 1171 881 1194 manu
911 1164 1005 1199 erat,
1025 1164 1153 1193 tutore
1173 1170 1197 1194 a

75 1221 238 1258 tribunis
258 1231 296 1258 et
316 1228 478 1272 praetore
504 1223 641 1273 petito,
663 1235 778 1272 quum
803 1228 1075 1259 testamentum
1093 1221 1196 1258 face·

74 1293 146 1330 ret,
168 1300 284 1324 unum
304 1288 508 1325 AEbutium
530 1289 747 1324 institueret
762 1288 963 1325 haeredem.

128 1351 180 1390 X.
210 1352 307 1389 Haec
333 1354 472 1390 amoris
502 1354 666 1404 pignora
683 1365 797 1402 quum
828 1359 969 1396 essent,
996 1365 1067 1389 nec
1087 1352 1195 1401 quid-

77 1429 191 1467 quam
213 1423 400 1454 secretum
427 1418 522 1454 alter
548 1418 594 1454 ab
616 1417 737 1454 altero
762 1417 962 1460 haberent,
983 1430 1050 1467 per
1063 1416 1197 1466 jocum

77 1480 295 1518 adolescens
310 1488 414 1518 vetat
433 1495 516 1518 eam
532 1483 675 1525 mirari,
693 1483 725 1518 si
739 1495 806 1532 per
821 1482 967 1530 aliquot
982 1488 1116 1517 noctes
1137 1492 1196 1517 se·

76 1547 281 1585 cubuisset.
338 1549 540 1597 Religionis
557 1561 593 1585 se
612 1561 752 1592 caussa,
773 1553 814 1585 ut
832 1553 913 1584 voto
929 1561 997 1596 pro
1017 1548 1197 1584 valetudi-

75 1624 120 1648 ne
137 1625 203 1649 sua
219 1612 331 1661 facto
351 1614 530 1657 liberetur,
552 1602 706 1650 Baccliis
734 1615 875 1650 initiari
899 1614 1002 1650 velle.
1060 1612 1106 1648 Id
1130 1610 1197 1648 ubi

78 1676 216 1713 mulier
252 1678 410 1721 audivit,
448 1678 684 1728 perturbata,
724 1679 795 1715 Dii
831 1679 1010 1714 meliora!
1046 1677 1193 1726 iuquit:

75 1742 169 1777 mori
186 1746 220 1777 et
246 1742 366 1777 sibiet
394 1742 450 1778 illi
467 1744 582 1778 satius
609 1754 692 1786 esse,
715 1755 822 1791 quam
851 1744 888 1778 icl
906 1742 1077 1791 faceret,-
1107 1746 1141 1777 et
1159 1743 1197 1777 in
1248 1739 1253 1744 ”

75 1810 186 1854 caput
212 1818 335 1842 eorum
355 1807 527 1843 detestari
554 1809 670 1843 minas
697 1809 945 1856 periculaque,
966 1809 1028 1855 qui
1057 1808 1095 1842 id
1112 1818 1197 1842 saa-

76 1871 213 1907 sissent.
255 1870 475 1907 Admiratus
492 1883 608 1920 quum
623 1871 752 1913 verba,
774 1877 853 1907 tum
870 1870 1199 1920 perturbationem

75 1939 224 1971 tantam
236 1934 471 1979 adolescens,
483 1937 640 1972 Parcere
654 1935 950 1972 exsecrationibus
958 1934 1071 1984 jubet
1087 1948 1094 1969 :
1117 1945 1198 1970 ma·-

79 2002 170 2035 trem
195 2000 235 2035 id
261 1999 340 2043 sibi,
370 2000 589 2036 adsentiente
616 2001 757 2043 vitrico,
788 2001 992 2047 imperasse.
1043 1998 1200 2034 Vitricus

79 2074 176 2109 ergo,
204 2063 342 2112 inquit,
373 2068 453 2099 tuus
485 2066 655 2110 (matrem
683 2066 775 2100 enim
802 2064 1012 2099 insimulare
1033 2062 1199 2111 forsitan

69 2124 139 2174 fas
159 2138 230 2162 non
253 2128 316 2173 sit)
328 2129 558 2176 pudicitiam,
568 2127 731 2176 famam,
760 2139 872 2176 spem,
891 2128 1074 2174 vitamque
1100 2131 1199 2162 tuam

77 2190 262 2238 perditum
278 2192 330 2226 ire
349 2191 530 2241 liocfacto
544 2197 730 2240 properat.
783 2191 844 2227 Eo
863 2191 983 2240 magis
1004 2188 1197 2229 mi1·abun-=

79 2253 144 2296 do,
174 2256 430 2305 quaerentique
459 2256 549 2305 quid
585 2257 639 2292 rei
668 2262 780 2300 esset,
810 2268 944 2306 pacem
973 2254 1197 2302 veniamque

80 2324 234 2368 precata
252 2318 424 2358 Deorum
438 2320 697 2372 Dearumque,
714 2321 760 2364 si,
777 2326 911 2358 coacta
924 2320 1081 2357 caritate
1098 2315 1195 2367 ejus,
