1546 2648
339 177 420 210 120
493 210 496 217 ,
789 178 837 206 ι’.
861 177 996 208 mvn

140 264 184 296 U·
197 265 234 296 C·
249 269 322 297 ⁵64-
389 266 607 304 XXXVII.
636 266 775 303 Hieme
794 279 851 311 ea,
869 281 943 317 qua
960 268 1041 305 haec
1059 266 1195 306 Romae
1214 275 1322 319 gesta
1339 277 1442 315 sunt,

137 306 179 339 A*
192 307 230 339 C'
249 313 320 338 ¹⁸⁸⁸
333 332 381 369 ad
401 332 471 369 Cn.
486 331 688 374 Manlium,
705 332 899 368 consulem
917 333 1094 383 primum,
1111 333 1245 371 deinde
1263 346 1333 384 pro
1352 347 1445 371 con-

133 389 319 440 Legationes
332 396 426 441 sule,
455 397 717 433 hibernantem
751 397 790 432 in
823 397 930 441 Asia,
959 397 1168 447 legationes
1201 398 1366 447 undique
1394 411 1444 436 ex

136 434 314 513 ffffilssdm·
333 461 508 498 omnibus
539 461 754 497 civitatibus
786 461 1050 511 gentibusque,
1081 476 1162 512 quae
1192 464 1244 499 cis
1273 462 1444 500 Taurum

331 533 500 564 montem
529 525 715 568 incolunt,
736 526 1040 564 conveniebant:
1074 533 1112 563 et
1140 533 1182 563 ut
1209 527 1346 564 clarior
1369 539 1442 564 no-

329 590 517 639 biliorque
545 590 704 626 victoria
731 589 916 626 Romanis
946 591 992 627 de
1020 603 1108 639 rege
1127 591 1322 627 Antiocho
1350 590 1439 635 fuit,

329 668 443 705 quam
475 655 521 691 de
551 653 695 699 Gallis;
731 655 784 689 ita
816 653 939 690 laetior
967 655 1078 690 sociis
1112 661 1191 691 erat
1224 654 1270 691 de
1303 654 1439 698 Gallis,

329 732 442 769 quam
462 719 508 755 de
527 718 734 755 Antiocho.
789 718 1043 755 Tolerabilior
1061 719 1164 768 regia
1181 719 1339 755 servitus
1358 718 1443 755 fue-

328 789 402 826 rat,
429 796 543 832 quam
568 783 696 819 feritas
728 783 936 818 inmanium
962 782 1225 826 barbarorum,
1254 783 1439 819 incertus-

326 860 400 896 que
424 847 463 883 in
492 847 569 883 dies
599 853 734 890 terror,
756 859 830 896 quo
861 846 962 883 velut
989 852 1192 897 tempestas
1223 859 1286 883 eos
1316 859 1440 897 popu·

326 910 447 948 lantes
467 910 644 948 inferret:
676 912 816 961 itaque,
839 918 880 947 ut
899 911 1034 960 quibus
1052 911 1221 954 libertas,
1242 912 1439 948 Antiocho

325 975 450 1026 pulso,
470 989 558 1026 pax,
581 975 699 1012 Gallis
726 976 892 1019 domitis,
913 976 1002 1012 data
1030 982 1141 1019 esset,
1161 988 1239 1012 non
1269 974 1438 1024 gratula-

325 1046 407 1077 tum
426 1040 540 1076 modo
560 1046 754 1083 venerant,
775 1040 841 1076 sed
869 1052 1028 1076 coronas
1058 1040 1171 1076 etiam
1200 1052 1346 1082 aureas,
1366 1052 1438 1090 pro

324 1103 401 1140 suis
422 1117 578 1153 quaeque
597 1103 856 1146 facultatibus,
877 1102 1103 1139 adtulerant.
1157 1103 1211 1140 Et
1229 1103 1276 1141 ab
1296 1104 1436 1140 Antio-

323 1168 397 1204 cho
417 1167 546 1217 legati,
568 1174 606 1204 et
625 1167 671 1203 ab
698 1167 788 1216 ipsis
809 1166 943 1210 Gallis,
966 1173 1005 1202 ut
1024 1167 1126 1217 pacis
1145 1166 1247 1216 leges
1267 1167 1437 1206 diceren-

322 1238 398 1275 tur,
420 1238 458 1268 et
477 1232 524 1268 ab
547 1231 749 1268 Ariarathe
776 1243 865 1280 rege
886 1231 1156 1283 Cappadocum
1174 1239 1371 1277 venerunt,
1392 1233 1439 1273 ad

320 1296 471 1333 veniam
490 1295 706 1347 petendam,
718 1295 968 1346 luendamque
987 1296 1149 1346 pecunia
1165 1308 1320 1341 noxam,
1335 1297 1436 1347 quod

320 1360 471 1397 auxiliis
490 1361 725 1398 Antiochum
737 1359 912 1411 juvisset.
968 1360 1073 1398 Huic
1095 1367 1274 1398 sexcenta
1290 1360 1436 1399 talenta

319 1423 469 1472 argenti
504 1429 594 1460 sunt
628 1424 824 1474 imperata.
881 1423 1001 1460 Gallis
1041 1435 1278 1475 responsum,
1316 1437 1432 1475 quum

315 1486 509 1525 Eumenes
529 1501 593 1525 rex
613 1489 791 1532 venisset,
811 1494 893 1525 tum
912 1488 1088 1525 daturum
1111 1489 1156 1525 iis
1182 1487 1308 1538 leges:
1340 1490 1432 1528 civi·

318 1553 455 1590 tatium
483 1553 693 1602 legationes
723 1566 809 1590 cum
835 1553 1011 1601 benignis
1037 1553 1242 1604 responsiS,
1267 1552 1431 1592 laetiores

318 1618 433 1654 etiam
453 1631 566 1668 quam
584 1625 779 1661 venerant,
796 1618 972 1654 dimissae.
1027 1617 1211 1655 Antiochi
1229 1617 1345 1667 legati
1363 1631 1431 1671 pe-

316 1682 467 1719 cuniam
503 1683 543 1718 in
579 1682 857 1732 Pamphyliam,
891 1681 1197 1732 frumentumque
1234 1695 1281 1720 ex
1316 1690 1430 1734 pacto

315 1759 402 1782 cum
421 1747 467 1783 L.
482 1747 660 1798 Scipione
681 1747 824 1784 foedere
845 1746 945 1797 jussi
963 1746 1169 1793 advehere3
1201 1758 1248 1783 eo
1275 1759 1316 1783 se
1343 1760 1429 1786 cum

315 1811 484 1847 exercitu
502 1818 714 1848 venturum.
770 1812 964 1862 Principio
984 1810 1118 1848 deinde
1137 1811 1246 1854 veris,
1266 1810 1429 1849 lustrato

314 1875 496 1919 exercitu,
517 1875 725 1926 profectus,
745 1876 806 1913 die
832 1881 968 1912 octavo
988 1877 1197 1926 Apameam
1215 1875 1341 1912 venit:
1373 1876 1427 1914 ibi

312 1938 481 1976 triduum
511 1939 657 1976 stativis
686 1939 841 1982 habitis,
871 1940 992 1976 tertiis
1022 1952 1149 1976 rursus
1178 1939 1226 1976 ab
1254 1940 1426 1990 Apamea

312 2003 443 2039 castris
463 2004 502 2039 in
518 2002 796 2053 Pamphyliam,
809 2016 885 2052 quo
904 2004 1102 2054 pecuniam
1121 2002 1429 2054 frumentumque.

309 2066 433 2114 regios
461 2066 671 2102 convehere
689 2065 870 2116 jusserat,
891 2067 1087 2117 pervenit:
1118 2065 1220 2102 mille
1248 2072 1287 2102 et
1315 2067 1425 2116 quin-

309 2137 426 2178 genta
451 2129 594 2166 talenta
622 2132 769 2180 argenti
797 2138 954 2181 accepta
980 2132 1190 2181 Apameam
1217 2130 1421 2182 deportan-

308 2199 393 2230 tur:
425 2193 657 2231 frumentum
685 2195 866 2232 exercitui
896 2195 1085 2232 dividitur.
1140 2193 1237 2232 Inde
1263 2195 1311 2233 ad
1329 2195 1420 2233 Per-

307 2269 396 2306 gam
424 2257 550 2294 ducit:
590 2272 673 2308 quae
706 2271 782 2295 uua
814 2259 853 2294 in
887 2259 931 2294 iis
965 2258 1058 2295 locis
1085 2259 1190 2307 regio
1219 2258 1420 2297 tenebatur

306 2321 496 2372 praesidio,
532 2322 865 2374 Adpropinquauti
885 2322 1083 2375 praefectus
1103 2322 1267 2376 praesidii
1286 2321 1418 2360 obvius

1540 1155 1544 1235 ,ἰ
