1546 2648
346 213 501 243 mmm
523 210 654 242 κιαι.
685 209 794 238 cAt’.
817 209 926 239 xrx.
1106 211 1190 254 339

83 304 331 353 trociniorum
355 317 399 341 ac
424 301 693 340 veneficiorum
719 300 939 338 cernebant.
994 301 1095 338 Belli
1121 301 1188 338 ad.-
1202 305 1245 337 U.
1258 301 1296 334 C.
1311 310 1385 337 580.

82 368 312 405 ministratio
325 367 378 404 ‚ad
405 379 525 404 novos
551 365 725 403 consules
754 364 896 415 rejecta
923 370 1003 400 est:
1036 366 1075 401 in
1094 378 1189 416 prae-
1200 349 1240 380 A·
1257 346 1383 383 0¹⁷²·

81 432 205 468 sentia
239 436 366 469 tamen
397 431 469 467 Cn.
489 430 672 466 Sicinium
703 434 919 479 praetorem,
952 427 1059 478 cujus
1092 431 1191 466 inter

80 495 180 531 cives
199 500 238 532 et
264 495 482 544 peregrinos
496 493 714 544 jurisdictio
735 499 829 536 erat,
859 492 1022 530 scribere
1051 493 1190 530 milites

76 557 222 608 placuit
234 573 244 603 ς
275 558 356 606 qui,
376 557 620 594 Brundisium
638 557 756 599 ducti,
777 556 900 606 primo
925 569 1077 606 quoque
1096 564 1192 594 tem-

78 633 172 672 pore
190 621 437 672 Apolloniam
464 622 504 658 in
529 621 691 671 Epirum
717 619 983 670 trajicerentur
1001 621 1049 657 ad
1077 633 1191 658 occu-

80 683 224 734 pandas
252 684 460 721 maritimas
490 683 616 728 urbes,
643 683 709 720 ubi
737 682 884 726 consul,
905 684 966 720 cui
997 684 1194 734 provincia

79 746 311 786 Macedonia
342 748 572 791 obvenisset,
607 747 765 784 classem
800 747 987 798 adpellere
1022 754 1122 792 tuto,
1153 755 1193 785 et

80 811 209 861 copias
228 824 296 861 per
314 812 555 848 commodum
575 823 765 861 exponere
787 817 927 861 posset.
983 810 1191 857 Eumenes,

80 873 310 922 aliquamdiu
325 874 479 922 AEginae
499 881 668 911 retentus
688 875 899 924 periculosa
914 880 953 911 et
967 875 1107 912 difficili
1126 889 1192 913 cu-

79 937 243 980 ratione,
264 950 379 986 quum
399 939 562 987 primum
580 943 666 973 tuto
684 937 825 987 potuit,
842 938 1034 987 profectus
1051 939 1193 989 Perga-

79 1013 198 1043 mum,
218 1007 355 1051 praeter
372 1001 575 1051 pristinum
593 1001 723 1037 odium
749 1002 893 1037 recenti
912 1002 1027 1037 etiam
1053 1002 1194 1040 scelere

80 1063 206 1101 Persei
229 1065 461 1108 stimulante,
477 1077 624 1102 summa
637 1065 674 1101 vi
686 1064 845 1115 parabat
859 1064 1013 1101 bellum.
1052 1064 1195 1114 Legati

71 1141 128 1165 1eo
147 1129 195 1165 ab
214 1128 355 1172 Roma,
376 1129 608 1178 gratulantes
628 1129 729 1178 quod
749 1142 769 1165 e
788 1135 898 1166 tanto
917 1130 1086 1180 periculo
1106 1144 1194 1168 eva-

81 1193 204 1234 sisset,
224 1202 421 1229 venerunt.
463 1192 591 1232 Quum
605 1192 901 1230 Macedonicum
914 1193 1055 1230 bellum
1070 1194 1110 1230 in
1126 1206 1195 1231 an-

79 1267 171 1292 num
184 1255 344 1292 dilatum
359 1260 471 1299 esset,
488 1256 621 1292 ceteris
638 1255 862 1306 praetoribus
876 1254 960 1306 jam
979 1256 1018 1292 in
1037 1257 1192 1306 provin-

80 1319 155 1354 cias
185 1318 380 1368 profectis,
408 1317 467 1356 M.
482 1318 507 1354 J
510 1320 619 1355 unius
657 1325 696 1355 et
727 1319 791 1369 Sp.
808 1318 1025 1362 Lucretius,
1056 1319 1192 1369 quibus

78 1382 281 1432 Hispaniae
299 1383 504 1433 provinciae
524 1382 772 1425 obvenerant,
793 1382 956 1431 fatigato
974 1395 1073 1434 saepe
1092 1384 1193 1422 idem

80 1447 246 1497 petendo
266 1453 414 1490 senatu,
434 1447 589 1483 tandem
610 1447 863 1497 pervicerunt,
886 1453 928 1483 ut
951 1447 1193 1497 supplemen-

72 1517 162 1548 tum
181 1510 254 1547 sibi
277 1511 325 1547 ad
352 1511 558 1547 exercitum
578 1511 730 1547 daretur
757 1511 833 1547 tria
860 1510 979 1547 millia
1005 1512 1191 1561 peditum,

65 1581 236 1612 ,centum
261 1581 300 1611 et
318 1576 596 1624 quinquaginta
622 1576 766 1624 equites
785 1575 826 1611 in
854 1574 1050 1612 Romanas
1070 1576 1192 1626 legio-

82 1650 147 1675 nes
164 1653 171 1675 :
204 1639 243 1674 in
264 1638 443 1675 socialem
465 1639 672 1675 exercitum
686 1640 852 1688 quinque
870 1639 989 1676 millia
1006 1640 1192 1690 peditum,

80 1708 121 1738 et
139 1707 329 1738 trecentos
349 1702 508 1750 equiteS,
527 1702 713 1751 imperare
730 1703 842 1738 sociis
854 1701 967 1752 jussi.
1021 1702 1111 1740 Hoc
1127 1716 1193 1740 co·
1213 1730 1218 1733 ν

76 1766 228 1816 ,piarum
246 1765 286 1801 in
304 1765 512 1816 Hispanias
542 1777 628 1802 cum
660 1765 886 1816 praetoribus
907 1767 1028 1803 novis
1059 1774 1191 1818 porta-

76 1835 158 1867 tum
178 1836 246 1866 est.

133 1892 250 1930 XIX.
270 1892 427 1929 Eodem
446 1905 561 1936 anne,
582 1893 671 1943 quia
689 1906 757 1945 per
774 1895 1077 1943 recognitionem
1096 1896 1192 1934 Pos-

79 1957 190 1995 tumii
207 1956 373 1993 consulis
393 1969 532 2005 magna
549 1969 635 2007 pars
656 1959 743 2006 agri
762 1958 963 2008 Campani,
977 1961 1192 2010 rquem.pri-

76 2021 156 2058 ‹vati
176 2021 258 2056 sine
275 2020 492 2057 discrimine
515 2021 656 2071 passim
685 2022 946 2070 possederant,
969 2030 1192 2072 recuperata

65 2084 120 2121 -in
132 2084 331 2136 -publicum
350 2092 444 2127 erat,
463 2085 739 2123 M..Lucretius
766 2086 940 2123 tribunus
960 2086 1080 2136 plebis
1100 2100 1191 2137 pro-

78 2147 276 2195 mulgavit,
299 2155 339 2184 ut
368 2161 500 2197 agrum
526 2149 764 2198 Campanum
792 2161 967 2186 censores
986 2149 1190 2189 fruendum

65 2210 274 2248 zlocarent:
306 2213 408 2260 quod
425 2212 569 2250 facturn
601 2219 662 2249 tot
690 2213 799 2251 annis
826 2220 917 2264 post
945 2221 1095 2263 captam
1115 2214 1191 2251 Ca=

64 2281 195 2325 -puam
223 2285 300 2311 non
325 2274 466 2319 fuerat,
495 2282 538 2313 ut
563 2277 604 2313 in
623 2289 743 2313 vacuo
771 2283 973 2326 vagaretur
1003 2277 1189 2328 cupiditas

66 2338 327 2389 privatorum.
382 2339 515 2380 Quum
529 2341 569 2377 in
594 2342 879 2390 exspectatione
897 2346 1049 2379 senatus
1075 2347 1187 2385 esset,

590 2403 670 2444 02
