1546 2648
107 314 150 346 U.
163 314 200 346 C.
216 320 289 348 581.

108 359 150 407 ᾼ.
164 358 201 391 C.
218 364 287 394 171.

114 2220 196 2252 Guis
213 2221 292 2251 libe-

113 2272 218 2294 rarum
236 2273 280 2294 ci-

111 2307 271 2338 vitatiurn.

301 218 388 266 350
749 220 795 249 ¹1·-
820 220 954 251 mvn

301 312 484 348 victorem
525 308 675 348 veniam
708 321 776 360 per
811 322 978 361 sororem
1017 310 1279 362 inpetrabilem
1313 310 1410 353 fore.

303 374 538 416 Ariarathes,
556 372 824 423 Cappadocum
844 386 924 417 rex,
941 382 1190 424 praeterquam
1207 376 1309 425 quod
1325 375 1408 412 Ro-

303 440 425 477 manis
445 450 514 475 suo
533 439 685 474 nomine
705 436 847 478 auxilia
866 438 1057 488 pollicitus
1077 446 1171 483 erat,
1190 453 1237 476 ex
1256 452 1333 489 quo
1351 445 1411 481 est

296 501 455 553 junctus
483 501 646 540 Eumeni
663 500 886 552 adfinitate,
907 503 944 541 in
968 503 1096 539 omnia
1113 502 1204 547 belli
1232 503 1412 553 pacisque

304 579 345 603 se
363 556 647 602 consociaverat
666 564 836 603 consilia.
864 566 1078 605 Antiochus
1098 567 1307 605 inminebat
1326 566 1410 615 qni-

305 631 390 667 dem
410 629 571 679 Ingpti
591 641 722 677 regno,
744 635 781 664 et
809 630 1009 678 pueritiam
1039 631 1153 678 regis,
1174 639 1208 666 et
1238 630 1414 669 inertiam

306 700 474 731 tutorum
509 704 712 743 spernens;
745 693 1048 741 et·ambigendo
1084 694 1128 729 de
1166 693 1272 729 Coele
1306 693 1415 742 Syria

307 770 476 794 caussam
506 755 595 795 belli
625 768 662 792 se
685 755 903 792 habiturum
923 756 1180 798 existimabat,
1197 750 1413 804 gesturum,

307 834 380 870 que
410 822 490 857 sine
523 819 600 861 ullo
629 819 903 869 inpedimento,
934 821 1127 870 occupatis
1159 820 1343 857 Romanis
1374 820 1415 856 in

306 885 558 922 Macedonico
581 883 696 926 bello,
717 884 755 924 id
782 882 950 920 bellum:
981 891 1108 920 tamen
1135 884 1263 920 omnia
1282 890 1319 920 et
1347 896 1413 934 per

307 961 395 986 suos
426 948 571 997 legatos
602 948 763 990 senatui,
785 955 822 983 et
850 949 929 997 ipse
954 948 1087 997 legatis
1119 960 1247 984 eorum
1278 948 1414 984 eximie

307 1012 498 1063 pollicitus
529 1017 620 1047 erat.
677 1010 903 1046 Ptolemaeus
934 1017 1088 1061 propter
1117 1018 1266 1047 aetatem
1300 1010 1413 1047 alieni

308 1078 424 1114 etiam
442 1082 521 1112 tum
541 1075 687 1111 arbitrii
707 1080 809 1111 erat:
842 1081 986 1111 tutores
1007 1082 1044 1110 et
1072 1074 1211 1110 bellum
1238 1074 1412 1110 adversus

308 1140 543 1177 Antiochum
576 1138 776 1188 parabant,
807 1150 884 1187 quo
912 1138 1146 1175 vindicarent
1178 1137 1311 1174 Coelen
1345 1139 1416 1187 Sy-

311 1205 419 1246 riam,
441 1210 477 1238 et
506 1202 691 1238 Romanis
720 1202 850 1238 omnia
871 1201 1148 1251 pollicebantur
1166 1201 1214 1237 ad
1230 1201 1414 1238 Macedo-

311 1268 438 1303 nicum
458 1265 610 1302 bellum.
665 1265 871 1302 Masinissa
890 1271 928 1301 et
945 1265 1136 1301 frumento
1150 1264 1311 1315 juvabat
1331 1264 1414 1301 Ro-

313 1342 461 1373 manos,
481 1335 518 1365 et
538 1328 679 1365 auxilia
698 1341 783 1365 cum
811 1328 1020 1378 elephantis
1042 1328 1354 1377 Misagenemque
1371 1327 1417 1365 fi-

311 1394 404 1430 lium
423 1394 572 1429 mittere
592 1393 637 1428 ad
667 1392 806 1429 bellum
832 1393 1012 1442 parabat:
1045 1392 1202 1430 consilia
1221 1398 1347 1429 autem
1373 1392 1416 1428 in

311 1469 462 1495 omnem
490 1457 684 1493 fortunam
711 1457 766 1493 ita
793 1456 976 1507 disposita
1002 1456 1180 1495 habebat.
1236 1450 1276 1493 Si
1301 1468 1415 1506 penes

309 1520 508 1558 Romanos
523 1521 682 1556 victoria
701 1526 813 1564 esset,
830 1532 916 1557 suas
932 1533 1081 1569 quoque
1100 1521 1140 1556 in
1160 1519 1292 1556 eodem
1311 1526 1414 1556 statu

308 1597 504 1622 mansuras
535 1597 609 1627 res,
642 1596 763 1633 neque
793 1583 892 1622 ultra
922 1584 1126 1633 quidquam
1155 1583 1410 1621 movendum:

309 1661 390 1685 non
417 1649 517 1685 enim
539 1660 715 1698 passuros
744 1648 956 1691 Romanos,
976 1650 1052 1686 vim
1080 1648 1416 1697 Karthaginiensi-

308 1712 379 1748 bus
414 1712 562 1748 adferri.
620 1713 659 1748 Si
693 1712 823 1749 fractae
856 1718 981 1751 essent
1013 1725 1104 1763 opes
1136 1712 1415 1754 Romanorum,

308 1789 392 1824 quae
407 1782 487 1813 tum
503 1783 746 1826 protegerent
764 1776 1121 1825 Karthaginienses,
1137 1788 1243 1812 suam
1261 1787 1415 1812 omnem

308 1840 478 1876 Africam
503 1840 598 1877 fore.
654 1840 830 1884 Gentius,
850 1853 917 1878 rex
936 1840 1164 1890 Illyriorum,
1184 1839 1326 1880 fecerat
1344 1851 1414 1890 po-

308 1904 398 1947 tius,
429 1916 495 1940 cur
523 1910 717 1953 suspectus
747 1911 845 1940 esset
872 1903 1073 1947 Romanis,
1095 1916 1207 1953 quam
1226 1904 1317 1940 satis
1337 1910 1414 1940 sta-

307 1972 447 2010 tuerat,
486 1974 608 2004 utram
639 1966 783 2003 foveret
821 1974 992 2017 partem3
1037 1967 1243 2017 inpetuque
1278 1966 1415 2016 magis,

307 2044 420 2079 quam
441 2030 613 2074 consilio,
634 2031 693 2067 his
714 2039 780 2068 aut
798 2030 871 2068 illis
888 2043 926 2067 se
946 2029 1191 2080 adjuncturus
1206 2031 1414 2067 videbatur.

307 2094 426 2143 Cotys
458 2093 601 2137 Thrax,
636 2093 870 2143 Odrysarum
900 2107 980 2137 rex,
1012 2093 1203 2130 evidenter
1230 2092 1413 2132 Macedo.-

305 2170 396 2194 num
417 2158 533 2208 partis
554 2164 647 2194 erat.

367 2221 503 2258 XXX.
534 2220 629 2258 Haec
666 2222 854 2258 sententia
891 2220 1041 2268 regibus
1079 2233 1194 2270 quum
1234 2226 1335 2258 esset
1368 2221 1413 2263 dc

306 2285 420 2329 bello,
455 2286 492 2321 in
521 2285 648 2321 liberis
678 2284 853 2334 gentibus
884 2284 1107 2334 populisque
1134 2283 1240 2333 plebs
1273 2283 1411 2333 ubique

306 2351 428 2388 omnis
454 2350 586 2395 ferme,
614 2356 654 2386 ut
685 2349 796 2394 solet,
822 2348 1070 2388 deterioribus
1099 2355 1179 2391 erat
1206 2348 1256 2387 ob
1285 2361 1420 2398 regem
