1546 2648
284 184 440 214 LIBER
463 183 672 213 xxxvn.
706 183 814 212 cAP.
838 183 1022 213 xxxlx.
1156 182 1211 228 47

97 282 175 312 tem
189 272 356 311 Romani
377 287 482 323 aeque
501 279 786 324 contemserunt
801 288 809 308 :
842 273 1122 312 conclamatum
1141 288 1211 312 un·
1225 289 1268 319 u,
1282 288 1319 319 c,
1334 294 1409 321 562.

95 338 209 388 dique
236 344 307 382 est,
328 340 473 375 duceret
493 339 685 387 extemplo,
712 343 748 375 et
772 343 933 375 uteretur
959 341 1090 376 ardore
1115 342 1212 378 mili-
1226 333 1318 365 A·C·
1334 340 1408 367 ¹⁹⁰·

100 409 175 441 tum
188 420 200 441 :
228 404 306 452 qui,
333 410 527 452 tamquam
548 416 626 439 non
648 403 896 453 pugnandum
917 417 1001 440 cum
1020 410 1080 440 tot
1098 405 1213 442 milli-

97 467 168 505 bus
187 468 370 511 hostium,
390 468 454 504 sed
480 480 548 518 par
569 480 747 504 numerus
768 480 947 517 pecorum
968 468 1212 506 trucidandus

97 538 209 575 esset,
227 545 294 582 per
312 532 448 574 fossas,
477 544 543 582 per
562 531 702 571 vallum
733 538 856 568 castra
886 532 1064 569 invadere
1089 533 1213 582 parati

96 605 218 640 erant,
239 597 272 633 si
297 597 335 632 iu
361 595 538 646 proelium
556 596 678 632 hostis
699 609 776 633 non
797 597 929 633 exiret.
987 597 1057 633 Cn.
1074 597 1213 634 Domi-

94 663 186 706 tius,
207 663 254 700 ad
272 662 547 714 explorandum
566 662 652 705 iter,
673 668 710 698 et
731 675 806 711 qua
827 668 935 712 parte
961 663 1054 698 adiri
1073 663 1215 701 vallum

97 728 266 765 hostium
285 733 428 778 posset,
450 727 599 769 missus,
621 733 824 776 postquam
844 727 973 763 omnia
993 733 1096 763 certa
1111 734 1214 764 retu-

97 791 156 834 lit,
192 797 346 841 postero
381 791 440 827 die
473 791 628 841 propius
663 797 787 826 castra
819 791 1013 827 admoveri
1044 791 1211 841 placuit:

96 856 211 894 tertio
245 856 353 904 signa
384 856 424 891 in
457 855 621 892 medium
653 856 776 905 campi
810 855 974 906 prolata,
1010 863 1048 892 et
1077 856 1215 892 instrui

96 920 194 958 acies
221 926 348 971 coepta
369 926 438 956 est.
496 919 579 956 Nec
598 920 813 956 Antiochus
836 919 934 956 ultra
958 921 1212 969 tergiversan-
1225 920 1318 969 Acies

98 984 188 1021 dum
218 990 336 1028 ratus,
360 997 409 1020 ne
439 990 477 1020 et
502 997 657 1021 suorum
683 986 830 1022 animos
858 986 1046 1022 minueret
1065 986 1211 1023 detrac-
1226 971 1393 1040 ffigzffiffl:

95 1051 213 1088 tando
243 1057 448 1094 certamen,
470 1058 508 1087 et
531 1051 701 1087 hostium
730 1064 833 1102 spem
866 1059 1037 1100 augeret,
1066 1059 1104 1089 et
1132 1054 1212 1104 ipse
1225 1057 1288 1082 tur.

99 1116 228 1166 copias
249 1116 402 1160 eduxit3
434 1122 584 1152 tantum
613 1129 834 1166 progressus
866 1130 887 1153 a
917 1118 1063 1160 castris,
1086 1124 1128 1154 ut
1157 1118 1213 1155 di-

100 1180 325 1217 micaturum
352 1179 561 1230 adpareret.
616 1180 796 1217 Romana
824 1181 922 1217 acies
952 1182 1062 1218 unius
1095 1195 1215 1233 prope
1228 1190 1389 1223 Romana.

98 1244 230 1280 formae
250 1243 337 1286 fuit,
359 1250 397 1279 et
424 1244 623 1280 hominum
653 1250 692 1280 et
720 1257 912 1282 armorum
942 1257 1098 1293 genere:
1132 1247 1215 1284 duae

98 1307 266 1358 legiones
297 1307 499 1351 Romanae,
521 1308 603 1345 duae
634 1309 780 1344 socium
811 1322 855 1345 ac
887 1309 1020 1346 Latini
1048 1311 1215 1348 nominis

100 1380 233 1411 erant:
266 1374 382 1422 quina
406 1372 525 1409 millia
553 1380 591 1410 et
614 1374 896 1423 quadringenos
918 1376 1077 1425 singulas
1097 1377 1215 1414 habe-

98 1437 204 1475 bant.
259 1437 429 1474 Romani
448 1438 611 1475 mediam
631 1439 765 1482 aciem,
787 1451 931 1475 cornua
949 1439 1082 1477 Latini
1104 1447 1216 1478 tenu-

99 1510 232 1539 erunt:
264 1503 503 1539 hastatorum
532 1503 655 1554 prima
683 1504 807 1552 signa,
836 1504 971 1540 deinde
1000 1506 1216 1556 principum

100 1574 226 1604 erant:
266 1569 387 1606 triarii
422 1574 634 1620 postremos
669 1568 909 1607 claudebant.
965 1570 1087 1607 Extra
1116 1571 1215 1609 hanc

100 1632 216 1669 veluti
229 1632 374 1684 justam
394 1635 528 1677 aciem,
558 1647 581 1670 a
605 1640 713 1684 parte
742 1634 896 1671 dextera
924 1635 1057 1671 consul
1076 1636 1215 1672 Achae-

102 1710 210 1735 orum
247 1701 411 1736 caetratis
448 1700 629 1735 inmixtos
667 1698 867 1735 auxiliares
903 1699 1103 1744 Eumenis,
1141 1702 1242 1747 tria(

100 1761 218 1798 millia
233 1762 350 1811 ferme
366 1763 551 1814 peditum,
570 1771 718 1812 aequata
737 1762 864 1800 fronte
880 1763 1083 1800 instruxit:
1115 1764 1216 1802 ultra

101 1838 164 1862 eos
185 1828 354 1876 equitum
374 1828 497 1864 minus
526 1828 601 1863 tria
629 1826 749 1864 millia
775 1827 978 1878 obposuit5
1012 1841 1058 1865 ex
1077 1828 1214 1878 quibus

99 1889 281 1928 Eumenis
308 1892 534 1940 octingenti,
561 1891 726 1940 reliquus
756 1892 880 1928 omnis
910 1893 1101 1940 equitatus
1130 1892 1214 1929 Ro-

98 1967 231 1991 manus
258 1963 361 1993 erat:
394 1963 584 1994 extremos
613 1954 760 1993 Tralles
794 1962 833 1991 et
862 1955 1062 1992 Cretenses
1087 1957 1216 2006 (quin-2

100 2026 302 2068 gentorum
321 2021 470 2069 utrique
489 2032 687 2056 numerum
708 2019 930 2069 explebant)
953 2020 1099 2057 statuit.
1128 2020 1217 2058 Lae=

100 2095 187 2120 vum
203 2097 320 2122 cornu
339 2097 415 2122 non
436 2084 634 2124 videbatur
649 2097 760 2133 egere
780 2084 919 2121 talibus
940 2084 1105 2128 auxiliis,
1127 2085 1217 2134 quia

101 2146 240 2184 flumen
266 2149 313 2185 ab
347 2162 392 2186 ea
422 2157 532 2199 parte
564 2150 731 2199 ripaeque
761 2149 929 2199 deruptae
967 2149 1213 2188 claudebant:

102 2219 265 2262 quatuor
279 2219 407 2250 tamen
426 2214 513 2252 inde
531 2220 665 2251 turmae
685 2214 854 2263 equitum
875 2213 1075 2264 obpositae.
1119 2214 1216 2251 Haec

103 2288 250 2313 summa
269 2278 463 2328 copiarum
483 2285 565 2314 erat
587 2278 790 2321 Romanis,
813 2285 850 2315 et
873 2278 948 2315 duo
974 2278 1094 2314 millia
1119 2279 1217 2316 mix-

99 2346 227 2379 torum
252 2340 509 2381 Macedonum
534 2341 818 2393 Thracumque,
838 2343 903 2394 qui
931 2342 1130 2381 voluntate
1157 2354 1218 2381 se=
