1546 2648
338 159 421 211 416
779 171 824 201 τ.
861 173 992 203 mvn

154 283 197 316 u·
210 284 249 317 c·
265 261 451 318 58³'enim
470 260 573 298 missi
592 261 716 309 erant)
737 260 853 310 legati
871 262 1075 300 redierunt.
1131 262 1331 302 Octavium
1360 266 1449 304 reti-

154 329 194 359 A.
207 329 245 361 C.
263 338 323 365 169
349 326 434 362 nuit
452 337 590 363 secum.
626 325 830 375 Popillium
849 338 933 362 cum
953 326 1055 364 mille
1072 326 1191 364 ferme
1209 327 1390 365 militibus
1409 329 1449 366 in

345 389 505 426 hiberna
522 389 763 426 Ambraciam
782 390 897 427 misit.

149 469 252 503 Persei
268 483 325 504 ex,
397 453 552 491 XVIII.
571 454 744 497 Perseus,
763 453 951 504 principio
968 454 1102 491 hiemis
1122 455 1247 504 egredi
1266 455 1449 493 Macedo-

149 515 267 564 Peditio
283 517 316 548 in
342 517 414 553 niae
434 516 570 554 finibus
589 530 668 554 non
688 529 814 560 ausus,
830 529 878 553 ne
897 529 971 566 qua
985 517 1025 553 in
1039 530 1196 566 regnum
1215 531 1372 555 vacuum
1388 519 1447 555 in-

146 556 210 598 my
211 568 328 592 ‘mum'
338 590 558 634 rumperent
575 583 757 626 Romani,
774 582 843 619 sub
862 588 1009 633 tempus
1028 583 1186 627 brumae,
1207 597 1321 633 quum
1341 585 1448 622 inex-

339 647 570 698 superabiles
591 647 639 684 ab
657 646 856 684 Thessalia
874 652 1023 683 montes
1044 648 1140 684 nivis
1159 648 1321 685 altitudo
1337 649 1445 693 facit,

338 711 577 748 occasionem
611 722 692 747 esse
724 716 829 746 ratus
856 710 1057 759 frangendi
1085 710 1332 748 finitimorum
1361 724 1444 762 spes

337 775 573 824 animosque,
594 787 643 811 ne
661 774 764 824 quid,
785 786 916 816 averso
935 786 975 811 se
993 775 1032 811 in
1052 774 1270 812 Romanum
1288 774 1444 820 bellum,

335 839 494 889 periculi
513 838 698 883 subesset,
719 851 832 888 quum
857 851 879 875 a
903 838 1067 876 Thracia
1091 851 1223 889 pacem
1243 839 1376 889 CotyS,
1396 839 1445 876 ab

333 902 455 953 Epiro
493 902 682 953 Cephalus
719 902 918 953 repentina
953 902 1166 940 defectione
1199 915 1223 939 a
1257 901 1443 940 Romanis

333 973 571 1016 praestarent,
590 966 792 1003 Dardanos
812 978 942 1003 recens
962 966 1169 1006 domuisset
1187 965 1302 1010 bello,
1319 965 1443 1003 solum

331 1029 514 1067 infestum
533 1043 614 1068 esse
631 1030 872 1068 Macedoniae
886 1030 1000 1074 latus,
1016 1030 1118 1079 quod
1137 1029 1184 1067 ab
1205 1029 1359 1079 Illyrico
1373 1042 1442 1081 pa-

333 1099 446 1140 teret,
466 1106 637 1137 cernens,
657 1106 780 1143 neque
799 1094 890 1144 ipsis
910 1093 1047 1143 quietis
1067 1092 1220 1142 Illyriis,
1242 1098 1281 1129 et
1299 1093 1443 1130 aditum

330 1156 588 1206 praebentibus
616 1157 818 1201 Romanis,
839 1156 871 1193 si
899 1156 1106 1193 domuisset
1131 1155 1325 1207 proximos
1351 1155 1444 1207 Illy-

330 1220 488 1265 riorum,
510 1222 693 1259 Gentium
712 1234 863 1272 quoque
881 1233 1008 1270 regem
1031 1219 1114 1270 jam
1135 1220 1199 1256 diu
1223 1219 1376 1257 dubium
1401 1221 1441 1258 in

330 1286 553 1323 societatem
579 1286 711 1338 perlici
735 1299 861 1337 posse,
883 1298 968 1322 cum
994 1285 1121 1321 decem
1147 1283 1311 1321 millibus
1334 1284 1440 1335 pedi-

327 1353 425 1392 tum,
446 1362 607 1398 quorum
625 1362 711 1400 pars
731 1349 962 1401 phalangitae
983 1354 1103 1392 erant,
1124 1357 1163 1384 et
1188 1347 1334 1384 duobus
1354 1348 1439 1385 mil-

327 1411 427 1449 libus
464 1412 603 1451 levium
640 1419 886 1456 armatorum,
921 1419 959 1450 et
994 1412 1212 1462 quingentis
1249 1412 1438 1462 equitibus

327 1477 536 1528 profectus,
571 1478 771 1516 Stuberam
806 1478 922 1514 venit.
979 1476 1073 1513 Inde
1108 1476 1300 1513 frumento
1333 1489 1437 1514 com-

327 1540 493 1592 plurium
523 1542 667 1579 dierum
701 1549 840 1586 sumto,
862 1541 1049 1592 jussoque
1078 1541 1260 1591 adparatu
1288 1540 1436 1591 obpug-

325 1605 537 1642 nandarum
573 1606 723 1643 urbium
760 1606 880 1656 sequi,
917 1606 1032 1641 tertio
1065 1605 1125 1642 die
1160 1604 1206 1641 ad
1244 1603 1436 1642 Uscanam

330 1668 584 1717 (Penestianae
610 1677 720 1707 terrae
745 1683 790 1707 ea
814 1671 980 1707 maxima
1001 1668 1090 1706 urbs
1110 1669 1184 1716 est)
1206 1670 1334 1719 posuit
1353 1681 1434 1706 cas-

325 1739 384 1770 tra
396 1748 407 1778 3
439 1734 541 1784 prius
563 1740 705 1778 tamen,
726 1747 839 1783 quam
857 1735 934 1771 vim
959 1734 1190 1776 admoveret,
1210 1733 1348 1776 missis,
1369 1733 1434 1782 qui

324 1803 517 1834 tentarent
545 1811 646 1835 nunc
671 1799 937 1849 praefectorum
955 1797 1134 1848 praesidii,
1154 1809 1254 1833 nunc
1273 1796 1431 1846 oppida-

322 1872 460 1897 norum
479 1863 649 1898 animos:
683 1867 764 1898 erat
782 1869 910 1898 autem
934 1861 988 1898 ibi
1011 1873 1097 1897 cum
1115 1858 1319 1910 juventute
1339 1859 1430 1909 Illy-

321 1925 465 1962 riorum
483 1925 702 1962 Romanum
721 1926 948 1976 praesidium.
1005 1924 1214 1974 Postquam
1242 1922 1338 1960 nihil
1362 1935 1427 1974 pa-

321 1988 397 2024 cati
431 1988 659 2032 referebant,
690 1987 912 2039 obpugnare
939 1993 998 2024 est
1025 1988 1191 2031 adortus,
1222 1993 1259 2022 et
1288 1999 1431 2024 corona

320 2063 403 2088 eam
432 2065 566 2103 capere
591 2058 750 2089 conatus
780 2058 860 2089 est:
892 2064 1006 2101 quum
1037 2052 1118 2088 sine
1148 2051 1428 2087 intermissione

320 2114 484 2151 interdiu
510 2121 702 2165 noctuque
728 2114 791 2152 alii
818 2115 900 2152 aliis
924 2114 1180 2157 succedentes,
1201 2126 1286 2164 pars
1307 2113 1426 2150 scalas

318 2178 450 2222 muris,
480 2178 606 2228 ignem
637 2179 757 2229 portis
791 2178 989 2222 inferrent,
1023 2177 1261 2215 sustinebant
1295 2182 1425 2214 tamen

317 2253 400 2279 eam
429 2248 692 2292 tempestatem
726 2250 1026 2293 propugnatores
1057 2241 1184 2287 urbis3
1220 2241 1308 2291 quia
1339 2252 1421 2290 spes

300 2294 412 2350 erat,
433 2319 554 2357 neque
579 2306 712 2344 hiemis
739 2307 813 2343 vim
843 2306 982 2344 diutius
1013 2306 1091 2358 pati
1121 2304 1350 2344 Macedonas
1382 2304 1419 2342 in

1504 2302 1511 2459 ἶ

1503 2462 1506 2507 ,
1539 2490 1542 2496 ,
