1546 2648
376 205 455 247 126
527 224 532 230 *
799 220 843 248 T.
878 221 1009 251 mvn

177 307 218 339 U.
233 308 269 340 C.
287 304 450 342 ⁵⁶4.f0rs
472 305 573 350 tulit,
595 307 652 343 his
673 314 738 344 aut
763 308 835 345 illis
862 311 1099 349 incommode
1118 311 1282 364 objecta,
1304 308 1475 365 pugnan-

174 352 269 383 mc.
287 361 472 406 ¹⁸⁸·tibns
502 371 759 420 inpedimento
789 383 902 410 sunt:
936 376 1023 412 aiibi
1054 377 1195 427 praedo,
1222 379 1311 415 alibi
1341 380 1474 429 praedae

368 434 504 471 vindex
525 435 637 472 cadit.
693 436 813 474 Prout
840 438 944 475 locus
967 441 1116 490 iniquus
1138 455 1310 492 aequusve
1331 443 1390 480 his
1411 449 1476 480 aut

367 498 455 543 illis,
476 507 590 550 prout
609 501 754 537 animus
779 505 1029 552 pugnantium
1049 512 1119 549 est,
1139 513 1253 556 prout
1281 519 1474 552 numeruS,

370 562 451 610 (alii
478 565 577 600 enim
606 565 790 614 pluribuS,
811 580 921 615 quam
952 569 1021 618 ipsi
1052 577 1172 613 erant,
1194 570 1257 607 alii
1285 573 1475 621 pauciori-

364 627 450 672 bus,
478 627 741 678 obem-terant)
768 631 870 667 varia
897 644 1034 681 pugnae
1070 633 1225 671 fortuna
1249 642 1331 671 est:
1364 636 1473 673 multi

363 692 553 741 utrimque
573 693 723 730 cadunt.
780 694 865 730 Jam
892 708 970 731 nox
993 697 1208 746 adpetebat,
1229 712 1344 747 quum
1372 713 1474 750 proe-

361 755 414 792 lio
434 757 621 793 excedunt
640 757 821 802 Thraces,
842 772 920 795 non
943 759 1034 809 fuga
1052 761 1249 798 vulnerum
1277 769 1343 799 aut
1371 776 1472 800 mor-

331 815 340 827 *
360 820 423 864 tis,
445 821 508 857 sed
529 821 615 870 quia
637 822 726 858 satis
747 823 881 872 praedae
900 824 1104 863 habebant.

413 884 525 922 XLI.
554 884 817 942 Romanorum
846 888 1009 937 primum
1039 901 1174 937 agmen
1201 895 1308 926 extra
1334 889 1470 928 saltum

360 949 460 986 circa
491 950 674 1000 templum
703 951 932 988 Bendidium
963 959 1086 989 castra
1117 952 1204 989 loco
1238 961 1370 1004 aperto
1399 969 1470 1006 po-

359 1013 456 1050 suit:
489 1026 574 1064 pars
595 1014 713 1051 altera
732 1015 778 1052 ad
799 1015 1007 1052 custodiam
1027 1016 1371 1067 inpedimentorum
1391 1032 1470 1056 me·

357 1076 421 1113 dio
441 1077 479 1113 in
503 1077 614 1121 saltu,
636 1078 775 1129 duplici
795 1079 1026 1116 circumdata
1045 1079 1158 1123 vallo,
1179 1082 1330 1118 mansit.
1373 1082 1468 1119 Pos-

356 1148 438 1178 tero
459 1142 532 1186 die,
553 1144 655 1193 prius
676 1143 873 1193 explorato
893 1143 1005 1187 saltu,
1027 1157 1138 1193 quam
1161 1151 1370 1189 moverent,
1390 1147 1469 1196 pri-

354 1206 425 1242 mis
452 1219 491 1242 se
518 1206 768 1257 conjungunt.
826 1207 871 1243 In
892 1220 937 1244 eo
959 1207 1110 1257 proelio,
1131 1220 1245 1258 quum
1266 1214 1304 1245 et
1322 1209 1467 1260 inpedi-

352 1277 567 1308 mentorum
588 1284 673 1322 pars
694 1278 732 1308 et
751 1271 939 1316 calonum,
957 1278 994 1308 et
1014 1271 1151 1309 milites
1171 1272 1330 1322 aliquot,
1351 1287 1466 1324 quum

353 1336 494 1386 passim
531 1343 616 1373 toto
652 1349 770 1388 prope
807 1337 905 1374 saltu
945 1345 1190 1387 pugnaretur,
1228 1338 1465 1383 cecidissent,

354 1399 555 1449 plurimum
583 1401 631 1440 Q.
650 1399 812 1437 Minucii
835 1401 990 1437 Thermi
1016 1408 1138 1437 morte
1164 1401 1291 1438 damni
1317 1409 1374 1438 est
1402 1416 1465 1439 ac-

355 1470 519 1515 ceptum,
540 1464 649 1501 fortis
677 1478 720 1501 ac
746 1466 890 1502 strenui
908 1466 989 1502 viri.
1045 1465 1105 1502 Eo
1131 1466 1190 1502 die
1216 1465 1263 1515 ad
1288 1465 1461 1503 Hebrum

353 1529 490 1566 flumen
511 1537 731 1579 perventum
758 1536 839 1566 est:
873 1531 958 1567 inde
976 1530 1179 1566 AEuiorum
1208 1531 1299 1567 fines
1327 1537 1464 1582 praeter

350 1594 555 1644 Apollinis,
586 1595 835 1645 Zerynthium
871 1607 982 1644 quem
1010 1601 1148 1631 vocant
1184 1594 1332 1639 incolae,
1362 1602 1459 1632 tem-

350 1655 453 1708 plum
484 1666 673 1708 superant.
730 1659 826 1695 Aliae
856 1650 1039 1707 angustiae
1069 1659 1167 1695 circa
1185 1658 1375 1709 Tempyra
1394 1672 1459 1696 ex-

351 1722 510 1772 cipiunt,
534 1723 624 1770 (hoc
650 1723 736 1759 loco
755 1736 893 1759 nomen
915 1724 987 1770 est)
1009 1736 1079 1759 nec
1103 1724 1226 1759 minus
1257 1723 1458 1773 confrago-

155 1787 305 1836 Alterum
351 1798 414 1828 sae,
436 1799 547 1835 quam
567 1788 729 1836 priores:
763 1787 840 1829 sed,
862 1788 949 1835 quia
969 1786 1062 1822 nihil
1082 1786 1249 1822 silvestre
1269 1787 1367 1823 circa
1387 1794 1457 1830 est,

151 1832 314 1870 proehum‘
350 1863 397 1886 ne
419 1849 581 1886 latebras
602 1851 751 1899 quidem
779 1850 823 1886 ad
850 1850 1103 1889 insidiandum
1131 1849 1311 1900 praebent.
1368 1850 1458 1887 Huc

348 1913 393 1950 ad
432 1915 599 1950 eamdem
636 1927 737 1964 spem
782 1914 915 1964 praedae
952 1913 1114 1949 Thrausi
1173 1925 1264 1962 gens
1302 1919 1339 1949 et
1376 1915 1459 1964 ipsa

346 1978 555 2023 Thracum)
581 1991 811 2014 convenere:
845 1979 923 2021 sed,
954 1979 1040 2027 quia
1070 1978 1178 2013 nudae
1208 1976 1336 2020 valles,
1367 1991 1456 2028 pro-

346 2042 406 2078 cul
431 2050 471 2078 ut
498 2044 805 2092 conspicerentur
841 2044 1034 2092 angustias
1064 2042 1294 2085 obsidentes,
1317 2042 1455 2079 efficie-

343 2106 451 2149 bant,
473 2107 595 2142 miuus
616 2107 768 2142 terroris
795 2106 1053 2155 tumultusque
1080 2106 1153 2141 fuit
1182 2106 1279 2155 apud
1308 2104 1454 2142 Roma·

344 2183 440 2207 nos:
474 2172 612 2221 quippe
638 2172 706 2207 etsi
734 2172 864 2220 iniquo
895 2170 993 2214 loco,
1015 2170 1150 2220 proelio
1178 2176 1306 2206 tamen
1328 2169 1451 2220 justo,

343 2237 423 2272 acie
443 2243 584 2286 aperta,
606 2236 765 2272 conlatis
787 2236 902 2284 signis
923 2235 1174 2271 dimicandum
1196 2241 1287 2270 erat.
1345 2234 1450 2271 Con·

339 2300 426 2336 ferti
457 2299 659 2336 subeuntes
680 2312 764 2335 cum
794 2299 970 2342 clamore,
993 2300 1121 2348 inpetu
1148 2297 1265 2340 facto,
1286 2298 1448 2347 primum

339 2363 515 2415 expulere
548 2363 633 2400 loco
666 2363 821 2409 hostes;
854 2363 988 2400 deinde
1018 2369 1210 2399 avertere:
1242 2361 1333 2410 fuga
1361 2361 1451 2398 inde
