1546 2648
47 208 1156 239 m

348 378 848 438 FRAGMENTA

192 521 659 561 DEPERDITORUM
699 522 1019 562 LIBRORUM

420 640 484 693 T.
527 640 806 707 LIVII.

86 794 139 822 tx
160 792 357 818 ANTIQUIS
380 791 669 816 GRAMMATICIS
691 792 883 818 ALIISQUE
906 792 1128 819 COLLECTA.

471 912 738 932 ἡ-

423 999 502 1037 ΕΧ
529 999 634 1037 LIB.
664 1000 776 1038 XIV.
846 1002 849 1003 ⁷

106 1084 261 1124 Privato
280 1099 349 1122 nos
370 1087 633 1124 tenuissemus.
668 1088 843 1124 Priscian.
858 1087 916 1124 lib.
928 1099 989 1124 xv.
1009 1087 1170 1126 Gramm.

48 1165 136 1201 pag.
156 1151 269 1188 1009.

432 1248 509 1285 EX
538 1248 641 1287 LIB.
671 1249 806 1287 XVII.

110 1335 238 1372 Pridie
265 1334 414 1370 Nonas.
480 1333 609 1370 Pridie
637 1333 740 1372 Idus.
797 1334 977 1371 Priscian.
1008 1333 1068 1371 lib.
1098 1333 1172 1372 xiv.

64 1401 225 1437 Gramm.
244 1411 328 1446 pag.
350 1398 439 1435 992.

419 1494 497 1531 EX
525 1494 630 1531 LIB.
659 1493 814 1531 XVIII.

114 1579 284 1618 Imberbi
301 1579 518 1628 vulgariter.
551 1580 689 1615 Charis.
704 1580 763 1616 zib.
776 1580 801 1616 i.
838 1579 998 1616 Gramm.
1009 1592 1098 1628 pag.
1114 1579 1176 1620 74.

425 1673 504 1710 EX
532 1673 637 1710 LIB.
666 1672 812 1710 XCIV.

113 1760 246 1798 Livius
278 1760 318 1796 in
340 1759 438 1797 libro
471 1760 720 1809 nonagesimo
750 1765 887 1809 quarto
916 1759 1180 1797 Inarimemin

60 1824 232 1876 partibus
251 1823 431 1859 Maeoniae
461 1836 541 1859 esse
566 1823 682 1868 dicit5
714 1823 779 1858 ubi
812 1836 879 1873 per
905 1823 1180 1872 quinquaginta

63 1887 182 1923 millia
200 1892 308 1923 terrae
324 1888 406 1934 igni
425 1892 566 1923 exustae
586 1892 686 1923 sunt.
730 1885 819 1922 Hoc
839 1887 953 1922 etiam
966 1885 1179 1922 Homerum

64 1949 296 1997 significasse
315 1949 407 1985 vult.
439 1949 581 1985 Servius
599 1950 647 1984 ad
667 1949 764 1996 Virg.
785 1949 877 1985 AEn.
895 1949 946 1986 ix.
967 1948 1058 1988 715.

448 2045 525 2082 EX
554 2044 659 2082 LIB.
690 2044 799 2082 CIII.

65 2130 290 2168 Horrendus
309 2133 429 2182 magis
449 2138 520 2176 est,
541 2133 679 2183 premit
704 2132 769 2181 qui
787 2143 962 2182 corpora,
983 2129 1108 2170 carbo.

32 2209 36 2211 >
67 2193 158 2230 Urit
175 2195 238 2231 hic
256 2195 438 2240 inclusus,
459 2196 588 2233 vitalia
607 2196 749 2245 rumpit
768 2195 924 2232 acerbus
940 2210 948 2230 :

68 2255 185 2295 Hunc
203 2265 347 2296 veteres
367 2261 556 2311 quondam
575 2260 687 2295 variis
707 2258 885 2311 pepulere
902 2255 1069 2297 medelis.

577 2321 616 2358 D
633 2322 657 2359 d
676 2323 700 2358 2
