<?xml version="1.0" encoding="UTF-8"?>
<!DOCTYPE html PUBLIC "-//W3C//DTD XHTML 1.0 Transitional//EN"
    "http://www.w3.org/TR/xhtml1/DTD/xhtml1-transitional.dtd">
<html xmlns="http://www.w3.org/1999/xhtml" xml:lang="en" lang="en">
 <head>
  <title>
</title>
<meta http-equiv="Content-Type" content="text/html;charset=utf-8" />
  <meta name='ocr-system' content='tesseract 3.04.00' />
  <meta name='ocr-capabilities' content='ocr_page ocr_carea ocr_par ocr_line ocrx_word'/>
</head>
<body>
  <div class='ocr_page' id='page_1' title='image "./historiarumquaes04livyuoft/historiarumquaes04livyuoft_0403.png"; bbox 0 0 1546 2648; ppageno 0'>
   <div class='ocr_carea' id='block_1_1' title="bbox 368 203 1229 248">
    <p class='ocr_par' dir='ltr' id='par_1_1' title="bbox 368 203 1229 248">
     <span class='ocr_line' id='line_1_1' title="bbox 368 203 1229 248; baseline -0.01 -6"><span class='ocrx_word' id='word_1_1' title='bbox 368 212 521 243; x_wconf 80' lang='lat' dir='ltr'>LIBER</span> <span class='ocrx_word' id='word_1_2' title='bbox 546 209 672 238; x_wconf 86' lang='lat' dir='ltr'><strong>xL11.</strong></span> <span class='ocrx_word' id='word_1_3' title='bbox 705 207 813 237; x_wconf 76' lang='lat' dir='ltr'>CAP.</span> <span class='ocrx_word' id='word_1_4' title='bbox 833 207 994 236; x_wconf 84' lang='lat' dir='ltr'>LXVII.</span> <span class='ocrx_word' id='word_1_5' title='bbox 1148 203 1229 248; x_wconf 78' lang='grc'><strong>393</strong></span> 
     </span>
    </p>
   </div>
   <div class='ocr_carea' id='block_1_2' title="bbox 73 293 1419 2330">
    <p class='ocr_par' dir='ltr' id='par_1_2' title="bbox 116 293 1419 483">
     <span class='ocr_line' id='line_1_2' title="bbox 121 293 1419 344; baseline -0.01 -3"><span class='ocrx_word' id='word_1_6' title='bbox 121 303 252 342; x_wconf 77' lang='lat' dir='ltr'><strong>Primo</strong></span> <span class='ocrx_word' id='word_1_7' title='bbox 271 303 444 339; x_wconf 82' lang='lat' dir='ltr'><strong>resistere</strong></span> <span class='ocrx_word' id='word_1_8' title='bbox 461 298 693 336; x_wconf 78' lang='lat' dir='ltr'>Macedones</span> <span class='ocrx_word' id='word_1_9' title='bbox 707 312 718 343; x_wconf 75' lang='lat'>5</span> <span class='ocrx_word' id='word_1_10' title='bbox 751 296 898 339; x_wconf 88' lang='lat' dir='ltr'><strong>deinde,</strong></span> <span class='ocrx_word' id='word_1_11' title='bbox 919 304 961 331; x_wconf 89' lang='lat' dir='ltr'><strong>ut</strong></span> <span class='ocrx_word' id='word_1_12' title='bbox 980 293 1083 331; x_wconf 83' lang='lat' dir='ltr'><strong>nulla</strong></span> <span class='ocrx_word' id='word_1_13' title='bbox 1101 306 1141 330; x_wconf 86' lang='lat' dir='ltr'><strong>re</strong></span> <span class='ocrx_word' id='word_1_14' title='bbox 1159 306 1226 344; x_wconf 84' lang='lat' dir='ltr'><strong>pa·</strong></span> <span class='ocrx_word' id='word_1_15' title='bbox 1241 294 1283 326; x_wconf 75' lang='lat' dir='ltr'><strong>U·</strong></span> <span class='ocrx_word' id='word_1_16' title='bbox 1297 295 1334 326; x_wconf 83' lang='lat' dir='ltr'><strong>C.</strong></span> <span class='ocrx_word' id='word_1_17' title='bbox 1347 302 1419 328; x_wconf 74' lang='lat'><strong>581.</strong></span> 
     </span>
     <span class='ocr_line' id='line_1_3' title="bbox 116 337 1416 412; baseline -0.01 -7"><span class='ocrx_word' id='word_1_18' title='bbox 116 380 177 405; x_wconf 83' lang='lat' dir='ltr'><strong>res</strong></span> <span class='ocrx_word' id='word_1_19' title='bbox 193 374 314 409; x_wconf 86' lang='lat' dir='ltr'><strong>erant,</strong></span> <span class='ocrx_word' id='word_1_20' title='bbox 330 365 474 403; x_wconf 85' lang='lat' dir='ltr'><strong>amissis</strong></span> <span class='ocrx_word' id='word_1_21' title='bbox 494 362 671 400; x_wconf 88' lang='lat' dir='ltr'><strong>trecentis</strong></span> <span class='ocrx_word' id='word_1_22' title='bbox 688 359 892 412; x_wconf 84' lang='lat' dir='ltr'><strong>peditibuS,</strong></span> <span class='ocrx_word' id='word_1_23' title='bbox 909 359 1043 408; x_wconf 87' lang='lat' dir='ltr'><strong>viginti</strong></span> <span class='ocrx_word' id='word_1_24' title='bbox 1064 364 1226 407; x_wconf 86' lang='lat' dir='ltr'><strong>quatuor</strong></span> <span class='ocrx_word' id='word_1_25' title='bbox 1238 337 1280 369; x_wconf 76' lang='grc' dir='ltr'><strong>Α·</strong></span> <span class='ocrx_word' id='word_1_26' title='bbox 1292 338 1328 369; x_wconf 78' lang='lat' dir='ltr'><strong>C·</strong></span> <span class='ocrx_word' id='word_1_27' title='bbox 1346 345 1416 375; x_wconf 82' lang='lat'>¹⁷¹&#39;</span> 
     </span>
     <span class='ocr_line' id='line_1_4' title="bbox 117 422 1224 483; baseline -0.01 -15"><span class='ocrx_word' id='word_1_28' title='bbox 117 430 343 483; x_wconf 86' lang='lat' dir='ltr'><strong>primoribus</strong></span> <span class='ocrx_word' id='word_1_29' title='bbox 363 429 531 478; x_wconf 87' lang='lat' dir='ltr'><strong>equitum</strong></span> <span class='ocrx_word' id='word_1_30' title='bbox 550 440 595 463; x_wconf 86' lang='lat' dir='ltr'><strong>ex</strong></span> <span class='ocrx_word' id='word_1_31' title='bbox 612 425 685 469; x_wconf 85' lang='lat' dir='ltr'><strong>ala,</strong></span> <span class='ocrx_word' id='word_1_32' title='bbox 702 437 812 475; x_wconf 88' lang='lat' dir='ltr'><strong>quam</strong></span> <span class='ocrx_word' id='word_1_33' title='bbox 829 436 972 460; x_wconf 83' lang='lat' dir='ltr'><strong>sacram</strong></span> <span class='ocrx_word' id='word_1_34' title='bbox 992 428 1144 464; x_wconf 88' lang='lat' dir='ltr'><strong>vocant,</strong></span> <span class='ocrx_word' id='word_1_35' title='bbox 1164 422 1224 458; x_wconf 77' lang='lat' dir='ltr'><strong>in-</strong></span> 
     </span>
    </p>

    <p class='ocr_par' dir='ltr' id='par_1_3' title="bbox 73 486 1236 2074">
     <span class='ocr_line' id='line_1_5' title="bbox 80 486 1221 544; baseline -0.01 -13"><span class='ocrx_word' id='word_1_36' title='bbox 80 525 82 527; x_wconf 79' lang='lat'>.</span> <span class='ocrx_word' id='word_1_37' title='bbox 115 501 174 531; x_wconf 86' lang='lat' dir='ltr'><strong>ter</strong></span> <span class='ocrx_word' id='word_1_38' title='bbox 202 505 294 544; x_wconf 89' lang='lat' dir='ltr'><strong>quos</strong></span> <span class='ocrx_word' id='word_1_39' title='bbox 325 491 573 529; x_wconf 83' lang='lat' dir='ltr'><strong>Antimachus</strong></span> <span class='ocrx_word' id='word_1_40' title='bbox 604 489 717 526; x_wconf 87' lang='lat' dir='ltr'><strong>etiam</strong></span> <span class='ocrx_word' id='word_1_41' title='bbox 746 488 944 538; x_wconf 85' lang='lat' dir='ltr'><strong>praefectus</strong></span> <span class='ocrx_word' id='word_1_42' title='bbox 975 486 1041 522; x_wconf 89' lang='lat' dir='ltr'><strong>alae</strong></span> <span class='ocrx_word' id='word_1_43' title='bbox 1072 486 1221 528; x_wconf 88' lang='lat' dir='ltr'><strong>cecidit,</strong></span> 
     </span>
     <span class='ocr_line' id='line_1_6' title="bbox 73 549 1221 602; baseline -0.009 -7"><span class='ocrx_word' id='word_1_44' title='bbox 73 582 77 585; x_wconf 90' lang='lat'><em>-</em></span> <span class='ocrx_word' id='word_1_45' title='bbox 114 557 218 595; x_wconf 81' lang='lat' dir='ltr'><strong>abire</strong></span> <span class='ocrx_word' id='word_1_46' title='bbox 249 563 448 594; x_wconf 86' lang='lat' dir='ltr'><strong>conantur.</strong></span> <span class='ocrx_word' id='word_1_47' title='bbox 506 555 683 591; x_wconf 86' lang='lat' dir='ltr'><strong>Ceterum</strong></span> <span class='ocrx_word' id='word_1_48' title='bbox 712 553 784 589; x_wconf 88' lang='lat' dir='ltr'><strong>iter</strong></span> <span class='ocrx_word' id='word_1_49' title='bbox 817 564 934 602; x_wconf 82' lang='lat' dir='ltr'><strong>prope</strong></span> <span class='ocrx_word' id='word_1_50' title='bbox 968 551 1051 601; x_wconf 89' lang='lat' dir='ltr'><strong>ipso</strong></span> <span class='ocrx_word' id='word_1_51' title='bbox 1084 549 1221 600; x_wconf 89' lang='lat' dir='ltr'><strong>proelio</strong></span> 
     </span>
     <span class='ocr_line' id='line_1_7' title="bbox 113 614 1220 666; baseline -0.007 -7"><span class='ocrx_word' id='word_1_52' title='bbox 113 621 382 658; x_wconf 84' lang='lat' dir='ltr'><strong>tumultuosius</strong></span> <span class='ocrx_word' id='word_1_53' title='bbox 402 620 486 657; x_wconf 84' lang='lat' dir='ltr'><strong>fuit.</strong></span> <span class='ocrx_word' id='word_1_54' title='bbox 532 618 719 661; x_wconf 81' lang='lat' dir='ltr'><strong>Phalanx,</strong></span> <span class='ocrx_word' id='word_1_55' title='bbox 740 617 806 653; x_wconf 86' lang='lat' dir='ltr'><strong>abs</strong></span> <span class='ocrx_word' id='word_1_56' title='bbox 826 616 973 666; x_wconf 87' lang='lat' dir='ltr'><strong>trepido</strong></span> <span class='ocrx_word' id='word_1_57' title='bbox 993 614 1134 651; x_wconf 90' lang='lat' dir='ltr'><strong>nuncio</strong></span> <span class='ocrx_word' id='word_1_58' title='bbox 1153 615 1220 651; x_wconf 87' lang='lat' dir='ltr'><strong>ad·</strong></span> 
     </span>
     <span class='ocr_line' id='line_1_8' title="bbox 112 678 1217 735; baseline -0.008 -13"><span class='ocrx_word' id='word_1_59' title='bbox 112 686 201 728; x_wconf 86' lang='lat' dir='ltr'><strong>cita,</strong></span> <span class='ocrx_word' id='word_1_60' title='bbox 237 698 351 735; x_wconf 87' lang='lat' dir='ltr'><strong>quum</strong></span> <span class='ocrx_word' id='word_1_61' title='bbox 384 685 521 735; x_wconf 87' lang='lat' dir='ltr'><strong>raptim</strong></span> <span class='ocrx_word' id='word_1_62' title='bbox 554 683 765 723; x_wconf 81' lang='lat' dir='ltr'><strong>duceretur,</strong></span> <span class='ocrx_word' id='word_1_63' title='bbox 799 680 921 730; x_wconf 82' lang='lat' dir='ltr'><strong>primo</strong></span> <span class='ocrx_word' id='word_1_64' title='bbox 958 679 997 715; x_wconf 88' lang='lat' dir='ltr'><strong>in</strong></span> <span class='ocrx_word' id='word_1_65' title='bbox 1034 678 1217 727; x_wconf 85' lang='lat' dir='ltr'><strong>angustiis</strong></span> 
     </span>
     <span class='ocr_line' id='line_1_9' title="bbox 111 742 1217 800; baseline -0.008 -13"><span class='ocrx_word' id='word_1_66' title='bbox 111 751 347 800; x_wconf 89' lang='lat' dir='ltr'><strong>captivorum</strong></span> <span class='ocrx_word' id='word_1_67' title='bbox 391 748 533 797; x_wconf 80' lang='lat' dir='ltr'><strong>agmini</strong></span> <span class='ocrx_word' id='word_1_68' title='bbox 568 746 699 783; x_wconf 88' lang='lat' dir='ltr'><strong>oblata</strong></span> <span class='ocrx_word' id='word_1_69' title='bbox 735 743 990 792; x_wconf 80' lang='lat' dir='ltr'><strong>vehiculisque</strong></span> <span class='ocrx_word' id='word_1_70' title='bbox 1025 742 1217 779; x_wconf 85' lang='lat' dir='ltr'><strong>frumento</strong></span> 
     </span>
     <span class='ocr_line' id='line_1_10' title="bbox 109 807 1216 859; baseline -0.008 -9"><span class='ocrx_word' id='word_1_71' title='bbox 109 815 279 850; x_wconf 79' lang='lat' dir='ltr'><strong>onustis:</strong></span> <span class='ocrx_word' id='word_1_72' title='bbox 312 814 356 849; x_wconf 83' lang='lat' dir='ltr'><strong>iis</strong></span> <span class='ocrx_word' id='word_1_73' title='bbox 385 813 503 855; x_wconf 83' lang='lat' dir='ltr'><strong>caesis,</strong></span> <span class='ocrx_word' id='word_1_74' title='bbox 523 812 658 859; x_wconf 85' lang='lat' dir='ltr'><strong>ingens</strong></span> <span class='ocrx_word' id='word_1_75' title='bbox 685 809 736 846; x_wconf 90' lang='lat' dir='ltr'><strong>ibi</strong></span> <span class='ocrx_word' id='word_1_76' title='bbox 756 809 908 845; x_wconf 84' lang='lat' dir='ltr'><strong>vexatio</strong></span> <span class='ocrx_word' id='word_1_77' title='bbox 933 807 1049 858; x_wconf 84' lang='lat' dir='ltr'><strong>partis</strong></span> <span class='ocrx_word' id='word_1_78' title='bbox 1078 807 1216 843; x_wconf 85' lang='lat' dir='ltr'><strong>utrius-</strong></span> 
     </span>
     <span class='ocr_line' id='line_1_11' title="bbox 108 871 1216 926; baseline -0.007 -12"><span class='ocrx_word' id='word_1_79' title='bbox 108 889 180 926; x_wconf 87' lang='lat' dir='ltr'><strong>que</strong></span> <span class='ocrx_word' id='word_1_80' title='bbox 209 877 294 918; x_wconf 86' lang='lat' dir='ltr'><strong>fuit,</strong></span> <span class='ocrx_word' id='word_1_81' title='bbox 315 876 420 912; x_wconf 90' lang='lat' dir='ltr'><strong>nullo</strong></span> <span class='ocrx_word' id='word_1_82' title='bbox 449 880 706 924; x_wconf 78' lang='lat' dir='ltr'><strong>exspectante,</strong></span> <span class='ocrx_word' id='word_1_83' title='bbox 735 879 936 922; x_wconf 86' lang='lat' dir='ltr'><strong>utcumque</strong></span> <span class='ocrx_word' id='word_1_84' title='bbox 965 871 1216 921; x_wconf 83' lang='lat' dir='ltr'><strong>explicaretur</strong></span> 
     </span>
     <span class='ocr_line' id='line_1_12' title="bbox 107 936 1214 990; baseline -0.007 -12"><span class='ocrx_word' id='word_1_85' title='bbox 107 954 258 990; x_wconf 82' lang='lat' dir='ltr'><strong>agmen,</strong></span> <span class='ocrx_word' id='word_1_86' title='bbox 276 941 339 977; x_wconf 88' lang='lat' dir='ltr'><strong>sed</strong></span> <span class='ocrx_word' id='word_1_87' title='bbox 358 939 511 976; x_wconf 84' lang='lat' dir='ltr'><strong>armatis</strong></span> <span class='ocrx_word' id='word_1_88' title='bbox 532 937 816 974; x_wconf 86' lang='lat' dir='ltr'><strong>detrudentibus</strong></span> <span class='ocrx_word' id='word_1_89' title='bbox 836 949 903 986; x_wconf 83' lang='lat' dir='ltr'><strong>per</strong></span> <span class='ocrx_word' id='word_1_90' title='bbox 922 948 1086 985; x_wconf 84' lang='lat' dir='ltr'><strong>praeceps</strong></span> <span class='ocrx_word' id='word_1_91' title='bbox 1107 936 1214 985; x_wconf 86' lang='lat' dir='ltr'><strong>inpe-</strong></span> 
     </span>
     <span class='ocr_line' id='line_1_13' title="bbox 106 997 1213 1052; baseline -0.007 -11"><span class='ocrx_word' id='word_1_92' title='bbox 106 1005 287 1047; x_wconf 81' lang='lat' dir='ltr'><strong>dimenta,</strong></span> <span class='ocrx_word' id='word_1_93' title='bbox 311 1006 449 1052; x_wconf 91' lang='lat' dir='ltr'><strong>(neque</strong></span> <span class='ocrx_word' id='word_1_94' title='bbox 469 1002 568 1038; x_wconf 90' lang='lat' dir='ltr'><strong>enim</strong></span> <span class='ocrx_word' id='word_1_95' title='bbox 589 1001 698 1037; x_wconf 90' lang='lat' dir='ltr'><strong>aliter</strong></span> <span class='ocrx_word' id='word_1_96' title='bbox 715 1000 776 1035; x_wconf 85' lang='lat' dir='ltr'><strong>via</strong></span> <span class='ocrx_word' id='word_1_97' title='bbox 803 1000 939 1049; x_wconf 86' lang='lat' dir='ltr'><strong>aperiri</strong></span> <span class='ocrx_word' id='word_1_98' title='bbox 965 999 1131 1048; x_wconf 82' lang='lat' dir='ltr'><strong>poterat)</strong></span> <span class='ocrx_word' id='word_1_99' title='bbox 1146 997 1213 1048; x_wconf 86' lang='lat' dir='ltr'><strong>ju-</strong></span> 
     </span>
     <span class='ocr_line' id='line_1_14' title="bbox 104 1061 1212 1115; baseline -0.005 -11"><span class='ocrx_word' id='word_1_100' title='bbox 104 1068 256 1110; x_wconf 87' lang='lat' dir='ltr'><strong>mentis,</strong></span> <span class='ocrx_word' id='word_1_101' title='bbox 277 1079 391 1115; x_wconf 86' lang='lat' dir='ltr'><strong>quum</strong></span> <span class='ocrx_word' id='word_1_102' title='bbox 421 1064 717 1107; x_wconf 80' lang='lat' dir='ltr'><strong>stimularentur,</strong></span> <span class='ocrx_word' id='word_1_103' title='bbox 748 1064 785 1098; x_wconf 90' lang='lat' dir='ltr'><strong>in</strong></span> <span class='ocrx_word' id='word_1_104' title='bbox 816 1062 930 1098; x_wconf 82' lang='lat' dir='ltr'><strong>turba</strong></span> <span class='ocrx_word' id='word_1_105' title='bbox 958 1061 1212 1098; x_wconf 76' lang='lat' dir='ltr'><strong>saevientibus.</strong></span> 
     </span>
     <span class='ocr_line' id='line_1_15' title="bbox 105 1125 1211 1176; baseline -0.006 -9"><span class='ocrx_word' id='word_1_106' title='bbox 105 1132 181 1167; x_wconf 88' lang='lat' dir='ltr'><strong>Vix</strong></span> <span class='ocrx_word' id='word_1_107' title='bbox 215 1130 261 1166; x_wconf 84' lang='lat' dir='ltr'><strong>ab</strong></span> <span class='ocrx_word' id='word_1_108' title='bbox 296 1129 490 1165; x_wconf 83' lang='lat' dir='ltr'><strong>incondito</strong></span> <span class='ocrx_word' id='word_1_109' title='bbox 523 1129 672 1176; x_wconf 86' lang='lat' dir='ltr'><strong>agmine</strong></span> <span class='ocrx_word' id='word_1_110' title='bbox 701 1127 936 1176; x_wconf 86' lang='lat' dir='ltr'><strong>captivorum</strong></span> <span class='ocrx_word' id='word_1_111' title='bbox 966 1125 1211 1175; x_wconf 85' lang='lat' dir='ltr'><strong>expedierant</strong></span> 
     </span>
     <span class='ocr_line' id='line_1_16' title="bbox 104 1188 1210 1243; baseline -0.005 -12"><span class='ocrx_word' id='word_1_112' title='bbox 104 1207 198 1236; x_wconf 86' lang='lat' dir='ltr'><strong>sese,</strong></span> <span class='ocrx_word' id='word_1_113' title='bbox 219 1207 332 1243; x_wconf 87' lang='lat' dir='ltr'><strong>quum</strong></span> <span class='ocrx_word' id='word_1_114' title='bbox 363 1194 468 1242; x_wconf 88' lang='lat' dir='ltr'><strong>regio</strong></span> <span class='ocrx_word' id='word_1_115' title='bbox 496 1192 637 1240; x_wconf 81' lang='lat' dir='ltr'><strong>agmini</strong></span> <span class='ocrx_word' id='word_1_116' title='bbox 664 1191 899 1241; x_wconf 85' lang='lat' dir='ltr'><strong>peculsisque</strong></span> <span class='ocrx_word' id='word_1_117' title='bbox 925 1189 1112 1238; x_wconf 77' lang='lat' dir='ltr'><strong>equitibus</strong></span> <span class='ocrx_word' id='word_1_118' title='bbox 1140 1188 1210 1225; x_wconf 49' lang='lat' dir='ltr'><strong>ob*—</strong></span> 
     </span>
     <span class='ocr_line' id='line_1_17' title="bbox 103 1251 1233 1304; baseline -0.003 -10"><span class='ocrx_word' id='word_1_119' title='bbox 103 1251 270 1294; x_wconf 85' lang='lat' dir='ltr'><strong>eurrunt.</strong></span> <span class='ocrx_word' id='word_1_120' title='bbox 327 1256 386 1292; x_wconf 82' lang='lat' dir='ltr'><strong>Ibi</strong></span> <span class='ocrx_word' id='word_1_121' title='bbox 412 1269 501 1292; x_wconf 83' lang='lat' dir='ltr'><strong>vero</strong></span> <span class='ocrx_word' id='word_1_122' title='bbox 528 1256 669 1292; x_wconf 86' lang='lat' dir='ltr'><strong>clamor</strong></span> <span class='ocrx_word' id='word_1_123' title='bbox 691 1254 909 1304; x_wconf 86' lang='lat' dir='ltr'><strong>jubentium</strong></span> <span class='ocrx_word' id='word_1_124' title='bbox 937 1253 1075 1289; x_wconf 81' lang='lat' dir='ltr'><strong>referre</strong></span> <span class='ocrx_word' id='word_1_125' title='bbox 1101 1254 1233 1302; x_wconf 18' lang='lat' dir='ltr'><strong>signa*</strong></span> 
     </span>
     <span class='ocr_line' id='line_1_18' title="bbox 102 1318 1206 1371; baseline -0.004 -13"><span class='ocrx_word' id='word_1_126' title='bbox 102 1323 219 1358; x_wconf 73' lang='lat' dir='ltr'><strong>ruinae</strong></span> <span class='ocrx_word' id='word_1_127' title='bbox 253 1334 401 1370; x_wconf 90' lang='lat' dir='ltr'><strong>quoque</strong></span> <span class='ocrx_word' id='word_1_128' title='bbox 434 1334 551 1371; x_wconf 81' lang='lat' dir='ltr'><strong>prope</strong></span> <span class='ocrx_word' id='word_1_129' title='bbox 581 1320 739 1356; x_wconf 85' lang='lat' dir='ltr'><strong>similem</strong></span> <span class='ocrx_word' id='word_1_130' title='bbox 771 1319 1062 1368; x_wconf 80' lang='lat' dir='ltr'><strong>trepidationem</strong></span> <span class='ocrx_word' id='word_1_131' title='bbox 1092 1318 1206 1354; x_wconf 69' lang='lat' dir='ltr'><strong>fecit-2</strong></span> 
     </span>
     <span class='ocr_line' id='line_1_19' title="bbox 103 1382 1233 1432; baseline -0.002 -10"><span class='ocrx_word' id='word_1_132' title='bbox 103 1393 158 1429; x_wconf 85' lang='lat' dir='ltr'><strong>ut,</strong></span> <span class='ocrx_word' id='word_1_133' title='bbox 180 1385 210 1421; x_wconf 84' lang='lat' dir='ltr'><strong>si</strong></span> <span class='ocrx_word' id='word_1_134' title='bbox 237 1385 382 1428; x_wconf 76' lang='lat' dir='ltr'><strong>hostes,</strong></span> <span class='ocrx_word' id='word_1_135' title='bbox 402 1385 559 1420; x_wconf 86' lang='lat' dir='ltr'><strong>introire</strong></span> <span class='ocrx_word' id='word_1_136' title='bbox 589 1384 782 1432; x_wconf 85' lang='lat' dir='ltr'><strong>angustias</strong></span> <span class='ocrx_word' id='word_1_137' title='bbox 813 1383 907 1425; x_wconf 83' lang='lat' dir='ltr'><strong>ausi,</strong></span> <span class='ocrx_word' id='word_1_138' title='bbox 928 1382 1077 1431; x_wconf 84' lang='lat' dir='ltr'><strong>longius</strong></span> <span class='ocrx_word' id='word_1_139' title='bbox 1108 1382 1207 1418; x_wconf 86' lang='lat' dir='ltr'><strong>inse-</strong></span> <span class='ocrx_word' id='word_1_140' title='bbox 1231 1418 1233 1420; x_wconf 90' lang='lat'>.</span> 
     </span>
     <span class='ocr_line' id='line_1_20' title="bbox 101 1445 1231 1497; baseline -0.005 -11"><span class='ocrx_word' id='word_1_141' title='bbox 101 1450 178 1487; x_wconf 89' lang='lat' dir='ltr'><strong>cuti</strong></span> <span class='ocrx_word' id='word_1_142' title='bbox 205 1454 342 1490; x_wconf 87' lang='lat' dir='ltr'><strong>essent,</strong></span> <span class='ocrx_word' id='word_1_143' title='bbox 364 1461 501 1497; x_wconf 83' lang='lat' dir='ltr'><strong>magna</strong></span> <span class='ocrx_word' id='word_1_144' title='bbox 525 1447 647 1483; x_wconf 84' lang='lat' dir='ltr'><strong>clades</strong></span> <span class='ocrx_word' id='word_1_145' title='bbox 663 1447 786 1496; x_wconf 73' lang='lat' dir='ltr'><strong>=accipi</strong></span> <span class='ocrx_word' id='word_1_146' title='bbox 810 1446 989 1496; x_wconf 88' lang='lat' dir='ltr'><strong>potuerit.</strong></span> <span class='ocrx_word' id='word_1_147' title='bbox 1047 1445 1204 1488; x_wconf 80' lang='lat' dir='ltr'><strong>Consul,</strong></span> <span class='ocrx_word' id='word_1_148' title='bbox 1229 1490 1231 1494; x_wconf 26' lang='grc' dir='ltr'>ι</span> 
     </span>
     <span class='ocr_line' id='line_1_21' title="bbox 99 1503 1204 1564; baseline -0.003 -14"><span class='ocrx_word' id='word_1_149' title='bbox 99 1521 251 1564; x_wconf 84' lang='lat' dir='ltr'><strong>recepto</strong></span> <span class='ocrx_word' id='word_1_150' title='bbox 270 1526 315 1549; x_wconf 89' lang='lat' dir='ltr'><strong>ex</strong></span> <span class='ocrx_word' id='word_1_151' title='bbox 334 1512 480 1548; x_wconf 87' lang='lat' dir='ltr'><strong>tumulo</strong></span> <span class='ocrx_word' id='word_1_152' title='bbox 503 1504 695 1563; x_wconf 72' lang='lat' dir='ltr'><strong>praesidio,</strong></span> <span class='ocrx_word' id='word_1_153' title='bbox 717 1503 917 1548; x_wconf 84' lang='lat' dir='ltr'><strong>contentus</strong></span> <span class='ocrx_word' id='word_1_154' title='bbox 945 1512 1093 1547; x_wconf 86' lang='lat' dir='ltr'><strong>modico</strong></span> <span class='ocrx_word' id='word_1_155' title='bbox 1120 1524 1204 1547; x_wconf 86' lang='lat' dir='ltr'><strong>suc-</strong></span> 
     </span>
     <span class='ocr_line' id='line_1_22' title="bbox 98 1575 1204 1626; baseline -0.002 -12"><span class='ocrx_word' id='word_1_156' title='bbox 98 1591 218 1620; x_wconf 84' lang='lat' dir='ltr'><strong>cessu,</strong></span> <span class='ocrx_word' id='word_1_157' title='bbox 245 1578 283 1612; x_wconf 89' lang='lat' dir='ltr'><strong>in</strong></span> <span class='ocrx_word' id='word_1_158' title='bbox 314 1584 435 1612; x_wconf 70' lang='lat' dir='ltr'><strong>castra</strong></span> <span class='ocrx_word' id='word_1_159' title='bbox 464 1577 590 1626; x_wconf 77' lang='lat' dir='ltr'><strong>copias</strong></span> <span class='ocrx_word' id='word_1_160' title='bbox 621 1576 780 1613; x_wconf 86' lang='lat' dir='ltr'><strong>reduxit.</strong></span> <span class='ocrx_word' id='word_1_161' title='bbox 839 1576 949 1618; x_wconf 81' lang='lat' dir='ltr'><strong>Sunt,</strong></span> <span class='ocrx_word' id='word_1_162' title='bbox 976 1576 1039 1624; x_wconf 90' lang='lat' dir='ltr'><strong>qui</strong></span> <span class='ocrx_word' id='word_1_163' title='bbox 1060 1587 1115 1611; x_wconf 91' lang='lat' dir='ltr'><strong>·eo</strong></span> <span class='ocrx_word' id='word_1_164' title='bbox 1144 1575 1204 1612; x_wconf 90' lang='lat' dir='ltr'><strong>die</strong></span> 
     </span>
     <span class='ocr_line' id='line_1_23' title="bbox 100 1640 1236 1690; baseline -0.003 -12"><span class='ocrx_word' id='word_1_165' title='bbox 100 1654 239 1690; x_wconf 86' lang='lat' dir='ltr'><strong>magno</strong></span> <span class='ocrx_word' id='word_1_166' title='bbox 258 1640 397 1690; x_wconf 84' lang='lat' dir='ltr'><strong>proelio</strong></span> <span class='ocrx_word' id='word_1_167' title='bbox 414 1646 622 1690; x_wconf 83' lang='lat' dir='ltr'><strong>pugnatum</strong></span> <span class='ocrx_word' id='word_1_168' title='bbox 644 1647 815 1677; x_wconf 86' lang='lat' dir='ltr'><strong>auctores</strong></span> <span class='ocrx_word' id='word_1_169' title='bbox 844 1641 942 1676; x_wconf 89' lang='lat' dir='ltr'><strong>sint:</strong></span> <span class='ocrx_word' id='word_1_170' title='bbox 975 1647 1063 1676; x_wconf 82' lang='lat' dir='ltr'><strong>octo</strong></span> <span class='ocrx_word' id='word_1_171' title='bbox 1085 1640 1203 1676; x_wconf 82' lang='lat' dir='ltr'><strong>millia</strong></span> <span class='ocrx_word' id='word_1_172' title='bbox 1230 1684 1236 1688; x_wconf 20' lang='grc' dir='ltr'><em>ζ</em></span> 
     </span>
     <span class='ocr_line' id='line_1_24' title="bbox 97 1705 1200 1754; baseline -0.003 -11"><span class='ocrx_word' id='word_1_173' title='bbox 97 1707 262 1743; x_wconf 87' lang='lat' dir='ltr'><strong>hostium</strong></span> <span class='ocrx_word' id='word_1_174' title='bbox 280 1717 388 1747; x_wconf 79' lang='lat' dir='ltr'><strong>caesa,</strong></span> <span class='ocrx_word' id='word_1_175' title='bbox 406 1705 445 1740; x_wconf 88' lang='lat' dir='ltr'><strong>in</strong></span> <span class='ocrx_word' id='word_1_176' title='bbox 459 1705 517 1740; x_wconf 89' lang='lat' dir='ltr'><strong>his</strong></span> <span class='ocrx_word' id='word_1_177' title='bbox 534 1705 736 1754; x_wconf 85' lang='lat' dir='ltr'><strong>Sopatrum</strong></span> <span class='ocrx_word' id='word_1_178' title='bbox 757 1711 794 1742; x_wconf 87' lang='lat' dir='ltr'><strong>et</strong></span> <span class='ocrx_word' id='word_1_179' title='bbox 811 1705 1057 1754; x_wconf 83' lang='lat' dir='ltr'><strong>Antipatrum</strong></span> <span class='ocrx_word' id='word_1_180' title='bbox 1074 1705 1200 1753; x_wconf 82' lang='lat' dir='ltr'><strong>regios</strong></span> 
     </span>
     <span class='ocr_line' id='line_1_25' title="bbox 98 1769 1199 1820; baseline -0.003 -12"><span class='ocrx_word' id='word_1_181' title='bbox 98 1773 209 1809; x_wconf 84' lang='lat' dir='ltr'><strong>duces</strong></span> <span class='ocrx_word' id='word_1_182' title='bbox 226 1786 233 1807; x_wconf 95' lang='lat'>:</span> <span class='ocrx_word' id='word_1_183' title='bbox 264 1769 368 1806; x_wconf 62' lang='lat' dir='ltr'><strong>vivos</strong></span> <span class='ocrx_word' id='word_1_184' title='bbox 396 1777 526 1820; x_wconf 87' lang='lat' dir='ltr'><strong>captos</strong></span> <span class='ocrx_word' id='word_1_185' title='bbox 547 1770 695 1806; x_wconf 87' lang='lat' dir='ltr'><strong>circiter</strong></span> <span class='ocrx_word' id='word_1_186' title='bbox 714 1770 789 1806; x_wconf 92' lang='lat' dir='ltr'><strong>duo</strong></span> <span class='ocrx_word' id='word_1_187' title='bbox 807 1769 924 1806; x_wconf 86' lang='lat' dir='ltr'><strong>millia</strong></span> <span class='ocrx_word' id='word_1_188' title='bbox 943 1770 1199 1818; x_wconf 84' lang='lat' dir='ltr'><strong>octingentos,</strong></span> 
     </span>
     <span class='ocr_line' id='line_1_26' title="bbox 98 1834 1200 1885; baseline -0.002 -13"><span class='ocrx_word' id='word_1_189' title='bbox 98 1836 204 1885; x_wconf 81' lang='lat' dir='ltr'><strong>signa</strong></span> <span class='ocrx_word' id='word_1_190' title='bbox 224 1834 401 1871; x_wconf 84' lang='lat' dir='ltr'><strong>militaria</strong></span> <span class='ocrx_word' id='word_1_191' title='bbox 420 1841 530 1884; x_wconf 85' lang='lat' dir='ltr'><strong>capta</strong></span> <span class='ocrx_word' id='word_1_192' title='bbox 548 1835 681 1883; x_wconf 86' lang='lat' dir='ltr'><strong>viginti</strong></span> <span class='ocrx_word' id='word_1_193' title='bbox 703 1841 857 1883; x_wconf 82' lang='lat' dir='ltr'><strong>septem.</strong></span> <span class='ocrx_word' id='word_1_194' title='bbox 913 1834 997 1870; x_wconf 90' lang='lat' dir='ltr'><strong>Nec</strong></span> <span class='ocrx_word' id='word_1_195' title='bbox 1024 1834 1200 1870; x_wconf 80' lang='lat' dir='ltr'><strong>incruen-</strong></span> 
     </span>
     <span class='ocr_line' id='line_1_27' title="bbox 98 1897 1198 1948; baseline -0.001 -12"><span class='ocrx_word' id='word_1_196' title='bbox 98 1906 175 1936; x_wconf 83' lang='lat' dir='ltr'><strong>tam</strong></span> <span class='ocrx_word' id='word_1_197' title='bbox 194 1899 391 1935; x_wconf 89' lang='lat' dir='ltr'><strong>victoriam</strong></span> <span class='ocrx_word' id='word_1_198' title='bbox 409 1897 547 1934; x_wconf 87' lang='lat' dir='ltr'><strong>fuisse:</strong></span> <span class='ocrx_word' id='word_1_199' title='bbox 580 1911 693 1948; x_wconf 87' lang='lat' dir='ltr'><strong>supra</strong></span> <span class='ocrx_word' id='word_1_200' title='bbox 721 1906 884 1948; x_wconf 84' lang='lat' dir='ltr'><strong>quatuor</strong></span> <span class='ocrx_word' id='word_1_201' title='bbox 911 1898 1029 1934; x_wconf 85' lang='lat' dir='ltr'><strong>millia</strong></span> <span class='ocrx_word' id='word_1_202' title='bbox 1058 1905 1095 1934; x_wconf 89' lang='lat' dir='ltr'><strong>et</strong></span> <span class='ocrx_word' id='word_1_203' title='bbox 1123 1906 1198 1935; x_wconf 85' lang='lat' dir='ltr'><strong>tre-</strong></span> 
     </span>
     <span class='ocr_line' id='line_1_28' title="bbox 96 1962 1198 2011; baseline 0.001 -12"><span class='ocrx_word' id='word_1_204' title='bbox 96 1969 224 1999; x_wconf 81' lang='lat' dir='ltr'><strong>centos</strong></span> <span class='ocrx_word' id='word_1_205' title='bbox 244 1962 289 1998; x_wconf 88' lang='lat' dir='ltr'><strong>de</strong></span> <span class='ocrx_word' id='word_1_206' title='bbox 309 1963 475 1999; x_wconf 84' lang='lat' dir='ltr'><strong>exercitu</strong></span> <span class='ocrx_word' id='word_1_207' title='bbox 495 1962 658 1999; x_wconf 86' lang='lat' dir='ltr'><strong>consulis</strong></span> <span class='ocrx_word' id='word_1_208' title='bbox 679 1963 854 1999; x_wconf 84' lang='lat' dir='ltr'><strong>cecidisse</strong></span> <span class='ocrx_word' id='word_1_209' title='bbox 872 1978 879 1998; x_wconf 89' lang='lat'>:</span> <span class='ocrx_word' id='word_1_210' title='bbox 913 1963 1019 2011; x_wconf 86' lang='lat' dir='ltr'><strong>signa</strong></span> <span class='ocrx_word' id='word_1_211' title='bbox 1039 1963 1198 2000; x_wconf 78' lang='lat' dir='ltr'><strong>sinistrae</strong></span> 
     </span>
     <span class='ocr_line' id='line_1_29' title="bbox 97 2025 515 2074; baseline -0.005 -12"><span class='ocrx_word' id='word_1_212' title='bbox 97 2026 164 2062; x_wconf 85' lang='lat' dir='ltr'><strong>alae</strong></span> <span class='ocrx_word' id='word_1_213' title='bbox 184 2027 351 2074; x_wconf 80' lang='lat' dir='ltr'><strong>quinque</strong></span> <span class='ocrx_word' id='word_1_214' title='bbox 368 2025 515 2061; x_wconf 76' lang='lat' dir='ltr'><strong>amissa.</strong></span> 
     </span>
    </p>

    <p class='ocr_par' dir='ltr' id='par_1_4' title="bbox 93 2088 1412 2330">
     <span class='ocr_line' id='line_1_30' title="bbox 148 2088 1223 2132; baseline 0.002 -8"><span class='ocrx_word' id='word_1_215' title='bbox 148 2089 316 2125; x_wconf 74' lang='lat' dir='ltr'>LXVIL</span> <span class='ocrx_word' id='word_1_216' title='bbox 345 2088 422 2125; x_wconf 90' lang='lat' dir='ltr'><strong>Hic</strong></span> <span class='ocrx_word' id='word_1_217' title='bbox 447 2089 524 2125; x_wconf 89' lang='lat' dir='ltr'><strong>dies</strong></span> <span class='ocrx_word' id='word_1_218' title='bbox 551 2095 588 2125; x_wconf 85' lang='lat' dir='ltr'><strong>et</strong></span> <span class='ocrx_word' id='word_1_219' title='bbox 614 2089 802 2126; x_wconf 85' lang='lat' dir='ltr'><strong>Romanis</strong></span> <span class='ocrx_word' id='word_1_220' title='bbox 826 2089 963 2125; x_wconf 85' lang='lat' dir='ltr'><strong>refecit-</strong></span> <span class='ocrx_word' id='word_1_221' title='bbox 979 2089 1140 2132; x_wconf 85' lang='lat' dir='ltr'><strong>animos,</strong></span> <span class='ocrx_word' id='word_1_222' title='bbox 1161 2097 1199 2126; x_wconf 85' lang='lat' dir='ltr'><strong>et</strong></span> <span class='ocrx_word' id='word_1_223' title='bbox 1216 2114 1223 2119; x_wconf 60' lang='grc'>«</span> 
     </span>
     <span class='ocr_line' id='line_1_31' title="bbox 95 2152 1198 2204; baseline 0.003 -17"><span class='ocrx_word' id='word_1_224' title='bbox 95 2152 232 2188; x_wconf 81' lang='lat' dir='ltr'><strong>Persea</strong></span> <span class='ocrx_word' id='word_1_225' title='bbox 250 2153 422 2201; x_wconf 85' lang='lat' dir='ltr'><strong>perculit,</strong></span> <span class='ocrx_word' id='word_1_226' title='bbox 444 2158 498 2196; x_wconf 88' lang='lat' dir='ltr'><strong>ut,</strong></span> <span class='ocrx_word' id='word_1_227' title='bbox 519 2154 597 2189; x_wconf 89' lang='lat' dir='ltr'><strong>dies</strong></span> <span class='ocrx_word' id='word_1_228' title='bbox 617 2167 757 2204; x_wconf 88' lang='lat' dir='ltr'><strong>paucos</strong></span> <span class='ocrx_word' id='word_1_229' title='bbox 785 2154 830 2190; x_wconf 87' lang='lat' dir='ltr'><strong>ad</strong></span> <span class='ocrx_word' id='word_1_230' title='bbox 853 2153 1048 2203; x_wconf 78' lang='lat' dir='ltr'><strong>Mopsium</strong></span> <span class='ocrx_word' id='word_1_231' title='bbox 1074 2167 1198 2191; x_wconf 87' lang='lat' dir='ltr'><strong>mora-</strong></span> 
     </span>
     <span class='ocr_line' id='line_1_32' title="bbox 95 2215 1197 2264; baseline 0.003 -13"><span class='ocrx_word' id='word_1_232' title='bbox 95 2222 169 2258; x_wconf 80' lang='lat' dir='ltr'><strong>tus,</strong></span> <span class='ocrx_word' id='word_1_233' title='bbox 206 2215 404 2264; x_wconf 75' lang='lat' dir='ltr'><strong>sepulturae</strong></span> <span class='ocrx_word' id='word_1_234' title='bbox 437 2218 599 2254; x_wconf 86' lang='lat' dir='ltr'><strong>maxime</strong></span> <span class='ocrx_word' id='word_1_235' title='bbox 635 2218 795 2254; x_wconf 87' lang='lat' dir='ltr'><strong>militum</strong></span> <span class='ocrx_word' id='word_1_236' title='bbox 834 2218 1056 2254; x_wconf 82' lang='lat' dir='ltr'><strong>amissorum</strong></span> <span class='ocrx_word' id='word_1_237' title='bbox 1093 2232 1197 2264; x_wconf 84' lang='lat' dir='ltr'><strong>cura,</strong></span> 
     </span>
     <span class='ocr_line' id='line_1_33' title="bbox 93 2279 1412 2330; baseline 0.004 -16"><span class='ocrx_word' id='word_1_238' title='bbox 93 2279 270 2330; x_wconf 80' lang='lat' dir='ltr'><strong>praesidio</strong></span> <span class='ocrx_word' id='word_1_239' title='bbox 296 2281 386 2316; x_wconf 81' lang='lat' dir='ltr'><strong>satis</strong></span> <span class='ocrx_word' id='word_1_240' title='bbox 405 2281 529 2317; x_wconf 70' lang='lat' dir='ltr'><strong>valido</strong></span> <span class='ocrx_word' id='word_1_241' title='bbox 554 2282 602 2319; x_wconf 82' lang='lat' dir='ltr'><strong>ad</strong></span> <span class='ocrx_word' id='word_1_242' title='bbox 627 2282 808 2319; x_wconf 90' lang='lat' dir='ltr'><strong>Gonnum</strong></span> <span class='ocrx_word' id='word_1_243' title='bbox 833 2282 981 2325; x_wconf 87' lang='lat' dir='ltr'><strong>relicto,</strong></span> <span class='ocrx_word' id='word_1_244' title='bbox 1001 2283 1040 2318; x_wconf 90' lang='lat' dir='ltr'><strong>in</strong></span> <span class='ocrx_word' id='word_1_245' title='bbox 1063 2282 1195 2320; x_wconf 89' lang='lat' dir='ltr'><strong>Mace·</strong></span> <span class='ocrx_word' id='word_1_246' title='bbox 1210 2287 1247 2317; x_wconf 87' lang='lat' dir='ltr'><strong>In</strong></span> <span class='ocrx_word' id='word_1_247' title='bbox 1262 2287 1412 2319; x_wconf 70' lang='lat' dir='ltr'><strong>Macedo-</strong></span> 
     </span>
    </p>
   </div>
   <div class='ocr_carea' id='block_1_3' title="bbox 94 2332 1402 2395">
    <p class='ocr_par' dir='ltr' id='par_1_5' title="bbox 94 2332 1402 2395">
     <span class='ocr_line' id='line_1_34' title="bbox 94 2332 1402 2395; baseline 0.002 -16"><span class='ocrx_word' id='word_1_248' title='bbox 94 2344 247 2380; x_wconf 84' lang='lat' dir='ltr'><strong>doniam</strong></span> <span class='ocrx_word' id='word_1_249' title='bbox 264 2343 448 2393; x_wconf 85' lang='lat' dir='ltr'><strong>reciperet</strong></span> <span class='ocrx_word' id='word_1_250' title='bbox 463 2346 606 2395; x_wconf 82' lang='lat' dir='ltr'><strong>copias.</strong></span> <span class='ocrx_word' id='word_1_251' title='bbox 662 2345 907 2382; x_wconf 84' lang='lat' dir='ltr'><strong>Timotheum</strong></span> <span class='ocrx_word' id='word_1_252' title='bbox 934 2347 1130 2395; x_wconf 78' lang='lat' dir='ltr'><strong>quemdam</strong></span> <span class='ocrx_word' id='word_1_253' title='bbox 1151 2361 1197 2385; x_wconf 80' lang='lat' dir='ltr'><strong>ex</strong></span> <span class='ocrx_word' id='word_1_254' title='bbox 1209 2332 1298 2363; x_wconf 81' lang='lat' dir='ltr'><strong>niam</strong></span> <span class='ocrx_word' id='word_1_255' title='bbox 1315 2333 1402 2363; x_wconf 75' lang='lat' dir='ltr'><strong>redit.</strong></span> 
     </span>
    </p>
   </div>
  </div>
 </body>
</html>
