1546 2648
365 166 452 221 364
490 156 494 162 ⁵
820 177 867 205 Τ.
889 177 1020 206 mvn

173 272 216 304 U.
228 271 265 304 C.
280 271 354 304 ⁵81.
365 267 469 303 victis
479 265 660 308 accidunt,
673 266 777 314 pati:
795 278 945 314 quorum
959 278 1080 303 casum
1094 278 1204 314 quum
1216 278 1280 315 ego
1293 268 1472 311 subierim,

175 315 263 347 A·C·
281 321 352 352 ¹⁷¹·
367 331 430 380 qui
455 341 534 366 sum
557 330 667 366 armis
695 330 890 373 lacessitus,
910 331 998 379 quid
1020 334 1139 378 potest
1167 332 1269 379 queri
1291 330 1357 367 sibi
1380 334 1476 369 acci-

367 394 472 437 disse,
493 394 555 442 qui
572 404 696 429 caussa
713 393 796 430 belli
804 392 888 442 fuit
900 394 920 429 ,9
954 393 1037 429 Νοη
1054 405 1133 430 sum
1151 394 1272 430 eodem
1290 395 1395 431 modo
1414 396 1475 432 de-

355 456 544 508 fensurus,
574 456 744 500 Romani,
777 458 871 504 quod
901 457 1070 506 Dolopas
1101 458 1211 493 armis
1239 458 1477 495 cobrcuerim:

366 523 465 571 quia,
485 523 551 558 etsi
566 533 635 557 non
652 522 781 557 merito
799 533 934 564 eorum,
945 519 1030 567 jure
1045 521 1125 570 feci
1150 533 1251 566 meo;
1283 534 1389 571 quum
1407 523 1479 559 mei

366 588 482 634 regni,
502 598 589 622 meae
617 586 764 621 ditionis
788 591 912 628 essent,
932 590 1047 621 vestro
1073 587 1212 622 decreto
1234 588 1338 634 patri
1361 588 1479 623 adtri-

366 651 443 687 buti
459 662 548 687 meo.
605 649 695 691 Nec,
713 650 746 685 si
771 661 896 685 caussa
912 650 1092 685 reddenda
1115 651 1175 692 sit,
1194 662 1266 685 non
1287 650 1394 693 vobis,
1413 663 1478 688 nec

355 714 562 764 soederatis,
581 714 644 750 sed
669 713 725 756 iis,
746 715 807 762 qui
833 725 878 749 ne
904 714 942 749 in
964 725 1080 750 servos
1104 715 1247 762 quidem
1262 726 1356 750 soeva
1373 719 1479 764 atque

366 777 503 825 injusta
529 778 683 826 imperia
704 777 874 827 probant,
890 777 976 825 plus
999 789 1099 825 aequo
1122 781 1158 813 et
1182 777 1268 813 bono
1291 779 1426 814 saeoisse
1443 780 1481 815 in

367 852 425 879 eos
442 842 558 878 videri
571 853 715 889 possum
728 857 740 878 .-
768 842 900 889 quippe
923 840 1210 889 Euphranorem,
1227 838 1438 890 praefectum
1455 855 1480 878 a

367 918 425 943 me
452 907 660 954 inpositum,
680 907 736 943 ita
762 905 980 949 occiderunt,
1004 909 1045 941 ut
1072 916 1167 941 mors
1191 917 1380 954 poenarum
1405 904 1481 953 ejus

369 971 545 1008 levissima
552 969 685 1019 fuerit.

365 1070 380 1080 ,
412 1034 546 1071 XLII.
566 1036 630 1078 At,
649 1047 757 1084 quum
767 1035 1008 1083 processissem
1022 1036 1105 1071 inde
1120 1036 1169 1071 ad
1182 1035 1341 1071 visendas
1355 1034 1479 1072 Laris-

367 1110 459 1142 sam,
480 1103 516 1135 et
533 1099 715 1141 Antrona,
735 1102 771 1134 et
791 1098 956 1145 Python,
978 1111 1046 1147 quo
1075 1100 1111 1134 in
1137 1099 1340 1146 propinquo
1367 1099 1482 1135 multo

370 1168 455 1200 ante
490 1163 611 1200 debita
644 1167 729 1199 vota
759 1163 1010 1211 persolverem,
1049 1162 1213 1210 Delphos
1255 1162 1482 1212 sacrificandi

369 1239 495 1265 caussa
512 1228 692 1264 adscendi.
737 1227 788 1263 Et
806 1226 876 1269 hic,
897 1228 1054 1263 criminis
1072 1227 1227 1274 augendi
1245 1238 1382 1270 caussa,
1402 1238 1484 1263 cum

367 1294 524 1329 exercitu
551 1304 606 1329 me
624 1291 744 1341 fuisse
771 1290 954 1337 adjicitur.
1011 1291 1171 1333 Scilicet,
1192 1296 1246 1334 ut,
1270 1292 1364 1339 quod
1390 1302 1483 1327 nunc

366 1367 429 1394 vos
444 1355 576 1405 facere
600 1368 741 1405 queror,
761 1356 860 1392 urbes
878 1367 1103 1403 occuparem,
1125 1354 1264 1391 arcibus
1281 1356 1484 1403 inponerem

365 1421 552 1469 praesidia.
613 1420 744 1456 Vocate
771 1421 809 1455 in
838 1419 1026 1455 concilium
1056 1419 1202 1454 Gra’ciae
1227 1419 1400 1462 civitates,
1417 1430 1484 1467 per

371 1496 460 1533 quas
483 1486 553 1521 iter
569 1483 674 1533 seci‚·
703 1489 877 1533 queratur
902 1483 1137 1531 unusquilibet
1161 1483 1286 1518 militis
1303 1484 1373 1519 mei
1390 1481 1484 1529 inju-

370 1549 490 1592 riam‚·
532 1561 603 1585 non
630 1549 810 1591 recusabo,
841 1550 939 1597 quin,
968 1547 1136 1583 simulato
1167 1547 1353 1596 sacrificio,
1383 1547 1486 1584 aliud

368 1614 498 1661 petisse
520 1614 655 1649 videar.
712 1613 851 1650 AEtolis
869 1617 905 1649 et
923 1613 1110 1660 Byzantiis
1125 1613 1295 1660 pra’siclia
1312 1613 1483 1656 misimus,

371 1680 408 1712 et
426 1688 506 1713 cum
526 1677 658 1713 Boeotis
674 1678 872 1713 amicitiam
879 1675 1051 1725 fecimus.
1094 1676 1196 1718 Haec,
1213 1676 1486 1724 qualiacumque

371 1745 467 1782 sunt,
486 1753 552 1788 per
571 1742 707 1789 legatos
733 1753 828 1777 meos
854 1752 927 1777 non
952 1742 1067 1777 solum
1093 1741 1266 1782 indicata,
1285 1741 1349 1776 sed
1375 1742 1484 1776 etiam
1528 1760 1529 1763 =

373 1811 540 1842 excusata
566 1811 650 1842 sunt
675 1817 767 1854 saepe
793 1807 830 1841 in
857 1810 984 1843 senatu
1011 1809 1126 1843 vestro
1139 1821 1151 1842 .·
1179 1805 1240 1842 ubi
1262 1805 1402 1854 aliquos
1422 1817 1487 1854 ego

374 1870 639 1918 disceptatores,
660 1882 732 1906 non
757 1874 832 1906 tam
857 1881 986 1917 (equos,
1007 1881 1114 1916 quam
1133 1875 1179 1912 te,
1203 1869 1246 1911 Q.
1263 1869 1398 1912 Marci,
1415 1882 1486 1917 pa·
1513 1890 1516 1903 ·
1540 1870 1544 1909 γ’

374 1938 515 1970 ternum
542 1936 697 1970 amicum
723 1939 759 1970 et
787 1934 974 1982 hospitem,
995 1933 1174 1970 habebam.
1231 1932 1304 1969 Sed
1328 1935 1488 1971 nondum
1536 1948 1544 1969 ι

374 1997 530 2034 Romam
549 2002 734 2034 accusator
752 1997 930 2034 Eumenes
947 2002 1117 2042 venerat‚·
1145 2000 1208 2046 qui
1231 1999 1486 2037 calumniando
1532 1992 1543 2046 4

374 2063 496 2098 omnia
523 2062 832 2110 detorquendoque
857 2067 1017 2111 suspecta
1049 2067 1083 2099 et
1115 2064 1228 2099 invisa
1259 2062 1424 2111 efficeret,
1453 2069 1488 2101 et
1539 2087 1543 2104 a

369 2125 590 2173 persuadere
624 2125 718 2162 vobis
752 2131 955 2168 conaretur,
993 2137 1063 2162 non
1098 2137 1198 2173 posse
1239 2126 1417 2165 Graeciam
1447 2128 1485 2163 in

375 2188 540 2225 libertate
570 2200 652 2231 esse,
684 2194 719 2225 et
749 2193 863 2226 vestro
896 2201 1040 2227 munere
1057 2189 1157 2239 frui,
1187 2190 1308 2238 quoad
1336 2176 1521 2239 regnum}

374 2252 597 2290 Macedoniae
629 2254 803 2290 incolume
829 2259 927 2292 esset.
986 2254 1259 2302 circumagetur
1286 2253 1343 2291 hic
1367 2254 1485 2293 orbis:
1504 2242 1516 2296 ζ’

375 2317 443 2355 erit
473 2329 567 2361 mox,
601 2319 663 2366 qui
695 2323 840 2366 arguat,
872 2319 1112 2368 nequidquam
1140 2317 1359 2357 Antiochum
1384 2318 1504 2375 ultra.

1498 2414 1502 2489 Ι
