1546 2648
324 151 408 194 160
486 178 490 184 -
771 161 818 192 Τ.
843 163 977 194 mvn

127 263 171 295 U,
186 265 221 296 c,
236 269 308 297 555.
321 254 442 296 cibus,
463 251 565 303 quod
580 251 818 303 disciplinam
833 254 1048 299 militarem,
1069 265 1196 292 severe
1216 255 1263 294 ab
1277 268 1322 297 eo
1341 270 1434 296 con-

124 309 220 340 Am.
236 313 521 360 18⁷·se1·vatam‚
542 329 736 354 successor
764 319 844 368 ipse
863 320 966 355 omni
987 331 1124 368 genere
1152 320 1316 358 licentiae
1341 334 1433 358 con-

319 387 484 432 ruperat.
540 380 676 430 Neque
693 393 736 417 ea
756 381 837 418 sola
856 382 1023 419 infamiae
1043 390 1165 427 erant,
1183 397 1264 433 quae
1285 385 1324 421 in
1343 397 1433 435 pro-

318 448 444 484 vincia
471 446 603 497 procul
632 447 679 484 ab
709 447 827 483 oculis
856 447 960 484 facta
991 449 1265 486 narrabantur:
1299 451 1363 488 sed
1389 463 1434 488 ea

320 514 435 550 etiam
455 513 588 562 magis,
609 525 692 562 quae
712 514 752 549 in
776 513 959 550 militibus
981 513 1060 564 ejus
1080 516 1255 564 quotidie
1281 517 1434 567 conspi-

125 572 236 623 PUXUS
320 576 530 614 ciebantur.
586 575 767 612 Luxuriae
787 578 886 612 enim
904 579 1113 627 peregrinae
1127 579 1236 628 origo
1256 579 1303 616 ab
1324 593 1434 617 exer-

123 617 282 690 3231}ng
318 641 399 679 citu
416 641 589 677 Asiatico
608 640 758 676 invecta
773 641 810 676 in
834 640 963 677 urbem
983 648 1062 677 est:
1095 642 1121 677 ii
1136 644 1299 692 primum
1313 642 1433 680 lectos

126 709 247 735 vectus.
317 711 470 748 aeratos,
483 710 623 741 vestem
642 704 848 753 stragulam
865 706 1086 754 pretiosam,
1104 705 1290 755 plagulas,
1307 714 1345 743 et
1359 707 1435 744 alia

317 768 481 812 textilia,
509 774 560 809 et,
582 780 664 816 quae
691 775 773 804 tum
799 769 1010 817 magnificae
1041 769 1284 819 supellectilis
1313 771 1433 808 habe·

315 831 470 874 bantur,
492 831 725 880 monopodia
753 837 791 867 et
819 831 957 868 abacos
977 832 1145 869 Romam
1173 834 1429 872 advexerunt:

314 902 407 932 tunc
434 895 598 946 psaltriae
626 895 986 945 sambucistriaeque,
1009 903 1046 933 et
1073 897 1283 934 convivalia
1307 897 1432 936 ludio-

314 973 407 997 num
422 959 702 996 oblectamenta
717 960 843 996 addita
857 960 975 1010 epulis
990 976 998 996 :
1033 960 1151 1011 epulae
1167 974 1317 1011 quoque
1335 963 1427 1013 ipsae

314 1030 355 1061 et
373 1037 463 1061 cura
482 1030 519 1060 et
548 1031 673 1060 sumtu
695 1024 838 1074 majore
868 1024 1041 1074 adparari
1071 1032 1229 1076 coeptae:
1262 1033 1343 1063 tum
1363 1040 1429 1064 co·

315 1101 425 1138 quus,
446 1088 666 1124 vilissimum
687 1089 850 1137 antiquis
872 1090 1102 1138 mancipium
1123 1095 1161 1125 et
1177 1091 1430 1128 aestimatione

310 1159 353 1188 et
372 1165 455 1194 usu,
477 1152 515 1187 in
535 1152 657 1201 pretio
681 1164 784 1196 esse3
819 1158 870 1194 et,
892 1153 993 1200 quod
1018 1153 1270 1190 ministerium
1289 1153 1428 1198 fuerat,

313 1228 373 1252 ars
393 1214 525 1252 haberi
552 1221 700 1265 coepta:
735 1216 796 1252 vix
814 1221 944 1252 tamen
963 1216 1042 1259 illa,
1064 1229 1147 1266 quae
1175 1224 1258 1254 tum
1277 1219 1430 1270 conspi-

308 1280 525 1323 ciebantur,
546 1281 691 1315 semina
709 1286 817 1316 erant
831 1280 967 1316 futurae
988 1280 1158 1319 luxuriae.

364 1344 454 1381 VII.
486 1343 532 1380 In
562 1344 754 1394 triumpho
774 1343 862 1380 tulit
888 1344 956 1381 Cn.
977 1345 1146 1381 Manlius
1176 1358 1336 1397 coronas
1358 1359 1425 1383 au-

309 1421 408 1454 reaS,
429 1409 607 1447 ducentas
629 1408 827 1445 duodecim
852 1409 1005 1459 pondo:
1037 1411 1185 1458 argenti
1215 1411 1342 1460 pondo
1359 1411 1428 1451 du-

308 1480 422 1510 centa
440 1473 573 1521 viginti
600 1472 740 1510 millia:
774 1474 857 1508 auri
886 1473 1015 1523 pondo
1036 1473 1109 1509 duo
1136 1473 1254 1510 millia
1274 1480 1425 1512 centum

307 1546 385 1575 tres
403 1554 410 1574 ;
435 1536 756 1575 tetradrachmam
770 1537 946 1574 Atticum
963 1545 1116 1575 centum
1131 1539 1266 1589 viginti
1281 1545 1426 1591 septem

305 1602 449 1640 millia:
483 1601 744 1652 cistophorum
765 1601 926 1638 ducenta
944 1603 1243 1652 quinquaginta:
1276 1603 1421 1655 Philip-

307 1680 466 1719 peorum
486 1679 685 1703 aureorum
703 1679 946 1703 nummorum
961 1667 1122 1704 sedecim
1138 1667 1257 1704 millia
1274 1674 1422 1704 trecen-

302 1738 366 1767 tos
382 1731 516 1779 viginti
533 1746 540 1765 ε
565 1736 602 1766 et
617 1742 720 1766 arma
737 1730 933 1780 spoliaque
953 1730 1072 1767 multa
1087 1730 1247 1775 Gallica,
1266 1743 1422 1781 carpen-

303 1795 354 1832 tis
375 1800 602 1831 transvecta.
658 1793 785 1830 Duces
805 1794 974 1830 hostium
992 1795 1067 1831 duo
1088 1801 1125 1831 et
1145 1795 1422 1845 quinquaginta

302 1859 410 1895 ducti
429 1865 517 1894 ante
534 1870 685 1894 currum
701 1872 710 1893 ;
742 1857 925 1894 militibus
947 1859 1209 1907 quadragenos
1230 1857 1340 1894 binos
1354 1858 1419 1895 de-

303 1924 431 1959 narios
444 1923 592 1965 divisit,
613 1921 752 1972 duplex
771 1923 987 1958 centurioni
1001 1939 1012 1968 3
1046 1929 1084 1959 et
1103 1922 1331 1973 stipendium
1350 1922 1419 1959 du·

301 1985 390 2036 plex
410 1987 447 2022 in
468 1986 612 2035 pedites
632 1985 748 2028 dedit,
769 1985 907 2036 triplex
927 1987 965 2021 in
986 1986 1142 2035 equites,
1198 1985 1315 2023 Multi
1335 1998 1418 2022 om·

301 2050 408 2085 nium
428 2049 618 2092 ordinum,
639 2049 772 2087 donati
792 2048 1019 2085 militaribus
1041 2049 1166 2092 donis,
1187 2061 1338 2086 currum
1357 2061 1418 2086 se·
1520 2062 1535 2090 ιγ

301 2113 380 2149 cuti
397 2119 484 2148 sunt
500 2127 507 2147 ι
541 2113 782 2161 carminaque
798 2125 818 2148 a
836 2112 1019 2149 militibus
1036 2125 1080 2149 ea
1095 2112 1134 2149 in
1149 2113 1417 2162 imperatorem

299 2177 416 2219 dicta,
438 2183 479 2212 ut
494 2176 605 2212 facile
621 2176 832 2226 adpareret,
850 2177 887 2212 in
909 2176 1043 2212 ducem
1059 2176 1321 2225 indulgentem
1336 2189 1416 2214 am-

299 2240 556 2290 bitiosumque
576 2253 620 2277 ea
638 2240 708 2276 dici
723 2257 734 2286 3
768 2241 1000 2291 triumphum
1024 2253 1104 2278 esse
1124 2240 1277 2277 militari
1293 2241 1414 2290 magis
1516 2246 1523 2331 ,Ι

1499 2314 1510 2329 Q

294 2303 443 2349 favore,
479 2317 590 2354 quam
628 2303 815 2356 populari,
847 2304 1046 2344 celebrem.
1104 2305 1177 2343 Sed
1206 2305 1254 2343 ad
1281 2304 1413 2358 populi
