1546 2648
317 151 402 205 428
762 163 809 194 τ.
831 164 964 194 mvn

125 257 170 289 U.
180 259 218 290 C.
238 251 506 295 nater-fectis,
528 251 705 301 proelium
729 258 842 288 nocte
861 251 1062 288 diremtum
1092 257 1160 289 est.
1215 250 1347 288 Tertio
1366 251 1427 288 die

125 301 167 332 Δ·
180 301 218 334 C·
237 305 309 335 ¹⁶9·
321 327 433 364 egere
452 307 613 352 consilio
626 315 824 352 Romanus
841 317 1067 366 imperator:
1099 329 1187 353 nam
1205 328 1328 366 neque
1346 329 1426 353 ma·

319 391 410 416 nere
429 379 469 415 iu
480 378 578 429 jugo
597 380 717 431 inopi,
738 393 861 430 neque
880 381 1025 430 regredi
1041 381 1121 417 sine
1140 380 1301 429 flagitio,
1315 386 1428 430 atque

318 443 434 480 etiam
452 443 620 493 periculo
634 460 644 489 5
677 445 740 481 sed
755 444 903 481 cedenti
919 458 964 481 ex
984 444 1239 495 superioribus
1257 443 1349 480 locis
1369 444 1428 479 in—

318 512 418 544 stare
435 507 557 544 hostis
577 514 751 558 poterat:
783 521 854 544 nec
883 508 985 544 aliud
1015 508 1196 551 restabat,
1217 520 1331 557 quam
1360 520 1428 543 au-

317 570 448 607 dacter
472 573 713 608 commissum
741 573 927 621 pertinaci
957 573 1127 614 audacia,
1157 585 1240 620 quae
1265 571 1427 622 prudens

317 634 507 671 interdum
533 635 572 671 in
601 635 704 671 exitu
728 642 800 677 est,
831 636 1038 683 com-igere.
1094 635 1260 670 Ventum
1279 633 1431 682 quidem

318 703 400 734 erat
419 710 479 742 eo,
503 704 557 741 ut,
578 698 609 734 si
633 698 785 734 hostem
803 698 964 734 similem
992 698 1156 746 antiquis
1173 697 1430 734 Macedonum

317 760 470 810 regibus
490 760 686 797 habuisset
698 760 845 804 consul,
862 773 1000 809 magna
1013 761 1134 797 clades
1155 760 1275 810 accipi
1294 766 1430 810 potue·

317 823 368 860 rit
383 839 390 860 ε
423 823 502 867 sed,
520 836 633 873 quum
651 824 698 860 ad
709 823 827 860 Dium
847 836 913 874 per
931 824 1044 860 litora
1059 836 1144 860 cum
1161 822 1348 872 equitibus
1365 835 1430 859 va-

317 894 472 938 garetur
483 901 564 932 rex,
581 895 619 925 et
634 889 681 925 ab
697 889 895 926 duodecim
912 888 1077 926 millibus
1093 901 1211 939 prope
1227 887 1428 925 clamorem

317 957 356 988 et
375 952 576 1003 strepitum
602 953 854 1002 pugnantium
884 953 1044 996 audiret,
1065 964 1137 989 nec
1165 951 1270 988 auxit
1299 951 1427 1000 copias

316 1017 488 1066 integros
508 1016 616 1054 fessis
636 1017 909 1060 submittendo,
930 1030 1051 1066 neque
1077 1018 1171 1067 ipse,
1193 1015 1294 1065 quod
1312 1015 1430 1065 pluri-

316 1093 420 1118 mum
447 1082 644 1124 intererat,
680 1082 877 1118 certamini
907 1082 1051 1118 adfuit:
1084 1092 1199 1129 quum
1231 1078 1429 1115 Romanus

315 1144 538 1194 imperator,
559 1143 682 1194 major
701 1145 901 1193 sexaginta
922 1144 1045 1187 annis,
1067 1149 1104 1179 et
1123 1142 1325 1193 praegravis
1346 1154 1431 1179 cor-

314 1220 424 1258 pore,
454 1209 584 1244 omnia
611 1207 790 1244 militaria
819 1219 976 1244 munera
1004 1208 1085 1257 ipse
1118 1206 1266 1257 inpigre
1293 1205 1431 1242 obiret.

312 1271 479 1321 Egregie
500 1273 548 1308 ad
569 1271 743 1308 ultimum
770 1273 809 1308 iu
830 1271 1009 1309 audacter
1027 1272 1230 1308 commisso
1258 1282 1431 1320 perseve-

311 1337 431 1372 ravit:
465 1343 517 1380 et,
539 1336 707 1387 Popillio
726 1336 860 1373 relicto
879 1337 918 1373 in
939 1336 1110 1374 custodia
1122 1334 1222 1386 jugi,
1237 1347 1311 1385 -per
1328 1334 1432 1370 invia

310 1406 587 1449 transgressus,
608 1400 824 1450 praemissis,
846 1400 910 1450 qui
936 1405 1183 1450 repurgarent
1212 1398 1298 1441 iter,
1318 1399 1432 1434 Atta-

307 1463 387 1501 lum
407 1471 446 1501 et
473 1463 729 1514 Misagenem,
749 1477 836 1501 cum
860 1477 936 1501 suae
956 1464 1078 1513 gentis
1104 1463 1304 1512 utrumque
1324 1462 1430 1499 auxi-

308 1527 494 1572 iliaribus‚
524 1529 698 1578 praesidio
730 1541 812 1565 esse
840 1528 977 1565 saltum
1011 1526 1266 1578 aperientibus
1292 1525 1427 1576 jubet:

326 1604 409 1643 pse,
440 1593 587 1641 equites
621 1593 954 1643 inpedimentaque
982 1605 1058 1643 prae
1088 1604 1127 1628 se
1155 1590 1314 1634 habens,
1345 1582 1455 1627 cum¹

315 1654 532 1705 legionibus
552 1668 689 1705 agmen
709 1657 824 1705 cogit.

116 1724 298 1773 pifficultas
372 1719 420 1756 V.
450 1719 720 1757 Inenarrabilis
747 1720 856 1757 labor
874 1719 1190 1758 descendentibus
1211 1731 1296 1755 cum
1320 1718 1430 1754 ruina

115 1774 281 1799 umerum·
308 1782 571 1833 jumentorum
586 1785 906 1834 sarcinarumque.
936 1785 1150 1833 Progressis
1168 1783 1319 1819 vixdum
1335 1795 1427 1832 qua-

312 1853 400 1884 tuor
419 1847 538 1884 millia
563 1860 743 1898 passuum
768 1848 864 1884 nihil
883 1848 1087 1898 optabilius
1115 1859 1209 1890 esse,
1231 1859 1341 1896 quam
1369 1859 1428 1882 re-

312 1911 406 1954 dire,
427 1923 502 1960 qua
519 1918 715 1956 venerant,
736 1912 767 1948 si
790 1918 959 1962 possent.
1016 1911 1211 1947 Hostilem
1229 1923 1348 1961 prope
1367 1916 1428 1947 tu-

310 1974 474 2012 multum
502 1976 646 2024 agmini
679 1975 874 2026 elephanti
901 1975 1144 2025 praebebant:
1177 1976 1255 2024 qui,
1281 1975 1345 2010 ubi
1379 1974 1427 2010 ad

310 2039 412 2075 invia
440 2046 636 2084 venerant,
666 2039 823 2091 dejectis
857 2040 1083 2083 rectoribus,
1116 2051 1202 2075 cum
1238 2038 1426 2075 horrendo

311 2102 472 2138 stridore
497 2115 675 2152 pavorem
699 2103 911 2152 ingentem,
932 2103 1036 2151 equis
1066 2102 1243 2145 maxime,
1265 2101 1425 2137 incutie-

308 2163 418 2207 bant,
438 2164 558 2201 donec
577 2165 799 2202 traducendi
819 2178 883 2202 eos
903 2166 1001 2202 ratio
1018 2166 1113 2201 inita
1132 2172 1201 2201 est.
1244 2165 1317 2201 Per
1335 2177 1424 2215 pro-

312 2226 421 2271 clive,
442 2234 568 2265 sumto
587 2229 759 2279 fastigio,
780 2230 886 2279 longi
905 2229 980 2266 duo
999 2228 1113 2265 validi
1139 2240 1280 2265 asseres
1300 2241 1347 2265 ex
1365 2229 1423 2264 in-

307 2290 445 2329 feriore
460 2299 569 2344 parte
590 2293 627 2330 iu
653 2300 755 2331 terra
775 2293 1050 2344 defigebautur,
1067 2294 1249 2331 distantes
1269 2293 1367 2330 inter
1384 2304 1425 2329 se
