1546 2648
438 117 648 149 ιιΒιιοιι.
670 117 890 146 numam).
1134 102 1216 165 583

105 216 278 251 exercitus
300 216 338 250 in
363 213 490 250 collem
514 213 712 258 recepisset,
740 213 904 245 evocatus
932 209 968 243 in
994 207 1222 254 conloquium

107 278 153 315 ab
178 277 344 320 hostibus,
374 277 473 313 velut
501 276 544 311 de
567 286 658 323 pace
684 274 832 315 acturis,
859 283 1010 320 quorum
1043 272 1114 306 dax
1143 275 1223 314 erat⁴

110 341 280 384 Surenas,
318 340 596 388 compreliensuS,
630 342 678 380 et,
711 349 755 373 ne
787 337 873 386 quid
900 338 998 372 vivus
1022 339 1222 384 pateretur,

109 417 311 454 repugnans
330 403 536 453 interfectus
555 407 616 439 est.

606 498 730 536 CVII.

116 566 174 620 C.
197 586 397 630 cAESAR,
425 588 579 623 Treviris
598 589 634 622 in
656 586 780 622 Gallia
799 587 913 627 victis,
930 586 1059 621 iterum
1079 586 1115 620 in
1138 584 1225 620 Ger-

109 653 270 687 maniam
301 654 469 688 transiit:
498 653 668 700 nulloque
693 651 741 686 ibi
771 650 868 686 hoste
897 652 1048 692 invento,
1072 661 1229 686 reversus

108 714 146 750 in
171 715 346 758 Galliam,
367 716 549 752 Eburones
576 721 612 751 et
640 716 733 751 alias
752 716 926 756 civitates,
948 726 1026 762 quae
1044 716 1227 762 conspira-

108 784 248 821 verant,
268 781 366 823 vicit,
384 785 419 816 et
434 780 675 827 Ambiorigem
696 781 733 814 in
741 778 841 827 fuga
856 783 1060 826 persecutus
1076 783 1138 813 est.
1184 778 1228 814 P.

111 841 243 886 Clodii,
265 856 288 879 a
308 845 347 880 T.
365 846 484 880 Annio
499 845 650 886 Milone,
668 844 862 879 candidato
881 843 1096 885 consulatus,
1107 843 1230 890 Appia

110 908 170 942 via
188 908 238 943 ad
257 908 418 944 Bovillas
441 909 557 950 occisi,
589 920 716 955 corpus
745 908 844 955 plebs
869 909 905 943 z'n
925 909 1025 942 curia
1045 908 1228 944 cremavit,

114 969 233 1010 Quum
250 971 439 1007 seditiones
456 973 550 1007 inter
569 972 781 1006 candidatos
800 971 1002 1006 consulatus
1021 971 1229 1018 Hypsoeum,

115 1034 331 1081 Scipionem,
352 1040 387 1072 et
405 1036 580 1072 ssfilonem
600 1040 728 1077 essent,
747 1036 811 1082 qui
835 1036 947 1070 arm-is
972 1047 1015 1070 ac
1031 1036 1068 1070 vi
1087 1039 1232 1070 conten-

116 1098 245 1137 debant
256 1115 270 1142 ,-
299 1100 348 1135 acl
377 1100 663 1147 comprimendas
681 1111 740 1134 eas
761 1099 823 1134 Cn.
842 1100 1034 1145 Pompeius
1054 1099 1194 1145 legatus
1211 1111 1234 1135 a

114 1166 243 1197 senatu
262 1164 384 1198 consul
410 1165 554 1199 tertium
573 1162 704 1211 factus
727 1167 792 1204 est,
814 1162 936 1197 absens
957 1166 991 1197 et
1011 1162 1119 1203 solus,
1140 1163 1235 1210 quod

115 1225 208 1262 nulli
228 1226 293 1262 alii
311 1239 479 1275 umquam
500 1228 660 1274 contigit.
693 1227 892 1267 Quoestioue
904 1227 1047 1261 decreta
1059 1227 1104 1262 de
1122 1231 1235 1263 morie

118 1289 165 1326 P.
184 1289 314 1332 Clodii,
332 1292 428 1327 Milo
436 1290 577 1337 judicio
597 1292 791 1327 damnatus
813 1292 848 1326 in
873 1292 1034 1326 exsilium
1053 1295 1154 1327 actus
1172 1296 1235 1330 est.

118 1352 197 1390 Lex
216 1354 293 1389 lata
312 1359 377 1396 est,
399 1360 439 1391 ut
456 1357 549 1391 ratio
569 1355 718 1391 absentis
739 1355 886 1391 Caesaris
906 1357 939 1391 in
959 1357 1132 1403 petitione
1152 1368 1236 1399 con,-

117 1417 256 1454 sulatus
287 1418 488 1462 haberetur,
519 1422 629 1456 invito
658 1425 693 1455 et
720 1421 986 1456 contradicente
1012 1420 1067 1455 M.
1091 1420 1237 1458 Catone.

121 1480 304 1517 Praeterea
322 1494 378 1518 res
399 1488 517 1530 gestas
541 1497 564 1519 α
595 1483 632 1520 C.
657 1484 793 1520 Caesare
820 1485 986 1519 adversus
1009 1484 1146 1527 Gallos,
1177 1488 1239 1532 qui

118 1558 233 1594 prope
256 1549 421 1590 universi,
448 1548 757 1596 Vercingentorige
775 1550 939 1584 Arverno
968 1550 1068 1591 (luce,
1098 1540 1252 1597 defece-³

121 1615 220 1652 runt,
251 1615 287 1647 et
313 1612 506 1648 laboriosas
534 1613 728 1649 obsidiones
760 1614 895 1649 urbium
929 1616 1115 1649 continet:
1146 1615 1240 1649 inter

121 1687 208 1723 quas
225 1676 375 1712 Avarici
394 1677 614 1725 Biturigum,
634 1683 671 1713 et
694 1679 877 1725 Gergovia.²
898 1678 1153 1714 Arvernorum.

611 1774 758 1811 CVIII.

129 1841 189 1893 C.
210 1859 395 1896 CAESAR
428 1861 553 1896 Gallos
570 1862 619 1897 ad
637 1862 796 1897 Alesiam
817 1863 914 1904 vicit,
943 1874 1128 1910 omnesque
1151 1863 1241 1899 Gaz-

123 1925 181 1961 lioe
199 1925 371 1966 civitates,
401 1937 479 1972 quae
505 1926 541 1960 in
560 1928 670 1961 armis
686 1926 855 1974 fuerant,
880 1928 915 1962 in
935 1927 1152 1962 deditionem
1181 1940 1241 1963 ac-

119 1988 226 2035 cepit.
286 1986 324 2023 C.
348 1986 500 2029 Cassius,
531 1994 680 2036 qucestor
702 1989 756 2024 M.
777 1990 908 2032 Crassi,
931 1990 1102 2033 Parthos,
1123 1993 1184 2038 qui
1205 1993 1244 2027 in

125 2051 268 2098 Syriam
289 2053 594 2094 transcenderant,
623 2054 762 2089 cecidit.
820 2053 864 2088 In
887 2055 1060 2101 petitione
1077 2056 1241 2090 consula-

128 2118 183 2149 tus
203 2113 257 2149 M.
274 2114 363 2150 Cato
381 2116 562 2164 repulsam
582 2118 680 2158 tulit,
701 2118 830 2154 creatis
849 2117 1045 2154 consulibus
1065 2118 1140 2154 Ser.
1156 2119 1242 2154 Suc-

124 2179 234 2226 picio,
267 2179 322 2214 M.
342 2180 530 2218 [Marcello.
603 2181 642 2218 C.
665 2181 781 2217 Caesar
809 2182 1015 2228 Bellovacos
1048 2195 1126 2218 cum
1162 2183 1245 2218 aliis

113 2243 320 2301 ‘Gallorum
345 2246 489 2297 populis
516 2247 663 2283 domuit.
722 2248 904 2284 Praeterea
930 2249 1167 2284 contentiones
1186 2249 1241 2284 in-

642 2309 672 2346 C
689 2322 709 2345 c
729 2310 754 2345 4
