1546 2648
241 177 398 206 LIBER
421 175 650 205 xxxvlu.
695 174 804 203 cAP.
828 173 1056 202 xxxvln.
1134 173 1209 203 121

99 266 185 309 fnit,
205 267 363 315 triginta
389 266 532 303 dierum
561 271 710 315 tempus
739 269 885 315 petens,
906 268 949 299 ut
976 276 1102 313 regem
1131 264 1214 300 An·
1226 267 1268 297 U.
1283 266 1320 298 C.
1334 271 1408 297 ⁵64.

100 330 270 366 tiochum
303 330 348 366 de
381 329 473 366 urbe
505 329 689 366 tradenda
722 326 962 365 consuleret:
998 327 1089 363 dato
1117 310 1316 364 tem-A'C‘
1337 316 1410 341 ¹⁸⁸·

99 405 206 444 pore,
222 394 268 431 ad
288 407 371 430 eam
390 395 488 431 diem
507 394 683 444 praesidio
703 393 896 429 decessum
917 398 986 429 est.
1024 392 1060 428 A
1080 391 1214 441 Perga,

98 457 146 495 L.
158 457 307 495 Manlio
326 458 443 495 fratre
462 471 547 495 cum
567 465 731 508 quatuor
750 456 915 493 millibus
935 455 1099 493 militum
1115 456 1216 493 Oro·-

98 521 210 565 anda‚
231 522 278 559 ad
303 521 488 571 reliquum
515 522 685 572 pecuniae
714 534 761 557 ex
789 533 835 556 eo
863 520 966 569 quod
993 520 1218 570 pepigerant

99 586 342 635 exigendum,
373 587 504 630 misso,
538 587 632 637 ipse,
662 586 751 635 quia
782 585 993 622 Eumenem
1023 597 1151 633 regem
1179 591 1218 621 et

100 651 228 687 decem
254 650 401 700 legatos
428 651 475 688 ab
495 651 623 687 Roma
641 650 836 701 Ephesum
857 649 1002 685 venisse
1030 649 1216 692 audierat,

95 713 212 766 jussis
242 716 348 766 sequi
376 715 560 752 Antiochi
589 714 740 764 legatis,
770 716 980 766 Apameam
1010 715 1217 752 exercitum

99 779 261 817 reduxit.

156 844 397 882 XXXVIII.
440 845 500 882 lbi
538 859 582 883 ex
614 846 743 883 decem
779 845 992 895 legatorum
1029 845 1368 885 sententiapoederis

1231 908 1307 928 cum
1320 898 1435 928 Antio-

102 907 224 945 foedus
243 910 281 945 in
302 910 384 947 haec
403 910 517 947 verba
535 910 614 946 fere
633 923 719 946 cum
739 910 936 946 Antiocho
960 911 1217 960 conscriptum
1231 943 1294 972 cho
1308 941 1403 981 leges.

100 979 169 1010 est.
225 974 400 1010 Amicitia
420 976 497 1023 regi
514 974 694 1011 Antiocho
717 987 797 1011 cum
818 975 952 1024 populo
972 974 1137 1010 Romano
1167 973 1221 1010 his

101 1037 235 1085 legibus
253 1043 287 1074 et
306 1039 563 1075 conditionibus
581 1043 664 1076 esto.
722 1039 780 1074 Ne
802 1051 904 1087 quem
932 1039 1138 1081 exercitum,
1160 1040 1221 1087 qui

100 1114 181 1139 cum
197 1104 334 1151 populo
354 1103 517 1140 Romano
545 1105 690 1139 sociisve
717 1103 846 1139 bellum
869 1108 1034 1151 gesturus
1058 1104 1139 1145 erit,
1160 1115 1222 1139 rex

97 1178 165 1215 per
170 1167 267 1216 fines
293 1170 394 1216 regni
412 1170 481 1210 sui,
501 1181 679 1211 eorumve,
700 1170 760 1216 qui
778 1168 839 1204 sub
858 1169 992 1204 ditione
1010 1167 1083 1214 ejas
1101 1173 1219 1210 erunt,

102 1233 256 1268 transire
281 1233 414 1269 sinito:
442 1245 510 1269 nea
540 1239 753 1274 commeatu,
774 1245 843 1269 neu
868 1245 941 1280 qua
967 1233 1043 1268 alia
1072 1245 1137 1281 ope
1155 1231 1220 1278 ju-

101 1300 196 1332 vato.
254 1297 356 1333 Idem
376 1297 535 1334 Romani
551 1299 706 1344 sociique
724 1297 917 1342 Antiocho,
939 1302 974 1333 et
996 1298 1052 1339 iis,
1074 1299 1135 1345 qui
1160 1297 1222 1333 sab

102 1361 251 1409 imperio
270 1360 345 1407 ejus
363 1367 480 1405 erunt,
498 1367 680 1411 praestent.
739 1362 836 1398 Belli
851 1363 998 1410 gerendi
1007 1361 1070 1408 jas
1090 1363 1220 1397 Antio-

102 1424 167 1462 cho
186 1438 228 1462 ne
245 1430 317 1462 esto
333 1439 413 1463 cum
428 1427 485 1470 iis,
501 1429 563 1475 qui
580 1427 716 1463 insulas
731 1427 867 1469 colunt,
880 1438 965 1463 neve
984 1428 1019 1463 in
1034 1426 1222 1474 Europam

103 1491 323 1527 transeundi.
380 1491 557 1528 Excedito
577 1491 729 1533 urbibus,
750 1493 860 1538 agris,
881 1492 980 1533 vicis,
1002 1491 1156 1527 castellis
1175 1492 1224 1526 ci.»-

109 1554 269 1591 Taurum
287 1560 442 1592 montem
467 1567 574 1603 usque
602 1556 652 1591 ad
676 1556 829 1591 Tanaim
857 1566 1012 1597 amnem,
1033 1559 1067 1590 et
1087 1567 1109 1590 α
1127 1555 1223 1592 valle

109 1619 222 1655 Tauri
247 1631 353 1667 usque
381 1620 429 1655 ad
446 1618 556 1667 juga,
576 1631 648 1667 qua
674 1620 712 1655 in
732 1619 954 1667 Lycaoniam
982 1620 1108 1667 vergit.
1167 1620 1224 1655 Ne

104 1695 176 1731 qua
203 1695 307 1719 arma
336 1684 472 1732 efferto,
506 1695 548 1719 ea·
579 1685 623 1719 iis
655 1683 811 1731 oppidis,
842 1684 953 1730 agris,
984 1684 1222 1731 castellisque,
1257 1733 1259 1735 ι

103 1747 227 1796 quibus
245 1748 419 1784 excedat:
445 1749 478 1784 si
505 1760 575 1796 qua
603 1749 745 1790 extulit,
767 1760 845 1796 quae
872 1759 1007 1796 quoque
1034 1748 1222 1796 oportebit,
1254 1736 1256 1738 v

102 1815 198 1847 recte
216 1812 405 1848 restituito.
453 1811 510 1848 Ne
528 1812 694 1854 militem,
716 1824 783 1848 neu
801 1823 904 1860 quem
922 1812 1033 1849 alium
1055 1823 1097 1847 ex
1114 1823 1223 1859 regno

105 1876 278 1912 Eumenis
304 1877 464 1925 recipito,
521 1876 564 1913 Si
593 1878 654 1925 qui
684 1888 808 1912 eorum
843 1876 983 1912 urbium
1011 1878 1115 1919 cives,
1146 1888 1224 1924 quae

104 1952 211 1988 regno
229 1941 433 1983 abscedunt,
454 1953 534 1978 cum
552 1953 634 1989 rege
654 1941 830 1977 Antiocho
851 1942 1017 1989 intraque
1031 1942 1129 1990 fines
1151 1940 1224 1988 qius

102 2005 203 2052 regni
220 2009 317 2047 sunt,
338 2006 541 2054 Apameam
560 2017 677 2041 omnes
696 2010 779 2040 oute
797 2005 891 2040 diem
910 2010 1046 2042 certam
1064 2007 1223 2042 redeant,

56 2112 59 2113 ⁷
107 2071 178 2112 Qui
196 2081 237 2106 ex
261 2082 370 2118 regno
389 2070 560 2106 Antiochi
585 2070 686 2118 apud
712 2070 893 2106 Romanos
920 2072 1098 2118 sociosque
1124 2076 1221 2113 sunt,

108 2135 152 2170 iis
161 2131 224 2179 jus
241 2133 394 2170 abeundi
413 2135 650 2182 „canendique
668 2138 751 2170 esto.
797 2133 937 2176 Servos,
957 2146 1015 2169 seu
1024 2133 1220 2183 fugitivos,

105 2210 164 2235 seu
185 2197 276 2234 bello
295 2203 428 2247 captos,
443 2211 502 2236 seu
519 2201 580 2247 qui
601 2199 686 2235 liber
705 2204 831 2247 captus
849 2204 914 2236 aut
933 2198 1122 2248 transfuga
1141 2201 1222 2242 erit,

107 2264 248 2299 reddito
268 2263 440 2300 Romanis
456 2266 638 2312 sociisque.
691 2264 914 2312 Elephantos
935 2264 1071 2300 tradito
1090 2276 1220 2305 omnes,

104 2338 216 2375 neque
234 2327 324 2362 alios
339 2333 483 2376 parato.
531 2328 682 2365 Tradite
701 2333 736 2364 et
755 2340 859 2365 naves
876 2329 1001 2377 longas
1020 2340 1221 2366 ormontem

162 2389 259 2425 ΥΟΕ.
281 2390 349 2427 IV.
645 2391 680 2426 G
