1546 2648
133 249 176 282 U.
189 250 227 282 C.
243 255 318 287 567.

134 294 221 327 A.C.
234 301 306 327 185.

140 1400 230 1430 Vires
247 1407 324 1428 con-

141 1443 209 1481 ligit
222 1442 297 1472 Phi-

139 1486 256 1525 lippus.

325 147 409 203 178
463 178 468 185 Α
784 159 831 189 Τ.
856 160 990 190 mvn

330 248 542 293 distulerat,
554 261 633 286 non
649 249 883 301 desperasset
898 250 1078 301 inpetrari
1096 262 1220 300 posse.
1251 252 1446 292 Antiocho

330 327 420 363 rege
446 313 579 351 deinde
597 313 699 351 bello
725 320 903 365 superato
933 314 980 350 ad
1007 313 1298 365 Thermopylas,
1319 316 1446 355 divisis

329 378 517 430 partibus,
537 391 652 428 quum
681 391 748 428 per
767 378 918 414 eosdem
938 379 1015 414 dies
1047 378 1177 415 consul
1198 380 1343 417 Acilius
1363 381 1446 419 He-

331 443 508 488 racleam,
524 443 719 494 Philippus
735 443 909 480 Lamiam
929 443 1186 493 obpugnasset
1199 461 1209 490 3
1233 452 1345 496 capta
1363 446 1447 484 He-

330 508 469 551 raclea,
487 509 575 557 quia
587 507 717 558 jussus
731 507 932 544 abscedere
945 520 967 543 a
983 507 1170 544 moenibus
1187 508 1332 546 Lamiae
1349 518 1444 555 erat,

330 571 593 621 Romanisque
617 571 797 621 oppidum
827 571 995 607 deditum
1024 578 1095 614 est,
1126 584 1224 620 aegre
1253 586 1336 610 eam
1366 587 1446 612 rem

330 635 492 673 tulerat:
525 635 722 685 permulsit
741 635 836 670 iram
862 633 942 683 ejus
963 634 1110 677 consul,
1134 636 1248 684 quod,
1270 637 1317 673 ad
1336 637 1445 675 Nau-

331 706 484 750 pactum
509 700 590 749 ipse
609 698 809 741 festinans,
830 711 906 746 quo
929 710 968 733 se
991 710 1037 733 ex
1055 698 1147 746 fuga
1166 699 1291 735 AEtoli
1311 708 1448 738 contu-

330 765 468 807 lerant,
484 763 664 813 Philippo
683 763 868 812 permisit,
887 768 927 798 ut
943 762 1183 799 Athamaniae
1197 770 1235 800 et
1251 764 1447 814 Amynan-

332 828 401 865 dro
419 827 560 865 bellum
581 827 737 863 inferret
755 842 765 871 3
799 833 835 862 et
857 826 980 869 urbes,
1002 839 1093 875 quas
1113 827 1305 864 Thessalis
1325 829 1449 867 AEtoli

332 893 564 935 ademerant,
584 904 704 940 regno
717 890 908 940 adjiceret.
958 890 1072 927 Haud
1086 905 1224 941 magno
1241 895 1446 930 certamine

332 963 371 993 et
389 949 676 1006 Amynandrum
698 955 931 991 Athamania
957 955 1167 1005 expulerat,
1189 963 1227 993 et
1249 958 1357 994 urbes
1379 958 1447 994 ali-

333 1026 428 1071 quot
445 1026 650 1072 receperat.
707 1019 989 1056 Demetriadem
1009 1033 1173 1069 quoque,
1198 1021 1328 1058 urbem
1355 1024 1447 1059 vali-

333 1086 420 1122 dam
439 1091 477 1122 et
496 1085 543 1122 ad
559 1085 688 1121 omnia
705 1091 974 1134 opportunam,
996 1090 1034 1120 et
1052 1084 1278 1133 Magnetum
1295 1093 1447 1134 gentem

334 1164 410 1187 suae
426 1151 580 1188 ditionis
598 1149 688 1185 fecit
704 1164 711 1184 ε
736 1149 822 1184 inde
835 1155 872 1183 et
888 1148 925 1183 in
946 1147 1108 1184 Thracia
1125 1150 1306 1198 quasdam
1322 1151 1447 1193 urbes,

333 1227 442 1251 novae
457 1221 570 1264 atque
584 1214 740 1249 insuetae
756 1212 941 1248 libertatis
960 1213 1066 1255 vitio,
1084 1213 1330 1250 seditionibus
1345 1216 1449 1264 prin-

334 1279 460 1329 cipum
480 1277 666 1320 turbatas‚
695 1275 880 1326 partibuS,
901 1289 983 1325 quae
1004 1276 1213 1313 domestico
1244 1279 1448 1316 certamine

334 1329 589 1384 vincerentur,
611 1340 852 1391 adjungendo
872 1352 966 1382 sese,
988 1341 1099 1389 cepit.

390 1407 543 1445 XXIV.
573 1406 646 1443 His
667 1405 796 1442 sedata
825 1405 864 1440 in
884 1405 1085 1454 praesentia
1110 1405 1208 1454 regis
1235 1406 1291 1442 ira
1310 1407 1345 1443 in
1367 1407 1450 1445 Ro-

337 1485 470 1510 manos
491 1478 570 1508 est:
602 1482 807 1519 numquam
823 1476 948 1505 tamen
970 1470 1113 1505 remisit
1133 1471 1300 1507 animum
1320 1484 1341 1508 a
1357 1485 1450 1509 con-

336 1537 497 1588 ligendis
517 1536 556 1572 in
576 1548 668 1586 pace
682 1534 836 1577 viribus,
854 1533 1004 1583 quibus,
1023 1534 1249 1584 quandoque
1269 1536 1356 1572 data
1372 1537 1451 1573 for-

338 1606 431 1638 tuna
451 1606 563 1643 esset,
585 1599 629 1635 ad
646 1597 785 1635 bellum
804 1604 983 1634 uteretur.
1027 1598 1238 1647 Vectigalia
1253 1601 1358 1649 regni
1374 1614 1452 1638 non

338 1664 524 1702 fructibus
561 1669 710 1699 tantum
748 1674 926 1710 agrorum
962 1663 1216 1712 portoriisque
1254 1665 1450 1701 maritimis

340 1729 468 1774 auxit3
502 1727 567 1764 sed
586 1725 739 1763 metalla
758 1726 872 1761 etiam
899 1732 936 1761 et
955 1734 1082 1762 vetera
1108 1726 1322 1763 intermissa
1341 1741 1450 1765 reco-

340 1793 426 1837 luit,
443 1798 481 1829 et
496 1805 595 1828 nova
610 1790 737 1827 multis
756 1790 848 1826 locis
867 1790 1042 1826 instituit.
1086 1790 1143 1826 Ut
1154 1803 1243 1826 vero
1255 1792 1451 1840 antiquam

342 1857 623 1894 multitudinem
643 1856 855 1898 hominum,
886 1867 968 1903 quae
997 1854 1087 1890 belli
1117 1854 1285 1891 cladibus
1315 1858 1453 1895 amissa

342 1928 437 1965 erat,
459 1922 698 1965 restitueret;
731 1933 807 1955 non
829 1918 998 1955 sobolem
1022 1925 1169 1954 tantum
1197 1920 1322 1969 stirpis
1343 1933 1453 1970 para-

341 1987 422 2029 bat,
443 1986 622 2035 cogendis
644 1984 818 2021 omnibus
840 1996 1036 2034 procreare
1054 1990 1167 2032 atque
1186 1985 1343 2021 educare
1360 1985 1454 2023 libe-

344 2064 419 2094 ros,
442 2051 505 2087 sed
531 2051 722 2086 Thracum
753 2049 866 2084 ctiam
896 2061 1070 2096 maguam
1101 2048 1383 2086 multitudinem
1413 2052 1453 2088 in

343 2115 609 2152 Macedoniam
647 2114 878 2156 traduxerat,
917 2114 1140 2163 quietusque
1177 2113 1407 2163 aliquamdiu
1434 2130 1457 2153 a

343 2179 468 2223 bellis,
497 2179 599 2215 omni
630 2191 719 2214 cura
743 2179 781 2214 in
813 2178 1001 2227 augendas
1031 2178 1137 2226 regni
1167 2191 1257 2227 opes
1288 2179 1456 2217 intentus

346 2244 481 2281 fuerat.
527 2242 690 2279 Rediere
706 2243 840 2279 deinde
857 2254 1011 2282 caussae.
1029 2255 1110 2290 quae
1132 2242 1178 2278 de
1198 2243 1348 2291 integro
1363 2244 1457 2281 iram

347 2313 542 2352 moverent
562 2308 600 2344 in
622 2308 831 2345 Romanos.
887 2307 1156 2344 Thessalorum
1177 2314 1215 2344 et
1234 2307 1456 2346 Perrhaebo·
