<?xml version="1.0" encoding="UTF-8"?>
<!DOCTYPE html PUBLIC "-//W3C//DTD XHTML 1.0 Transitional//EN"
    "http://www.w3.org/TR/xhtml1/DTD/xhtml1-transitional.dtd">
<html xmlns="http://www.w3.org/1999/xhtml" xml:lang="en" lang="en">
 <head>
  <title>
</title>
<meta http-equiv="Content-Type" content="text/html;charset=utf-8" />
  <meta name='ocr-system' content='tesseract 3.04.00' />
  <meta name='ocr-capabilities' content='ocr_page ocr_carea ocr_par ocr_line ocrx_word'/>
</head>
<body>
  <div class='ocr_page' id='page_1' title='image "./historiarumquaes04livyuoft/historiarumquaes04livyuoft_0469.png"; bbox 0 0 1546 2648; ppageno 0'>
   <div class='ocr_carea' id='block_1_1' title="bbox 299 151 1158 198">
    <p class='ocr_par' dir='ltr' id='par_1_1' title="bbox 299 151 1158 198">
     <span class='ocr_line' id='line_1_1' title="bbox 299 151 1158 198; baseline -0.006 -10"><span class='ocrx_word' id='word_1_1' title='bbox 299 159 452 188; x_wconf 76' lang='lat' dir='ltr'><strong>LIBER</strong></span> <span class='ocrx_word' id='word_1_2' title='bbox 477 155 616 187; x_wconf 78' lang='lat' dir='ltr'>XLIV.</span> <span class='ocrx_word' id='word_1_3' title='bbox 649 155 756 184; x_wconf 72' lang='lat' dir='ltr'><strong>cAP.</strong></span> <span class='ocrx_word' id='word_1_4' title='bbox 780 156 901 186; x_wconf 76' lang='lat' dir='ltr'><strong>XXX·</strong></span> <span class='ocrx_word' id='word_1_5' title='bbox 1074 151 1158 198; x_wconf 73' lang='lat'><strong>459</strong></span> 
     </span>
    </p>
   </div>
   <div class='ocr_carea' id='block_1_2' title="bbox 38 244 1355 2342">
    <p class='ocr_par' dir='ltr' id='par_1_2' title="bbox 38 244 1355 2342">
     <span class='ocr_line' id='line_1_2' title="bbox 48 244 1351 297; baseline -0.002 -12"><span class='ocrx_word' id='word_1_6' title='bbox 48 250 176 285; x_wconf 82' lang='lat' dir='ltr'><strong>demto</strong></span> <span class='ocrx_word' id='word_1_7' title='bbox 195 248 320 285; x_wconf 80' lang='lat' dir='ltr'><strong>fratris</strong></span> <span class='ocrx_word' id='word_1_8' title='bbox 341 254 457 290; x_wconf 82' lang='lat' dir='ltr'><strong>metu,</strong></span> <span class='ocrx_word' id='word_1_9' title='bbox 477 244 722 297; x_wconf 81' lang='lat' dir='ltr'><strong>popularibus</strong></span> <span class='ocrx_word' id='word_1_10' title='bbox 743 257 824 281; x_wconf 87' lang='lat' dir='ltr'><strong>esse</strong></span> <span class='ocrx_word' id='word_1_11' title='bbox 843 244 961 295; x_wconf 87' lang='lat' dir='ltr'><strong>coepit</strong></span> <span class='ocrx_word' id='word_1_12' title='bbox 978 259 986 282; x_wconf 91' lang='lat'>:</span> <span class='ocrx_word' id='word_1_13' title='bbox 1018 250 1058 281; x_wconf 92' lang='lat' dir='ltr'><strong>et</strong></span> <span class='ocrx_word' id='word_1_14' title='bbox 1075 245 1155 281; x_wconf 87' lang='lat' dir='ltr'><strong>vio·</strong></span> <span class='ocrx_word' id='word_1_15' title='bbox 1169 252 1210 284; x_wconf 91' lang='lat' dir='ltr'><strong>U.</strong></span> <span class='ocrx_word' id='word_1_16' title='bbox 1221 251 1258 284; x_wconf 92' lang='lat' dir='ltr'><strong>C.</strong></span> <span class='ocrx_word' id='word_1_17' title='bbox 1278 257 1351 285; x_wconf 68' lang='lat'><strong>5⁸4,</strong></span> 
     </span>
     <span class='ocr_line' id='line_1_3' title="bbox 49 295 1355 359; baseline -0.002 -10"><span class='ocrx_word' id='word_1_18' title='bbox 49 312 207 349; x_wconf 90' lang='lat' dir='ltr'><strong>lentiam</strong></span> <span class='ocrx_word' id='word_1_19' title='bbox 235 313 385 348; x_wconf 88' lang='lat' dir='ltr'><strong>insitam</strong></span> <span class='ocrx_word' id='word_1_20' title='bbox 416 310 572 359; x_wconf 88' lang='lat' dir='ltr'><strong>ingenio</strong></span> <span class='ocrx_word' id='word_1_21' title='bbox 604 308 896 359; x_wconf 85' lang='lat' dir='ltr'><strong>intemperantia</strong></span> <span class='ocrx_word' id='word_1_22' title='bbox 920 309 999 345; x_wconf 83' lang='lat' dir='ltr'><strong>vini</strong></span> <span class='ocrx_word' id='word_1_23' title='bbox 1024 297 1208 346; x_wconf 76' lang='lat' dir='ltr'><strong>accen-A·</strong></span> <span class='ocrx_word' id='word_1_24' title='bbox 1224 295 1261 328; x_wconf 77' lang='lat' dir='ltr'><strong>C·</strong></span> <span class='ocrx_word' id='word_1_25' title='bbox 1282 300 1355 328; x_wconf 78' lang='lat'>¹⁶⁸‘</span> 
     </span>
     <span class='ocr_line' id='line_1_4' title="bbox 50 372 1160 418; baseline -0.002 -6"><span class='ocrx_word' id='word_1_26' title='bbox 50 375 175 412; x_wconf 86' lang='lat' dir='ltr'><strong>debat.</strong></span> <span class='ocrx_word' id='word_1_27' title='bbox 205 376 396 418; x_wconf 86' lang='lat' dir='ltr'><strong>Ceterum,</strong></span> <span class='ocrx_word' id='word_1_28' title='bbox 417 375 516 410; x_wconf 89' lang='lat' dir='ltr'><strong>sicut</strong></span> <span class='ocrx_word' id='word_1_29' title='bbox 531 379 618 410; x_wconf 90' lang='lat' dir='ltr'><strong>ante</strong></span> <span class='ocrx_word' id='word_1_30' title='bbox 633 373 777 409; x_wconf 87' lang='lat' dir='ltr'><strong>dictum</strong></span> <span class='ocrx_word' id='word_1_31' title='bbox 796 378 866 416; x_wconf 87' lang='lat' dir='ltr'><strong>est,</strong></span> <span class='ocrx_word' id='word_1_32' title='bbox 881 372 927 409; x_wconf 84' lang='lat' dir='ltr'><strong>ad</strong></span> <span class='ocrx_word' id='word_1_33' title='bbox 938 372 1160 410; x_wconf 85' lang='lat' dir='ltr'><strong>Romanum</strong></span> 
     </span>
     <span class='ocr_line' id='line_1_5' title="bbox 49 436 1158 487; baseline -0.001 -11"><span class='ocrx_word' id='word_1_34' title='bbox 49 439 227 476; x_wconf 83' lang='lat' dir='ltr'><strong>incitatus</strong></span> <span class='ocrx_word' id='word_1_35' title='bbox 252 439 408 483; x_wconf 90' lang='lat' dir='ltr'><strong>bellum,</strong></span> <span class='ocrx_word' id='word_1_36' title='bbox 435 436 588 475; x_wconf 82' lang='lat' dir='ltr'>Lissum</span> <span class='ocrx_word' id='word_1_37' title='bbox 618 449 748 474; x_wconf 88' lang='lat' dir='ltr'><strong>omnes</strong></span> <span class='ocrx_word' id='word_1_38' title='bbox 784 437 912 487; x_wconf 86' lang='lat' dir='ltr'><strong>copias</strong></span> <span class='ocrx_word' id='word_1_39' title='bbox 940 438 1158 475; x_wconf 79' lang='lat' dir='ltr'>contraxit:</span> 
     </span>
     <span class='ocr_line' id='line_1_6' title="bbox 49 500 1159 552; baseline -0.001 -12"><span class='ocrx_word' id='word_1_40' title='bbox 49 503 260 552; x_wconf 88' lang='lat' dir='ltr'><strong>quindecim</strong></span> <span class='ocrx_word' id='word_1_41' title='bbox 281 503 400 540; x_wconf 85' lang='lat' dir='ltr'><strong>millia</strong></span> <span class='ocrx_word' id='word_1_42' title='bbox 414 509 646 540; x_wconf 89' lang='lat' dir='ltr'><strong>armatorum</strong></span> <span class='ocrx_word' id='word_1_43' title='bbox 664 500 830 538; x_wconf 85' lang='lat' dir='ltr'><strong>fuerunt.</strong></span> <span class='ocrx_word' id='word_1_44' title='bbox 860 500 969 545; x_wconf 90' lang='lat' dir='ltr'><strong>Inde,</strong></span> <span class='ocrx_word' id='word_1_45' title='bbox 985 500 1102 538; x_wconf 89' lang='lat' dir='ltr'><strong>fratre</strong></span> <span class='ocrx_word' id='word_1_46' title='bbox 1121 503 1159 539; x_wconf 87' lang='lat' dir='ltr'><strong>in</strong></span> 
     </span>
     <span class='ocr_line' id='line_1_7' title="bbox 49 564 1161 617; baseline -0.001 -13"><span class='ocrx_word' id='word_1_47' title='bbox 49 568 253 604; x_wconf 90' lang='lat' dir='ltr'><strong>Caviorum</strong></span> <span class='ocrx_word' id='word_1_48' title='bbox 273 574 437 617; x_wconf 84' lang='lat' dir='ltr'>gentem,</span> <span class='ocrx_word' id='word_1_49' title='bbox 468 567 503 603; x_wconf 89' lang='lat' dir='ltr'><strong>vi</strong></span> <span class='ocrx_word' id='word_1_50' title='bbox 526 571 592 603; x_wconf 92' lang='lat' dir='ltr'><strong>aut</strong></span> <span class='ocrx_word' id='word_1_51' title='bbox 618 573 763 602; x_wconf 88' lang='lat' dir='ltr'><strong>terrore</strong></span> <span class='ocrx_word' id='word_1_52' title='bbox 791 564 1053 614; x_wconf 86' lang='lat' dir='ltr'>subigendam,</span> <span class='ocrx_word' id='word_1_53' title='bbox 1074 579 1161 604; x_wconf 89' lang='lat' dir='ltr'><strong>cum</strong></span> 
     </span>
     <span class='ocr_line' id='line_1_8' title="bbox 47 629 1159 682; baseline -0.001 -14"><span class='ocrx_word' id='word_1_54' title='bbox 47 631 150 668; x_wconf 90' lang='lat' dir='ltr'><strong>mille</strong></span> <span class='ocrx_word' id='word_1_55' title='bbox 169 632 357 682; x_wconf 84' lang='lat' dir='ltr'>peditibus</span> <span class='ocrx_word' id='word_1_56' title='bbox 374 638 412 668; x_wconf 89' lang='lat' dir='ltr'><strong>et</strong></span> <span class='ocrx_word' id='word_1_57' title='bbox 431 630 707 680; x_wconf 83' lang='lat' dir='ltr'><strong>quinquaginta</strong></span> <span class='ocrx_word' id='word_1_58' title='bbox 726 629 914 678; x_wconf 88' lang='lat' dir='ltr'><strong>equitibus</strong></span> <span class='ocrx_word' id='word_1_59' title='bbox 934 630 1064 674; x_wconf 88' lang='lat' dir='ltr'><strong>misso,</strong></span> <span class='ocrx_word' id='word_1_60' title='bbox 1079 631 1159 681; x_wconf 89' lang='lat' dir='ltr'><strong>ipse</strong></span> 
     </span>
     <span class='ocr_line' id='line_1_9' title="bbox 49 694 1157 745; baseline 0 -12"><span class='ocrx_word' id='word_1_61' title='bbox 49 696 96 733; x_wconf 91' lang='lat' dir='ltr'><strong>ad</strong></span> <span class='ocrx_word' id='word_1_62' title='bbox 121 696 344 733; x_wconf 85' lang='lat' dir='ltr'><strong>Bassaniam</strong></span> <span class='ocrx_word' id='word_1_63' title='bbox 365 696 496 732; x_wconf 85' lang='lat' dir='ltr'><strong>urbem</strong></span> <span class='ocrx_word' id='word_1_64' title='bbox 515 696 682 745; x_wconf 87' lang='lat' dir='ltr'><strong>quinque</strong></span> <span class='ocrx_word' id='word_1_65' title='bbox 706 694 825 731; x_wconf 87' lang='lat' dir='ltr'><strong>millia</strong></span> <span class='ocrx_word' id='word_1_66' title='bbox 842 694 890 731; x_wconf 95' lang='lat' dir='ltr'><strong>ab</strong></span> <span class='ocrx_word' id='word_1_67' title='bbox 909 695 1022 731; x_wconf 89' lang='lat' dir='ltr'><strong>Lisso</strong></span> <span class='ocrx_word' id='word_1_68' title='bbox 1041 695 1157 733; x_wconf 86' lang='lat' dir='ltr'><strong>ducit.</strong></span> 
     </span>
     <span class='ocr_line' id='line_1_10' title="bbox 47 760 1157 810; baseline 0 -13"><span class='ocrx_word' id='word_1_69' title='bbox 47 761 150 797; x_wconf 88' lang='lat' dir='ltr'><strong>Socii</strong></span> <span class='ocrx_word' id='word_1_70' title='bbox 169 767 276 799; x_wconf 87' lang='lat' dir='ltr'><strong>erant</strong></span> <span class='ocrx_word' id='word_1_71' title='bbox 294 760 581 797; x_wconf 87' lang='lat' dir='ltr'><strong>Romanorum:</strong></span> <span class='ocrx_word' id='word_1_72' title='bbox 612 760 740 809; x_wconf 88' lang='lat' dir='ltr'><strong>itaque</strong></span> <span class='ocrx_word' id='word_1_73' title='bbox 759 772 826 810; x_wconf 89' lang='lat' dir='ltr'><strong>per</strong></span> <span class='ocrx_word' id='word_1_74' title='bbox 843 760 978 797; x_wconf 92' lang='lat' dir='ltr'><strong>missos</strong></span> <span class='ocrx_word' id='word_1_75' title='bbox 997 761 1157 797; x_wconf 91' lang='lat' dir='ltr'><strong>nuncios</strong></span> 
     </span>
     <span class='ocr_line' id='line_1_11' title="bbox 45 825 1156 876; baseline 0.001 -15"><span class='ocrx_word' id='word_1_76' title='bbox 45 826 148 876; x_wconf 85' lang='lat' dir='ltr'><strong>prius</strong></span> <span class='ocrx_word' id='word_1_77' title='bbox 178 826 331 868; x_wconf 84' lang='lat' dir='ltr'><strong>tentati,</strong></span> <span class='ocrx_word' id='word_1_78' title='bbox 365 825 601 861; x_wconf 85' lang='lat' dir='ltr'><strong>obsidionem</strong></span> <span class='ocrx_word' id='word_1_79' title='bbox 632 826 725 875; x_wconf 87' lang='lat' dir='ltr'><strong>pati,</strong></span> <span class='ocrx_word' id='word_1_80' title='bbox 755 838 868 874; x_wconf 87' lang='lat' dir='ltr'><strong>quam</strong></span> <span class='ocrx_word' id='word_1_81' title='bbox 900 825 1035 862; x_wconf 86' lang='lat' dir='ltr'>dedere</span> <span class='ocrx_word' id='word_1_82' title='bbox 1061 837 1156 869; x_wconf 88' lang='lat' dir='ltr'><strong>sese,</strong></span> 
     </span>
     <span class='ocr_line' id='line_1_12' title="bbox 48 889 1157 940; baseline 0 -14"><span class='ocrx_word' id='word_1_83' title='bbox 48 889 275 926; x_wconf 89' lang='lat' dir='ltr'><strong>maluerunt.</strong></span> <span class='ocrx_word' id='word_1_84' title='bbox 332 889 600 924; x_wconf 85' lang='lat' dir='ltr'><strong>Caravantium</strong></span> <span class='ocrx_word' id='word_1_85' title='bbox 622 890 660 924; x_wconf 89' lang='lat' dir='ltr'><strong>in</strong></span> <span class='ocrx_word' id='word_1_86' title='bbox 686 889 811 925; x_wconf 88' lang='lat' dir='ltr'><strong>Caviis</strong></span> <span class='ocrx_word' id='word_1_87' title='bbox 837 889 1027 925; x_wconf 85' lang='lat' dir='ltr'><strong>Durnium</strong></span> <span class='ocrx_word' id='word_1_88' title='bbox 1047 891 1157 940; x_wconf 87' lang='lat' dir='ltr'><strong>oppi-</strong></span> 
     </span>
     <span class='ocr_line' id='line_1_13' title="bbox 46 952 1158 1004; baseline 0 -14"><span class='ocrx_word' id='word_1_89' title='bbox 46 954 135 990; x_wconf 90' lang='lat' dir='ltr'><strong>dum</strong></span> <span class='ocrx_word' id='word_1_90' title='bbox 165 954 427 990; x_wconf 85' lang='lat' dir='ltr'><strong>advenientem</strong></span> <span class='ocrx_word' id='word_1_91' title='bbox 456 952 622 1002; x_wconf 82' lang='lat' dir='ltr'><strong>benigne</strong></span> <span class='ocrx_word' id='word_1_92' title='bbox 654 955 822 1004; x_wconf 87' lang='lat' dir='ltr'><strong>accepit:</strong></span> <span class='ocrx_word' id='word_1_93' title='bbox 857 954 1078 990; x_wconf 81' lang='lat' dir='ltr'><strong>Caravantis</strong></span> <span class='ocrx_word' id='word_1_94' title='bbox 1103 954 1158 990; x_wconf 90' lang='lat' dir='ltr'><strong>al-</strong></span> 
     </span>
     <span class='ocr_line' id='line_1_14' title="bbox 46 1017 1158 1066; baseline 0 -12"><span class='ocrx_word' id='word_1_95' title='bbox 46 1025 128 1054; x_wconf 91' lang='lat' dir='ltr'><strong>tera</strong></span> <span class='ocrx_word' id='word_1_96' title='bbox 159 1018 246 1054; x_wconf 91' lang='lat' dir='ltr'><strong>urbs</strong></span> <span class='ocrx_word' id='word_1_97' title='bbox 277 1017 459 1054; x_wconf 80' lang='lat' dir='ltr'><strong>exclusit:</strong></span> <span class='ocrx_word' id='word_1_98' title='bbox 492 1023 543 1060; x_wconf 87' lang='lat' dir='ltr'><strong>et,</strong></span> <span class='ocrx_word' id='word_1_99' title='bbox 582 1030 697 1066; x_wconf 92' lang='lat' dir='ltr'><strong>quum</strong></span> <span class='ocrx_word' id='word_1_100' title='bbox 730 1030 841 1066; x_wconf 83' lang='lat' dir='ltr'><strong>agros</strong></span> <span class='ocrx_word' id='word_1_101' title='bbox 876 1031 1006 1054; x_wconf 90' lang='lat' dir='ltr'><strong>eorum</strong></span> <span class='ocrx_word' id='word_1_102' title='bbox 1041 1018 1158 1055; x_wconf 87' lang='lat' dir='ltr'><strong>effuse</strong></span> 
     </span>
     <span class='ocr_line' id='line_1_15' title="bbox 45 1081 1158 1132; baseline 0.002 -15"><span class='ocrx_word' id='word_1_103' title='bbox 45 1088 225 1125; x_wconf 85' lang='lat' dir='ltr'><strong>vastaret,</strong></span> <span class='ocrx_word' id='word_1_104' title='bbox 249 1081 394 1130; x_wconf 83' lang='lat' dir='ltr'><strong>aliquot</strong></span> <span class='ocrx_word' id='word_1_105' title='bbox 425 1081 543 1131; x_wconf 88' lang='lat' dir='ltr'><strong>palati</strong></span> <span class='ocrx_word' id='word_1_106' title='bbox 572 1081 709 1118; x_wconf 89' lang='lat' dir='ltr'><strong>milites</strong></span> <span class='ocrx_word' id='word_1_107' title='bbox 736 1083 940 1132; x_wconf 85' lang='lat' dir='ltr'><strong>agrestium</strong></span> <span class='ocrx_word' id='word_1_108' title='bbox 970 1096 1158 1120; x_wconf 88' lang='lat' dir='ltr'><strong>concursu</strong></span> 
     </span>
     <span class='ocr_line' id='line_1_16' title="bbox 47 1144 1158 1196; baseline 0.002 -15"><span class='ocrx_word' id='word_1_109' title='bbox 47 1145 236 1182; x_wconf 85' lang='lat' dir='ltr'><strong>interfecti</strong></span> <span class='ocrx_word' id='word_1_110' title='bbox 266 1152 366 1182; x_wconf 86' lang='lat' dir='ltr'><strong>sunt.</strong></span> <span class='ocrx_word' id='word_1_111' title='bbox 421 1144 508 1181; x_wconf 88' lang='lat' dir='ltr'><strong>Jam</strong></span> <span class='ocrx_word' id='word_1_112' title='bbox 527 1150 566 1181; x_wconf 90' lang='lat' dir='ltr'><strong>et</strong></span> <span class='ocrx_word' id='word_1_113' title='bbox 584 1146 658 1196; x_wconf 89' lang='lat' dir='ltr'><strong>Ap.</strong></span> <span class='ocrx_word' id='word_1_114' title='bbox 676 1145 870 1190; x_wconf 89' lang='lat' dir='ltr'><strong>Claudius,</strong></span> <span class='ocrx_word' id='word_1_115' title='bbox 901 1147 1083 1183; x_wconf 88' lang='lat' dir='ltr'><strong>adsumtis</strong></span> <span class='ocrx_word' id='word_1_116' title='bbox 1109 1147 1158 1183; x_wconf 90' lang='lat' dir='ltr'><strong>ad</strong></span> 
     </span>
     <span class='ocr_line' id='line_1_17' title="bbox 47 1209 1157 1262; baseline 0.001 -15"><span class='ocrx_word' id='word_1_117' title='bbox 47 1223 132 1247; x_wconf 90' lang='lat' dir='ltr'><strong>eum</strong></span> <span class='ocrx_word' id='word_1_118' title='bbox 152 1211 372 1252; x_wconf 85' lang='lat' dir='ltr'><strong>exercitum,</strong></span> <span class='ocrx_word' id='word_1_119' title='bbox 389 1222 499 1258; x_wconf 85' lang='lat' dir='ltr'><strong>quem</strong></span> <span class='ocrx_word' id='word_1_120' title='bbox 518 1209 697 1254; x_wconf 83' lang='lat' dir='ltr'><strong>habebat,</strong></span> <span class='ocrx_word' id='word_1_121' title='bbox 711 1210 964 1254; x_wconf 87' lang='lat' dir='ltr'><strong>Bullinorum,</strong></span> <span class='ocrx_word' id='word_1_122' title='bbox 981 1219 1020 1248; x_wconf 90' lang='lat' dir='ltr'><strong>et</strong></span> <span class='ocrx_word' id='word_1_123' title='bbox 1033 1211 1157 1262; x_wconf 89' lang='lat' dir='ltr'><strong>Apol-</strong></span> 
     </span>
     <span class='ocr_line' id='line_1_18' title="bbox 43 1274 1156 1327; baseline 0.002 -16"><span class='ocrx_word' id='word_1_124' title='bbox 43 1275 257 1318; x_wconf 86' lang='lat' dir='ltr'><strong>loniatium,</strong></span> <span class='ocrx_word' id='word_1_125' title='bbox 289 1282 326 1310; x_wconf 93' lang='lat' dir='ltr'><strong>et</strong></span> <span class='ocrx_word' id='word_1_126' title='bbox 345 1274 670 1323; x_wconf 85' lang='lat' dir='ltr'><strong>Dyrrachinorum</strong></span> <span class='ocrx_word' id='word_1_127' title='bbox 696 1275 860 1319; x_wconf 85' lang='lat' dir='ltr'><strong>auxiliis,</strong></span> <span class='ocrx_word' id='word_1_128' title='bbox 887 1276 1079 1327; x_wconf 85' lang='lat' dir='ltr'><strong>profectus</strong></span> <span class='ocrx_word' id='word_1_129' title='bbox 1108 1290 1156 1314; x_wconf 82' lang='lat' dir='ltr'><strong>ex</strong></span> 
     </span>
     <span class='ocr_line' id='line_1_19' title="bbox 43 1339 1150 1387; baseline 0.001 -11"><span class='ocrx_word' id='word_1_130' title='bbox 43 1340 224 1383; x_wconf 86' lang='lat' dir='ltr'><strong>hibernis,</strong></span> <span class='ocrx_word' id='word_1_131' title='bbox 253 1340 353 1375; x_wconf 85' lang='lat' dir='ltr'><strong>circa</strong></span> <span class='ocrx_word' id='word_1_132' title='bbox 377 1339 597 1375; x_wconf 89' lang='lat' dir='ltr'><strong>Genusuum</strong></span> <span class='ocrx_word' id='word_1_133' title='bbox 627 1353 776 1377; x_wconf 88' lang='lat' dir='ltr'><strong>amnem</strong></span> <span class='ocrx_word' id='word_1_134' title='bbox 805 1341 1150 1387; x_wconf 82' lang='lat' dir='ltr'><strong>castra·habebat;</strong></span> 
     </span>
     <span class='ocr_line' id='line_1_20' title="bbox 43 1403 1150 1455; baseline 0.001 -14"><span class='ocrx_word' id='word_1_135' title='bbox 43 1405 173 1441; x_wconf 82' lang='lat' dir='ltr'><strong>audito</strong></span> <span class='ocrx_word' id='word_1_136' title='bbox 191 1404 334 1441; x_wconf 86' lang='lat' dir='ltr'><strong>foedere</strong></span> <span class='ocrx_word' id='word_1_137' title='bbox 351 1405 449 1439; x_wconf 86' lang='lat' dir='ltr'><strong>inter</strong></span> <span class='ocrx_word' id='word_1_138' title='bbox 463 1403 602 1440; x_wconf 77' lang='lat' dir='ltr'><strong>Persea</strong></span> <span class='ocrx_word' id='word_1_139' title='bbox 621 1410 659 1441; x_wconf 92' lang='lat' dir='ltr'><strong>et</strong></span> <span class='ocrx_word' id='word_1_140' title='bbox 675 1404 870 1448; x_wconf 84' lang='lat' dir='ltr'><strong>Gentium,</strong></span> <span class='ocrx_word' id='word_1_141' title='bbox 887 1412 925 1442; x_wconf 91' lang='lat' dir='ltr'><strong>et</strong></span> <span class='ocrx_word' id='word_1_142' title='bbox 939 1405 1150 1455; x_wconf 85' lang='lat' dir='ltr'><strong>legatorum</strong></span> 
     </span>
     <span class='ocr_line' id='line_1_21' title="bbox 43 1467 1153 1518; baseline 0.002 -13"><span class='ocrx_word' id='word_1_143' title='bbox 43 1468 272 1505; x_wconf 85' lang='lat' dir='ltr'><strong>violatorum</strong></span> <span class='ocrx_word' id='word_1_144' title='bbox 298 1467 438 1518; x_wconf 81' lang='lat' dir='ltr'><strong>injuria</strong></span> <span class='ocrx_word' id='word_1_145' title='bbox 463 1481 656 1512; x_wconf 88' lang='lat' dir='ltr'><strong>aecensus,</strong></span> <span class='ocrx_word' id='word_1_146' title='bbox 674 1468 816 1505; x_wconf 92' lang='lat' dir='ltr'><strong>bellum</strong></span> <span class='ocrx_word' id='word_1_147' title='bbox 834 1470 935 1506; x_wconf 91' lang='lat' dir='ltr'><strong>haud</strong></span> <span class='ocrx_word' id='word_1_148' title='bbox 954 1469 1067 1507; x_wconf 87' lang='lat' dir='ltr'><strong>dubie</strong></span> <span class='ocrx_word' id='word_1_149' title='bbox 1086 1470 1153 1507; x_wconf 85' lang='lat' dir='ltr'><strong>ad-</strong></span> 
     </span>
     <span class='ocr_line' id='line_1_22' title="bbox 42 1532 1153 1584; baseline 0.001 -15"><span class='ocrx_word' id='word_1_150' title='bbox 42 1545 169 1569; x_wconf 85' lang='lat' dir='ltr'><strong>versus</strong></span> <span class='ocrx_word' id='word_1_151' title='bbox 196 1545 281 1568; x_wconf 92' lang='lat' dir='ltr'><strong>eum</strong></span> <span class='ocrx_word' id='word_1_152' title='bbox 311 1538 497 1580; x_wconf 77' lang='lat' dir='ltr'><strong>gesturus,</strong></span> <span class='ocrx_word' id='word_1_153' title='bbox 553 1532 711 1568; x_wconf 86' lang='lat' dir='ltr'><strong>Anicius</strong></span> <span class='ocrx_word' id='word_1_154' title='bbox 740 1540 895 1583; x_wconf 83' lang='lat' dir='ltr'><strong>praetor,</strong></span> <span class='ocrx_word' id='word_1_155' title='bbox 916 1546 961 1570; x_wconf 92' lang='lat' dir='ltr'><strong>eo</strong></span> <span class='ocrx_word' id='word_1_156' title='bbox 981 1539 1153 1584; x_wconf 89' lang='lat' dir='ltr'><strong>tempore</strong></span> 
     </span>
     <span class='ocr_line' id='line_1_23' title="bbox 40 1595 1152 1648; baseline -0.001 -14"><span class='ocrx_word' id='word_1_157' title='bbox 40 1596 255 1646; x_wconf 84' lang='lat' dir='ltr'><strong>Apolloniae</strong></span> <span class='ocrx_word' id='word_1_158' title='bbox 280 1595 431 1639; x_wconf 86' lang='lat' dir='ltr'><strong>auditis,</strong></span> <span class='ocrx_word' id='word_1_159' title='bbox 453 1608 536 1645; x_wconf 78' lang='lat' dir='ltr'><strong>quae</strong></span> <span class='ocrx_word' id='word_1_160' title='bbox 555 1596 594 1632; x_wconf 89' lang='lat' dir='ltr'><strong>in</strong></span> <span class='ocrx_word' id='word_1_161' title='bbox 614 1595 767 1646; x_wconf 78' lang='lat' dir='ltr'><strong>Illyrico</strong></span> <span class='ocrx_word' id='word_1_162' title='bbox 793 1604 1027 1646; x_wconf 86' lang='lat' dir='ltr'><strong>gererentur,</strong></span> <span class='ocrx_word' id='word_1_163' title='bbox 1055 1611 1152 1648; x_wconf 88' lang='lat' dir='ltr'><strong>prae-</strong></span> 
     </span>
     <span class='ocr_line' id='line_1_24' title="bbox 40 1660 1152 1711; baseline 0.001 -13"><span class='ocrx_word' id='word_1_164' title='bbox 40 1661 238 1710; x_wconf 87' lang='lat' dir='ltr'><strong>missisque</strong></span> <span class='ocrx_word' id='word_1_165' title='bbox 257 1660 304 1697; x_wconf 84' lang='lat' dir='ltr'><strong>ad</strong></span> <span class='ocrx_word' id='word_1_166' title='bbox 315 1660 482 1711; x_wconf 88' lang='lat' dir='ltr'><strong>Appium</strong></span> <span class='ocrx_word' id='word_1_167' title='bbox 502 1660 634 1705; x_wconf 88' lang='lat' dir='ltr'><strong>literis,</strong></span> <span class='ocrx_word' id='word_1_168' title='bbox 652 1667 694 1697; x_wconf 91' lang='lat' dir='ltr'><strong>ut</strong></span> <span class='ocrx_word' id='word_1_169' title='bbox 718 1674 758 1697; x_wconf 90' lang='lat' dir='ltr'><strong>se</strong></span> <span class='ocrx_word' id='word_1_170' title='bbox 775 1661 821 1698; x_wconf 89' lang='lat' dir='ltr'><strong>ad</strong></span> <span class='ocrx_word' id='word_1_171' title='bbox 841 1661 1062 1698; x_wconf 89' lang='lat' dir='ltr'><strong>Genusuum</strong></span> <span class='ocrx_word' id='word_1_172' title='bbox 1082 1661 1152 1699; x_wconf 90' lang='lat' dir='ltr'><strong>ob-</strong></span> 
     </span>
     <span class='ocr_line' id='line_1_25' title="bbox 39 1724 1157 1777; baseline 0.002 -16"><span class='ocrx_word' id='word_1_173' title='bbox 39 1725 236 1777; x_wconf 83' lang='lat' dir='ltr'><strong>periretur,</strong></span> <span class='ocrx_word' id='word_1_174' title='bbox 257 1724 383 1760; x_wconf 83' lang='lat' dir='ltr'><strong>triduo</strong></span> <span class='ocrx_word' id='word_1_175' title='bbox 412 1731 450 1760; x_wconf 91' lang='lat' dir='ltr'><strong>et</strong></span> <span class='ocrx_word' id='word_1_176' title='bbox 478 1725 558 1774; x_wconf 89' lang='lat' dir='ltr'><strong>ipse</strong></span> <span class='ocrx_word' id='word_1_177' title='bbox 589 1725 628 1760; x_wconf 92' lang='lat' dir='ltr'><strong>in</strong></span> <span class='ocrx_word' id='word_1_178' title='bbox 658 1732 781 1761; x_wconf 87' lang='lat' dir='ltr'><strong>castra</strong></span> <span class='ocrx_word' id='word_1_179' title='bbox 805 1726 935 1763; x_wconf 86' lang='lat' dir='ltr'><strong>venit:</strong></span> <span class='ocrx_word' id='word_1_180' title='bbox 967 1733 1005 1762; x_wconf 91' lang='lat' dir='ltr'><strong>et</strong></span> <span class='ocrx_word' id='word_1_181' title='bbox 1024 1726 1072 1762; x_wconf 92' lang='lat' dir='ltr'><strong>ad</strong></span> <span class='ocrx_word' id='word_1_182' title='bbox 1090 1738 1157 1771; x_wconf 64' lang='lat' dir='ltr'><strong>ea,</strong></span> 
     </span>
     <span class='ocr_line' id='line_1_26' title="bbox 41 1788 1150 1841; baseline 0 -14"><span class='ocrx_word' id='word_1_183' title='bbox 41 1803 123 1840; x_wconf 84' lang='lat' dir='ltr'><strong>quae</strong></span> <span class='ocrx_word' id='word_1_184' title='bbox 141 1788 322 1832; x_wconf 88' lang='lat' dir='ltr'><strong>habebat,</strong></span> <span class='ocrx_word' id='word_1_185' title='bbox 343 1788 484 1825; x_wconf 79' lang='lat' dir='ltr'><strong>auxilia</strong></span> <span class='ocrx_word' id='word_1_186' title='bbox 511 1788 690 1825; x_wconf 86' lang='lat' dir='ltr'><strong>adsumtis</strong></span> <span class='ocrx_word' id='word_1_187' title='bbox 721 1789 993 1826; x_wconf 84' lang='lat' dir='ltr'><strong>Parthinorum</strong></span> <span class='ocrx_word' id='word_1_188' title='bbox 1011 1790 1150 1841; x_wconf 86' lang='lat' dir='ltr'><strong>juven-</strong></span> 
     </span>
     <span class='ocr_line' id='line_1_27' title="bbox 40 1852 1150 1904; baseline 0 -13"><span class='ocrx_word' id='word_1_189' title='bbox 40 1855 130 1891; x_wconf 86' lang='lat' dir='ltr'><strong>tutis</strong></span> <span class='ocrx_word' id='word_1_190' title='bbox 150 1853 296 1891; x_wconf 89' lang='lat' dir='ltr'><strong>duobus</strong></span> <span class='ocrx_word' id='word_1_191' title='bbox 316 1852 481 1889; x_wconf 87' lang='lat' dir='ltr'><strong>millibus</strong></span> <span class='ocrx_word' id='word_1_192' title='bbox 501 1853 670 1904; x_wconf 89' lang='lat' dir='ltr'><strong>peditum</strong></span> <span class='ocrx_word' id='word_1_193' title='bbox 690 1860 728 1890; x_wconf 86' lang='lat' dir='ltr'><strong>et</strong></span> <span class='ocrx_word' id='word_1_194' title='bbox 754 1854 942 1904; x_wconf 87' lang='lat' dir='ltr'><strong>equitibus</strong></span> <span class='ocrx_word' id='word_1_195' title='bbox 962 1855 1150 1899; x_wconf 86' lang='lat' dir='ltr'><strong>ducentis,</strong></span> 
     </span>
     <span class='ocr_line' id='line_1_28' title="bbox 42 1918 1147 1969; baseline 0 -14"><span class='ocrx_word' id='word_1_196' title='bbox 42 1918 247 1969; x_wconf 84' lang='lat' dir='ltr'><strong>(peditibus</strong></span> <span class='ocrx_word' id='word_1_197' title='bbox 283 1918 490 1968; x_wconf 87' lang='lat' dir='ltr'><strong>Epicadus,</strong></span> <span class='ocrx_word' id='word_1_198' title='bbox 527 1918 716 1967; x_wconf 87' lang='lat' dir='ltr'><strong>equitibus</strong></span> <span class='ocrx_word' id='word_1_199' title='bbox 754 1918 931 1968; x_wconf 84' lang='lat' dir='ltr'><strong>Algalsus</strong></span> <span class='ocrx_word' id='word_1_200' title='bbox 968 1921 1147 1969; x_wconf 85' lang='lat' dir='ltr'><strong>praeerat)</strong></span> 
     </span>
     <span class='ocr_line' id='line_1_29' title="bbox 40 1982 1147 2034; baseline 0.001 -15"><span class='ocrx_word' id='word_1_201' title='bbox 40 1983 199 2034; x_wconf 88' lang='lat' dir='ltr'><strong>parabat</strong></span> <span class='ocrx_word' id='word_1_202' title='bbox 227 1983 362 2019; x_wconf 88' lang='lat' dir='ltr'><strong>ducere</strong></span> <span class='ocrx_word' id='word_1_203' title='bbox 392 1984 432 2019; x_wconf 91' lang='lat' dir='ltr'><strong>in</strong></span> <span class='ocrx_word' id='word_1_204' title='bbox 455 1982 662 2032; x_wconf 88' lang='lat' dir='ltr'><strong>Illyricum,</strong></span> <span class='ocrx_word' id='word_1_205' title='bbox 683 1984 846 2019; x_wconf 86' lang='lat' dir='ltr'><strong>maxime</strong></span> <span class='ocrx_word' id='word_1_206' title='bbox 866 1989 907 2019; x_wconf 88' lang='lat' dir='ltr'><strong>ut</strong></span> <span class='ocrx_word' id='word_1_207' title='bbox 925 1983 1147 2020; x_wconf 88' lang='lat' dir='ltr'><strong>Bassanitas</strong></span> 
     </span>
     <span class='ocr_line' id='line_1_30' title="bbox 40 2046 1147 2097; baseline 0.002 -14"><span class='ocrx_word' id='word_1_208' title='bbox 40 2047 201 2084; x_wconf 86' lang='lat' dir='ltr'><strong>solveret</strong></span> <span class='ocrx_word' id='word_1_209' title='bbox 219 2048 430 2085; x_wconf 84' lang='lat' dir='ltr'><strong>obsidione.</strong></span> <span class='ocrx_word' id='word_1_210' title='bbox 486 2047 627 2083; x_wconf 89' lang='lat' dir='ltr'><strong>Tenuit</strong></span> <span class='ocrx_word' id='word_1_211' title='bbox 647 2047 818 2097; x_wconf 88' lang='lat' dir='ltr'><strong>inpetum</strong></span> <span class='ocrx_word' id='word_1_212' title='bbox 837 2046 917 2097; x_wconf 89' lang='lat' dir='ltr'><strong>ejus</strong></span> <span class='ocrx_word' id='word_1_213' title='bbox 936 2047 1038 2084; x_wconf 88' lang='lat' dir='ltr'><strong>fama</strong></span> <span class='ocrx_word' id='word_1_214' title='bbox 1052 2048 1147 2086; x_wconf 86' lang='lat' dir='ltr'><strong>lem-</strong></span> 
     </span>
     <span class='ocr_line' id='line_1_31' title="bbox 40 2111 1147 2162; baseline 0.002 -14"><span class='ocrx_word' id='word_1_215' title='bbox 40 2111 177 2148; x_wconf 83' lang='lat' dir='ltr'><strong>borum</strong></span> <span class='ocrx_word' id='word_1_216' title='bbox 211 2113 442 2149; x_wconf 86' lang='lat' dir='ltr'><strong>vastantium</strong></span> <span class='ocrx_word' id='word_1_217' title='bbox 477 2113 707 2148; x_wconf 83' lang='lat' dir='ltr'><strong>maritimam</strong></span> <span class='ocrx_word' id='word_1_218' title='bbox 743 2124 860 2149; x_wconf 90' lang='lat' dir='ltr'><strong>oram.</strong></span> <span class='ocrx_word' id='word_1_219' title='bbox 934 2111 1147 2162; x_wconf 84' lang='lat' dir='ltr'><strong>Octoginta</strong></span> 
     </span>
     <span class='ocr_line' id='line_1_32' title="bbox 41 2175 1146 2219; baseline 0.003 -8"><span class='ocrx_word' id='word_1_220' title='bbox 41 2183 149 2212; x_wconf 82' lang='lat' dir='ltr'><strong>erant</strong></span> <span class='ocrx_word' id='word_1_221' title='bbox 180 2175 309 2219; x_wconf 85' lang='lat' dir='ltr'><strong>lembi,</strong></span> <span class='ocrx_word' id='word_1_222' title='bbox 329 2183 483 2213; x_wconf 89' lang='lat' dir='ltr'><strong>auctore</strong></span> <span class='ocrx_word' id='word_1_223' title='bbox 508 2176 734 2213; x_wconf 89' lang='lat' dir='ltr'><strong>Pantaucho</strong></span> <span class='ocrx_word' id='word_1_224' title='bbox 764 2177 869 2213; x_wconf 90' lang='lat' dir='ltr'><strong>missi</strong></span> <span class='ocrx_word' id='word_1_225' title='bbox 895 2190 917 2213; x_wconf 93' lang='lat' dir='ltr'><strong>a</strong></span> <span class='ocrx_word' id='word_1_226' title='bbox 936 2177 1078 2214; x_wconf 88' lang='lat' dir='ltr'><strong>Gentio</strong></span> <span class='ocrx_word' id='word_1_227' title='bbox 1098 2177 1146 2214; x_wconf 89' lang='lat' dir='ltr'><strong>ad</strong></span> 
     </span>
     <span class='ocr_line' id='line_1_33' title="bbox 38 2240 1142 2294; baseline 0.003 -17"><span class='ocrx_word' id='word_1_228' title='bbox 38 2240 366 2290; x_wconf 87' lang='lat' dir='ltr'><strong>Dyrrachinorum</strong></span> <span class='ocrx_word' id='word_1_229' title='bbox 384 2247 422 2278; x_wconf 86' lang='lat' dir='ltr'><strong>et</strong></span> <span class='ocrx_word' id='word_1_230' title='bbox 436 2241 740 2292; x_wconf 90' lang='lat' dir='ltr'><strong>Apolloniatium</strong></span> <span class='ocrx_word' id='word_1_231' title='bbox 758 2255 869 2292; x_wconf 82' lang='lat' dir='ltr'><strong>agros</strong></span> <span class='ocrx_word' id='word_1_232' title='bbox 889 2242 1142 2294; x_wconf 86' lang='lat' dir='ltr'><strong>populandos.</strong></span> 
     </span>
     <span class='ocr_line' id='line_1_34' title="bbox 38 2303 351 2342; baseline -0.003 0"><span class='ocrx_word' id='word_1_233' title='bbox 38 2303 137 2342; x_wconf 82' lang='lat' dir='ltr'><strong>Tum</strong></span> <span class='ocrx_word' id='word_1_234' title='bbox 156 2304 284 2342; x_wconf 81' lang='lat' dir='ltr'><strong>classis</strong></span> <span class='ocrx_word' id='word_1_235' title='bbox 304 2304 351 2341; x_wconf 88' lang='lat' dir='ltr'><strong>ad</strong></span> 
     </span>
    </p>
   </div>
   <div class='ocr_carea' id='block_1_3' title="bbox 544 2368 628 2407">
    <p class='ocr_par' dir='ltr' id='par_1_3' title="bbox 544 2368 628 2407">
     <span class='ocr_line' id='line_1_35' title="bbox 544 2368 628 2407; baseline -0.024 0"><span class='ocrx_word' id='word_1_236' title='bbox 544 2368 628 2407; x_wconf 87' lang='lat' dir='ltr'><strong>X2</strong></span> 
     </span>
    </p>
   </div>
  </div>
 </body>
</html>
