1546 2648
284 132 439 164 LIBER
462 126 692 161 xxxvnt.
725 128 833 160 CAP.
856 130 1027 162 xxvn.
1136 132 1214 177 109

102 222 299 275 ploranda,
316 235 364 260 ne
380 222 469 273 quid
488 221 613 271 ignoti
628 227 739 265 esset,
761 220 946 258 absumsit
961 221 1093 259 consul
1109 237 1116 259 :
1138 229 1214 260 ter-
1229 228 1270 258 U.
1282 227 1319 259 C.
1337 232 1412 260 563.

101 288 157 324 tio
173 288 245 332 die,
262 299 378 337 quum
393 287 563 337 auspicio
576 298 732 336 operam
747 285 925 329 dedisset,
942 286 1077 323 deinde
1093 288 1216 324 inmo·
1232 272 1268 301 Α·
1283 272 1320 303 C'
1339 278 1411 305 ¹⁸⁹·

99 351 229 396 lasset,
250 353 289 388 in
309 357 475 401 quatuor
493 357 619 400 partes
638 350 774 386 divisas
796 351 925 400 copias
946 351 1092 387 educit:
1126 352 1216 389 duas

101 422 143 453 ut
160 416 285 453 medio
305 423 436 453 monte
455 415 622 458 (luceret,
645 415 734 451 duas
756 414 803 452 ab
823 413 1003 451 lateribus
1025 421 1066 451 ut
1086 415 1218 453 adver-

100 493 162 518 sus
183 494 326 518 cornua
341 481 538 518 Gallorum
560 481 735 529 erigeret.
783 480 968 517 Hostium
982 482 1084 531 quod
1103 483 1218 520 robo-
1230 482 1396 514 Proelium.

101 545 152 581 ris
166 552 260 589 erat,
273 546 481 595 Tectosagi
495 552 533 582 et
544 546 701 582 Trocmi
714 546 874 582 mediam
888 546 1071 583 tenebant
1084 549 1218 592 aciem,

102 610 219 647 millia
233 611 431 648 hominum
445 611 740 660 quinquaginta:
760 611 970 660 equitatum
984 612 1089 661 (quia
1102 625 1219 661 equo-

102 687 187 711 rum
204 675 331 711 nullus
344 676 443 712 inter
462 674 666 724 inaequales
683 687 793 725 rupes
814 687 903 712 usus
924 677 1022 723 erat)
1041 677 1088 712 ad
1107 677 1219 727 pedes

103 739 317 784 deductum,
338 740 466 776 decem
484 739 602 776 millia
619 740 833 783 hominum,
848 740 896 777 ab
917 740 1052 776 dextro
1070 740 1220 778 locave-

104 809 193 839 runt
212 816 343 841 cornu.
398 804 613 841 Ariarathis
636 804 882 853 Cappadoces
910 811 947 840 et
965 804 1092 840 Morzi
1114 807 1222 841 auxi-

41 866 50 873 ‘
105 866 216 903 liares
235 868 274 903 in
303 867 400 903 laevo
421 874 586 916 quatuor
604 866 723 903 ferme
749 867 909 904 millium
938 880 1137 904 numerum
1157 882 1222 905 ex—

105 930 274 982 plebant.
332 931 490 975 Consul,
513 932 611 967 sicut
636 932 675 967 in
695 931 862 982 Olympo
877 938 1022 976 monte,
1042 933 1164 982 prima
1183 934 1221 970 in

107 996 188 1032 acie
205 995 336 1033 locata
354 995 426 1033 levi
457 1003 662 1039 armatura,
683 995 846 1032 telorum
867 997 990 1032 omnis
1011 998 1160 1045 generis
1181 1004 1224 1034 ut

109 1072 213 1109 aeque
232 1073 371 1109 magna
390 1062 444 1097 vis
466 1060 511 1097 ad
531 1074 686 1097 manum
712 1066 824 1105 esset,
845 1062 1001 1098 curavit.
1058 1061 1138 1098 Ubi
1158 1063 1224 1099 ad-

108 1125 427 1174 propinquarunt,
449 1126 578 1161 omnia
599 1125 730 1160 eadem
746 1126 948 1174 utrimque,
970 1139 1053 1175 quae
1072 1126 1223 1164 fuerant

107 1187 148 1224 in
168 1188 293 1238 priore
312 1188 464 1238 proelio,
486 1194 594 1224 erant
612 1194 749 1238 praeter
775 1190 936 1232 animos,
960 1197 998 1226 et
1016 1191 1223 1228 victoribus

108 1252 155 1289 ab
175 1265 214 1288 re
234 1252 399 1289 secunda
418 1258 565 1295 auctos,
587 1258 625 1288 et
648 1253 823 1289 hostibus
840 1252 981 1289 fractos
998 1269 1005 1289 :
1030 1256 1131 1303 quia,
1154 1256 1224 1291 etsi

109 1329 187 1353 non
206 1317 279 1367 ipsi
295 1317 384 1353 victi
404 1323 525 1360 erant,
543 1329 619 1353 suae
635 1317 759 1366 gentis
775 1317 974 1353 hominum
991 1317 1134 1354 cladem
1154 1332 1224 1370 pro

109 1393 177 1418 sua
213 1381 426 1418 ducebant:
458 1382 587 1431 itaque
620 1394 642 1417 a
674 1381 827 1431 paribus
858 1382 975 1418 initiis
1010 1389 1136 1433 coepta
1166 1396 1224 1420 res

110 1445 280 1482 eumdem
295 1446 438 1483 exitum
451 1446 600 1483 habuit.
647 1446 764 1482 Velut
775 1446 895 1482 nubes
911 1445 1048 1483 levium
1063 1447 1226 1485 telorum

108 1509 283 1560 conjecta
298 1509 426 1546 obruit
441 1510 561 1546 aciem
583 1509 782 1546 Gallorum
800 1525 807 1546 ε
840 1522 910 1546 nec
926 1516 993 1546 aut
1004 1523 1225 1560 procurrere

112 1573 309 1623 quisquam
325 1573 372 1609 ab
385 1573 580 1610 ordinibus
595 1574 685 1617 suis,
699 1586 747 1609 ne
761 1573 947 1610 nudarent
961 1574 1126 1624 undique
1141 1588 1225 1612 cor-

110 1649 180 1687 pus
214 1637 260 1673 ad
287 1637 399 1680 ictus,
430 1637 644 1674 audebant:
678 1643 716 1674 et
745 1643 903 1681 stantes,
928 1650 1004 1687 quo
1032 1638 1239 1681 densiores,

111 1707 233 1745 erant,
262 1701 336 1737 hoc
364 1700 486 1751 plura,
507 1701 611 1740 velut
627 1702 855 1738 destinatum
884 1701 1117 1752 petentibuS,
1144 1703 1228 1740 vul-

110 1778 202 1803 nera
217 1764 468 1816 accipiebant.
527 1765 686 1810 Consul,
701 1764 784 1816 jam
799 1778 867 1817 per
885 1778 924 1802 se
943 1765 1107 1803 turbatis
1128 1768 1159 1803 si
1174 1767 1229 1804 le-

115 1829 271 1879 gionum
297 1829 407 1878 signa
425 1830 669 1873 ostendisset,
695 1841 868 1865 versuros
899 1829 1091 1879 extemplo
1112 1831 1150 1867 in
1169 1831 1230 1867 fu-

115 1906 202 1943 gam
222 1906 352 1930 omnes
380 1900 498 1938 ratus,
519 1895 680 1944 receptis
708 1895 808 1930 inter
827 1893 976 1930 ordines
996 1894 1173 1932 velitibus
1194 1900 1232 1931 et

116 1957 191 1996 alia
205 1957 317 1995 turha
336 1959 581 2003 auxiliorum,
603 1960 724 1995 aciem
743 1959 948 2009 promovit.

170 2023 347 2061 XXVII.
377 2024 493 2067 Galli,
515 2030 553 2060 et
568 2025 753 2060 memoria
765 2023 1096 2060 Tolistoboiorum
1114 2023 1230 2061 cladis
1243 2028 1390 2078 Vincunt

117 2090 254 2133 territi,
275 2097 313 2126 et
332 2091 558 2127 inhaerentia
577 2090 799 2141 corporibus
820 2094 992 2137 gerentes
1012 2087 1103 2131 tela,
1123 2087 1232 2125 fessi-
1244 2073 1397 2104 Romam’

117 2165 192 2203 que
212 2159 250 2189 et
269 2154 403 2191 stando
430 2160 467 2191 et
486 2154 719 2197 vulneribus,
746 2166 795 2189 ne
820 2154 984 2204 primum
1004 2152 1155 2202 quidem
1174 2153 1233 2188 in-

119 2222 252 2267 petum
271 2222 309 2253 et
327 2217 529 2255 clamorem
551 2219 816 2255 Romanorum
831 2217 1014 2254 tulerunt.
1059 2215 1167 2265 Fuga
1187 2216 1234 2253 ad

121 2286 247 2321 castra
273 2280 492 2321 inclinavit:
525 2283 589 2321 sed
616 2283 730 2336 pauci
755 2283 858 2321 intra
888 2281 1125 2322 munimenta
1153 2291 1235 2318 sese
