1546 2648
299 176 456 208 mnan
479 176 661 207 xxnx.
695 176 803 205 cAP.
827 175 972 204 xx1x.
1112 160 1189 218 185

75 281 163 317 quas
179 270 278 317 regni
296 271 363 305 mei
371 267 492 317 fuisse
499 267 690 317 fatemini,
711 279 781 302 non
805 267 1055 302 restituuntur.
1112 267 1189 302 Eu·
1203 270 1245 302 U.
1257 269 1294 301 C.
1309 275 1383 307 567.

73 345 201 375 menes,
223 338 407 382 tamquam
425 334 474 368 ad
491 332 724 375 Antiochum,
745 331 794 367 ad
812 331 1041 379 spoliandum
1062 343 1117 366 me
1131 343 1190 367 ce-
1203 316 1243 345 A.
1257 314 1293 346 C·
1311 320 1383 346 ¹⁸⁵·

73 398 140 438 nit,
161 401 209 439 et,
236 399 269 433 si
288 397 375 433 Diis
398 397 535 445 placet,
556 398 676 432 decem
696 396 899 443 legatorum
919 395 1101 430 decretum
1130 407 1191 431 ca-

75 460 218 497 lumniae
231 462 529 510 inpudentissima?
537 460 730 509 praetendit
741 475 754 503 ,-
771 471 839 507 quo
854 459 1009 494 maxime
1023 463 1058 494 et
1072 457 1194 507 refelli

72 529 107 561 et
124 527 273 573 coargui
288 530 417 574 potest.
473 526 720 562 Disertissime
745 525 837 560 enim
858 523 1135 571 planissimeque
1154 525 1192 559 in

71 600 112 625 eo
128 592 301 638 scriptum
330 595 394 633 est,
418 590 670 626 Chersonesum
699 594 733 625 et
754 587 1020 636 Lysimachiam
1034 589 1191 624 Eumeni

69 653 162 690 dari.
225 654 292 690 Ubi
312 655 455 691 tandem
476 654 610 695 AEhzus,
630 658 666 689 et
683 653 877 695 Maronea,
901 657 937 688 et
960 651 1122 688 Thracia>
1137 653 1190 688 ci·

69 717 198 753 vitates
216 719 406 766 adscriptae
432 724 514 755 sunt
528 720 549 755 .9
577 718 670 766 quod
689 718 732 753 ab
751 717 823 753 illis
839 728 882 752 ne
903 717 1089 764 postulare
1108 718 1188 764 qui-

70 781 149 816 dem
168 786 220 817 est
247 794 365 825 ausus,
386 784 423 818 id
441 783 539 830 apud
566 794 639 824 vos,
661 786 845 829 tamquam
872 780 916 815 ab
936 781 1007 815 illis
1026 781 1187 828 inpetra-

65 845 170 887 verit,
191 845 394 882 obtinebit?
423 847 502 887 Quo
520 847 557 881 in
584 857 732 881 numero
752 857 806 880 me
827 845 928 892 apud
957 856 1016 880 vos
1038 845 1108 880 esse
1127 857 1187 880 ve-

69 907 154 949 litis,
174 907 297 957 refert.
348 909 390 946 Si
410 915 594 958 tamquam
614 910 797 944 inimicum
817 913 852 943 et
867 909 1001 944 hostem
1021 910 1187 944 insectari

60 973 287 1019 propositum
302 978 366 1016 est,
378 975 530 1021 pergite,
546 977 588 1008 ut
604 973 768 1020 coepistis,
779 970 920 1020 facere.
971 971 1037 1007 Sin
1052 972 1185 1019 aliquis

64 1041 242 1084 respectus
259 1043 310 1074 est
334 1040 417 1081 mei,
439 1043 480 1074 ut
497 1039 583 1073 socii
611 1042 719 1085 atque
738 1037 846 1072 amici
870 1037 977 1084 regis,
999 1035 1183 1083 deprecor,

64 1111 109 1135 ne
128 1112 182 1136 me
201 1106 304 1138 tanta
323 1101 458 1149 injuria
476 1104 621 1150 dignum
634 1100 815 1148 judicetis.

120 1162 280 1201 XXIX.
308 1164 435 1202 Movit
461 1165 699 1215 aliquantum
728 1165 851 1203 oratio
880 1165 978 1214 regis
1007 1163 1179 1214 legatos:

63 1224 193 1275 itaque
213 1228 337 1264 medio
356 1241 540 1279 responso
564 1241 642 1265 rem
669 1228 966 1279 suspenderunt:
1000 1229 1043 1265 Si
1062 1231 1182 1266 decem

64 1289 265 1338 legatorum
285 1294 424 1329 decreto
446 1294 601 1329 Eumeni
620 1295 714 1329 datae
733 1295 893 1330 civitates
910 1305 959 1329 ece
977 1298 1103 1336 essent,
1123 1295 1180 1330 ni-

63 1354 116 1391 hil
130 1367 167 1392 se
184 1361 325 1393 mutare
337 1373 350 1395 .·
376 1360 407 1393 si
428 1357 619 1406 Philippus
632 1358 722 1394 bello
741 1360 886 1406 cepisset
900 1370 972 1400 eas,
991 1359 1179 1406 praemium
1191 1360 1296 1409 [segati
1313 1370 1383 1392 me-

59 1420 218 1456 victoriae
224 1419 311 1467 jure
328 1421 411 1457 belli
430 1421 633 1458 habiturum
648 1438 660 1459 :
687 1423 718 1458 si
736 1427 903 1458 neutrum
921 1434 1042 1458 eorum
1058 1421 1176 1471 foret,
1189 1404 1241 1433 d¹⁰
1257 1414 1388 1444 respon-

1189 1456 1225 1476 SO
1241 1457 1308 1478 rem
1325 1458 1394 1479 SUS-

56 1484 203 1532 placere
221 1474 459 1533 cognitionem
484 1488 627 1522 senatui
644 1489 819 1523 reservari
832 1503 844 1522 .·
872 1492 921 1529 et,
942 1492 984 1523 ut
1002 1488 1123 1523 omnia
1141 1489 1178 1523 in
1189 1492 1347 1529 pendunt.

0 1563 2 1575 >
61 1548 201 1596 integro
219 1555 416 1593 manerent,
434 1551 617 1598 praesidia,
638 1563 717 1599 quoe
735 1552 771 1586 in
790 1552 834 1586 iis
850 1550 993 1587 urbibus
1009 1553 1094 1594 sint,
1116 1553 1179 1587 de-

63 1612 159 1648 duci.
213 1611 287 1649 Hae
307 1625 450 1650 caussae
469 1614 634 1650 maxime
653 1614 821 1650 animum
841 1613 1009 1664 Philippi
1036 1614 1179 1651 aliena-

62 1682 199 1712 verunt
217 1676 265 1713 ab
284 1676 472 1714 Romanis
488 1693 496 1714 z
529 1684 572 1714 ut
587 1690 666 1714 non
681 1691 704 1715 a
717 1678 857 1714 Perseo
878 1677 956 1714 filio
973 1677 1053 1728 ejus
1071 1679 1180 1715 novis

63 1740 206 1777 caussis
225 1748 388 1786 motum,
409 1742 474 1779 sed
502 1741 552 1779 ob
572 1742 640 1778 has
661 1755 684 1778 a
712 1749 819 1792 patre
838 1741 979 1777 bellum
1006 1741 1180 1779 relictum

62 1803 142 1841 filio
170 1805 288 1843 videri
324 1806 458 1857 possit.
514 1806 650 1842 Romae
683 1806 788 1842 nulla
815 1806 905 1842 belli
936 1806 1179 1843 Macedonici

63 1870 227 1920 suspicio
256 1880 349 1908 erat.
404 1872 452 1908 L.
471 1871 640 1908 Manlius
669 1872 874 1922 proconsul
913 1868 961 1908 ex'
988 1872 1178 1922 Hispania
1190 1880 1336 1912 Manlius
1350 1891 1393 1913 ex

62 1933 246 1972 redierat:
279 1937 341 1972 cui
368 1935 579 1988 postulanti
600 1936 647 1973 ab
677 1943 809 1973 senatu
839 1937 878 1972 in
899 1937 976 1973 aede
1004 1936 1176 1973 Bellonae
1187 1924 1347 1998 ἓξὲζῖήᾶ

60 1997 293 2049 triumphum
313 2013 438 2037 rerum
457 2008 648 2049 gestarum
669 2001 892 2050 magnitudo
911 2000 1178 2050 inpetrabilem

0 2064 1 2081 ³
62 2059 240 2105 faciebat,
261 2063 474 2114 exemplum
494 2064 672 2100 obstabat
687 2081 697 2111 ς
729 2064 832 2113 quod
851 2065 903 2100 ita
917 2070 1179 2114 comparatum

0 2121 9 2155 η’
63 2136 170 2161 more
187 2126 374 2177 majorum
399 2136 494 2172 erat,
514 2141 563 2165 ne
582 2130 678 2178 quis,
700 2130 763 2178 qui
784 2129 991 2165 exercitum
1011 2141 1091 2164 non
1112 2128 1177 2164 de-

0 2203 2 2207 *
61 2195 265 2238 portasset,
279 2193 544 2242 triumpharet,
561 2194 634 2229 uisi
655 2193 907 2244 perdomitam
927 2199 1178 2243 pacatamque

61 2252 296 2302 provinciam
310 2256 529 2293 tradidisset
545 2257 755 2294 successori
771 2272 778 2292 :
803 2257 946 2293 medius
962 2262 1089 2292 tamen
1105 2256 1178 2292 ho-

0 2327 2 2347 :
63 2326 132 2352 nos
151 2315 302 2354 Manlio
327 2317 496 2364 habitus,
519 2326 561 2357 ut
581 2333 698 2358 ovans
729 2320 862 2358 urbem
891 2320 1015 2357 iniret.
1071 2318 1178 2355 Tulit
