1546 2648
339 203 1445 238 Q

484 335 832 384 EPITOME
877 338 1099 388 LIBRI
1141 341 1298 391 XLV.

419 552 626 591 ERSEUS
654 554 698 590 ab
715 555 870 592 AEmilio
891 556 1024 592 Paullo
1049 558 1084 591 in
1105 556 1340 593 Samothrace
1358 569 1442 605 cap-

444 622 500 653 tus
526 622 588 654 est.
648 617 763 658 Quum
782 619 993 661 Antiochus,
1015 619 1129 666 Syrice
1155 631 1230 662 rex,
1254 620 1444 656 Ptolemae-

335 693 397 716 um
429 685 464 716 et
494 679 736 728 Cleopatram,
756 681 915 728 AEgypti
944 693 1056 728 reges,
1082 681 1268 724 obsideret,
1301 687 1335 718 et
1359 684 1443 718 mis-

332 746 381 779 sis
398 744 447 779 ad
466 755 546 779 eum
569 755 593 780 a
619 748 745 779 senatu
771 744 911 791 legatis,
931 746 993 792 qui
1010 742 1189 790 juberent,
1209 745 1253 780 ab
1271 745 1448 782 obsidione

331 809 419 844 socii
453 809 545 855 regis
581 807 774 850 absisteret,
812 809 983 856 editisque
1020 809 1203 844 mandatis
1241 810 1443 846 considera-

333 877 454 908 turum
471 883 507 908 se
523 872 598 914 ille,
619 873 706 920 quid
718 871 935 920 faciendum
953 877 1053 915 esset,
1072 873 1305 920 respondisset
1314 890 1328 917 ,-
1356 886 1445 910 unus
1544 888 1546 932 ἦ

332 948 375 972 ex
403 937 528 983 legatis
557 936 737 984 Popillius
763 937 867 983 virga
893 948 1011 984 regem
1040 938 1341 985 circumscripsit:
1360 936 1442 983 jus-

329 1003 457 1050 sitque,
479 1006 671 1049 antequam
700 1002 833 1037 circulo
861 1002 1055 1044 excederet,
1080 1013 1281 1050 responsum
1312 1003 1416 1039 daret
1431 1020 1444 1040 .-

329 1077 400 1113 qua
428 1067 622 1113 asperitate
647 1066 775 1114 effecit,
795 1070 837 1101 ut
864 1065 1062 1101 Antiochus
1090 1065 1220 1101 bellum
1251 1068 1441 1104 omitteret.

328 1129 543 1176 Legationes
571 1129 838 1176 gratulantium
860 1130 1080 1176 populorum
1108 1142 1151 1165 ac
1174 1141 1298 1177 regum
1322 1132 1359 1166 in
1386 1143 1442 1168 se·

327 1197 456 1229 natum
474 1193 647 1228 admissae.
705 1192 942 1235 Rhodiorum,
959 1194 1041 1240 quia
1060 1204 1100 1228 eo
1119 1192 1208 1228 bello
1225 1198 1349 1229 contra
1371 1207 1443 1244 po·

322 1256 452 1305 pulum
472 1255 675 1292 Romanum
682 1254 873 1303 faverant,
889 1256 1030 1291 exclusa
1046 1271 1058 1291 .-
1084 1260 1226 1304 postero
1245 1257 1316 1300 die,
1333 1269 1441 1305 quum

326 1321 371 1356 de
397 1332 438 1356 eo
466 1324 696 1368 quaereretur,
725 1324 768 1355 ut
795 1320 840 1355 iis
867 1319 997 1356 bellum
1029 1316 1257 1362 indiceretur,
1279 1332 1440 1357 caussam

323 1385 363 1421 in
393 1388 519 1421 senatu
548 1385 677 1431 patrioe
707 1395 779 1419 suae
812 1384 922 1431 legati
957 1388 1104 1431 egerunt
1118 1399 1131 1420 .·
1161 1395 1226 1420 nec
1258 1389 1440 1432 tamquam

326 1447 452 1491 hostes,
473 1460 536 1484 nec
557 1453 741 1496 tamquam
762 1450 849 1485 socii
868 1450 1014 1485 dimissi.
1053 1448 1270 1485 Macedonia
1295 1451 1334 1485 in
1350 1462 1438 1498 pro-

323 1514 446 1550 vincioe
459 1513 626 1562 formam
643 1514 791 1550 redacta
808 1518 870 1549 est.
926 1513 1102 1549 AEnzilius
1120 1513 1288 1555 Paullus,
1307 1525 1438 1561 repug-

322 1578 487 1615 nantibus
514 1579 686 1615 militibus
713 1578 787 1626 ejus
813 1582 964 1627 propter
992 1579 1165 1614 minorem
1193 1579 1369 1626 praedam,
1402 1583 1438 1615 et

323 1643 585 1679 contradicente
621 1643 699 1680 Ser.
728 1643 890 1690 Sulpicio
925 1641 1054 1685 Galba,
1096 1641 1359 1690 triumphavit:
1401 1647 1438 1679 et

323 1706 456 1743 Persen
488 1718 569 1743 cum
605 1707 714 1743 tribus
738 1707 836 1756 filiis
866 1709 951 1742 ante
986 1717 1131 1742 currum
1168 1706 1272 1741 duxit
1287 1721 1299 1741 .·
1340 1704 1437 1752 cujus
1526 1729 1535 1760 ἕ

323 1769 496 1817 triumphi
515 1770 644 1806 loetitia
662 1781 707 1806 ne
723 1770 841 1806 solida
859 1770 891 1805 ei
917 1771 1147 1816 contingeret,
1169 1769 1321 1804 duorum
1327 1769 1434 1817 filio-

319 1844 401 1868 rum
415 1831 609 1882 funeribus
626 1834 798 1880 insignita
816 1837 868 1868 est
883 1847 896 1867 .·
923 1844 1074 1880 quorum
1093 1833 1239 1867 alterius
1255 1843 1349 1867 mors
1363 1845 1434 1881 pa-

321 1897 386 1932 tris
414 1896 634 1943 triumphum
668 1897 860 1944 praecessit,
895 1895 1045 1931 alterius
1070 1899 1189 1931 secuta
1220 1899 1283 1931 est.
1339 1895 1434 1931 Lus-

320 1965 416 1996 trum
448 1961 631 1996 conditum
660 1964 712 1996 est
739 1972 763 1995 a
790 1959 998 1996 censoribus,
1056 1957 1166 1994 Censa
1193 1963 1277 1995 sunt
1303 1962 1433 1998 civium

319 2025 441 2072 capita
470 2029 629 2061 trecenta
660 2025 844 2061 duodecim
877 2024 1006 2065 millia,
1034 2024 1237 2070 octingenta
1269 2026 1431 2073 quinque.

320 2086 483 2129 Prusias,
505 2087 686 2135 Bithynice
711 2099 786 2129 rex,
809 2087 974 2128 Romam,
995 2091 1035 2124 ut
1061 2088 1202 2122 senatui
1225 2089 1433 2134 gratulare-

321 2154 380 2186 tur
398 2150 440 2185 ob
459 2151 645 2186 victoriam
670 2162 712 2186 ex
731 2150 948 2186 Macedonia
973 2153 1132 2198 partam,
1156 2151 1253 2186 venit
1265 2167 1278 2195 ,·
1307 2156 1343 2188 et
1361 2151 1431 2188 Ni-

318 2215 496 2250 comedem
519 2215 645 2263 filium
680 2215 820 2250 senatui
850 2214 1121 2250 commendavit.
1178 2213 1269 2257 Rex,
1303 2216 1431 2264 plenus

319 2277 551 2322 adulationis,
573 2278 737 2316 libertum
754 2290 790 2315 se
807 2279 934 2328 populi
954 2278 1110 2315 Romani
1128 2277 1277 2317 dicebat.
