1546 2648
78 273 169 304 U.C.

77 317 105 346 A
131 317 167 348 C.

185 279 246 309 ⁵74

187 323 246 353 178

271 189 354 232 290
466 178 470 183 “
713 190 759 220 Τ.
781 190 913 220 mvn

249 297 257 305 ·
269 277 409 326 gionis,
429 290 514 315 cum
534 279 703 328 equitatu
723 279 929 316 adveniunt
947 293 954 315 :
987 278 1204 323 confestim,
1226 284 1265 316 et
1284 291 1378 329 quos

251 340 380 378 'binos
408 344 582 380 oneraria
613 344 652 380 in
678 342 856 394 jumenta
889 344 1150 394 inposuerant,
1177 344 1320 388 secuti,¹
1341 349 1380 380 et

270 407 402 443 consul
418 421 502 444 cum
518 414 602 445 toto
618 409 781 458 agmine.
805 409 860 444 At
877 408 1062 445 Istrorum
1079 409 1203 459 pauci,
1217 409 1281 457 qui
1296 420 1380 445 mo·

269 471 351 507 dice
370 472 493 508 vinosi
512 479 632 516 erant,
654 484 837 509 memores
858 471 1012 508 fuerunt
1031 472 1151 521 fugae:
1175 472 1257 509 aliis
1278 485 1379 509 som-

267 548 321 572 no
339 548 440 572 mors
461 537 683 573 continuata
701 543 760 573 est
777 552 785 572 :
819 537 1042 586 integraque
1062 549 1130 573 sua
1149 537 1278 573 omnia
1296 535 1380 573 Ro-

268 600 385 643 mani,
401 606 651 650 praeterquam
665 600 767 649 quod
784 599 863 635 vini
883 599 1033 648 cibique
1049 599 1264 636 absumtum
1283 607 1378 644 erat,

267 669 502 713 receperunt.
550 663 662 711 AEgri
682 675 832 712 quoque
851 661 1005 705 milites,
1026 663 1091 711 qui
1109 663 1149 699 in
1168 664 1300 699 castris
1320 676 1380 700 re·

267 726 348 763 licti
368 727 533 770 fuerant,
552 733 755 777 postquam
772 726 874 763 intra
894 725 1033 763 vallum
1052 738 1140 763 suos
1164 733 1377 771 senserunt,

269 791 381 827 armis
398 791 577 841 adreptis,
595 791 736 828 caedem
754 791 950 840 ingentem
966 790 1149 828 fecerunt.
1178 791 1281 828 Ante
1296 803 1378 828 om-

268 868 334 892 nes
364 855 522 905 insignis
543 867 659 906 opera
675 855 751 892 fuit
778 856 823 892 C.
843 854 999 906 Popillii
1019 856 1168 905 equitiS.
1225 855 1377 893 Sabello

269 930 482 968 cognomen
502 925 582 955 erat
597 933 604 955 ε
626 919 674 962 is,
690 918 784 971 pede
803 919 932 956 saucio
947 918 1113 962 relictus,
1130 918 1244 968 longe
1259 918 1378 971 pluri-

268 994 351 1018 mos
371 983 538 1019 hostium
559 982 711 1020 occidit.
757 982 819 1021 Ad
838 988 928 1019 octo
946 982 1065 1020 millia
1084 981 1270 1020 Istrorum
1289 990 1378 1020 sunt

267 1059 377 1089 caesa,
395 1053 526 1097 captus
541 1059 669 1090 nem0‚
688 1047 777 1097 quia
794 1047 852 1083 ira
866 1053 904 1083 et
922 1047 1134 1096 indignatio
1151 1047 1377 1084 inmemores

267 1110 402 1161 praedae
420 1110 522 1147 fecit.
578 1109 666 1147 Rex
695 1117 823 1147 tamen
845 1110 1047 1153 Istrorum,
1075 1110 1304 1147 temulentus
1331 1123 1378 1147 ex

267 1174 456 1217 convivio,
470 1175 608 1224 raptim
626 1187 648 1210 a
663 1174 738 1210 suis
755 1175 792 1210 in
809 1187 946 1224 equum
963 1175 1164 1225 inposituS,
1177 1175 1288 1224 fugit.
1317 1175 1379 1212 Ex

266 1237 474 1274 victoribus
495 1237 645 1274 ducenti
666 1238 825 1287 triginta
844 1245 988 1288 septem
1014 1238 1151 1275 milites
1171 1239 1376 1289 perierunt,

267 1301 391 1352 plures
412 1301 452 1337 in
470 1302 660 1338 matutina
675 1301 780 1351 fuga,
802 1314 915 1352 quam
935 1302 974 1338 in
993 1302 1216 1352 recipiendis
1234 1302 1378 1340 castris.

319 1366 367 1403 V.
396 1366 512 1402 Forte
530 1367 585 1402 ita
604 1366 742 1409 evenit,
765 1373 806 1402 ut
827 1366 897 1402 Cn.
918 1373 956 1402 et
983 1366 1029 1403 L.
1051 1365 1218 1409 Gavillii,
1239 1366 1378 1403 novelli

265 1429 543 1480 Aquileienses,
562 1443 646 1467 cum
667 1437 882 1466 commeatu
897 1431 1104 1473 venientes,
1120 1431 1244 1479 ignari
1259 1443 1377 1481 prope

265 1495 305 1530 in
325 1501 437 1544 capta
451 1500 574 1530 castra
593 1493 639 1529 ab
661 1493 768 1530 Istris
789 1494 1009 1531 inciderent.
1057 1494 1106 1537 li,
1126 1507 1240 1543 quum
1255 1495 1375 1544 Aqui-

265 1558 392 1602 leiam,
412 1557 551 1594 relictis
582 1558 863 1608 inpedimentis,
884 1558 1126 1607 refugissent,
1144 1559 1274 1594 omnia
1301 1566 1379 1595 ter-

265 1634 352 1658 rore
380 1634 424 1658 ac
452 1620 631 1663 tumultu,
661 1632 743 1658 non
772 1621 957 1671 Aquileiae
988 1621 1116 1665 modo,
1145 1621 1209 1657 sed
1241 1621 1376 1658 Roma

265 1698 416 1736 quoque
431 1691 519 1736 post
532 1697 673 1735 paucos
690 1685 782 1728 dies,
805 1685 1064 1736 inpleverunt:
1088 1698 1178 1735 quo,
1195 1698 1274 1722 non
1289 1699 1375 1737 cap-

266 1756 307 1786 ta
324 1756 474 1786 tantum
494 1756 617 1786 castra
639 1749 685 1786 ab
705 1749 896 1794 hostibus,
916 1762 986 1786 nec
1005 1750 1110 1799 fuga,
1131 1763 1213 1799 quae
1234 1763 1320 1787 vera
1336 1744 1377 1787 e-

266 1820 366 1858 rant,
387 1813 452 1850 sed
469 1813 634 1864 perditas
650 1825 708 1849 res
725 1813 967 1862 deletumque
982 1814 1189 1850 exercitum
1209 1818 1374 1857 omnem,

266 1876 433 1915 adlatum
462 1884 530 1915 est.
588 1877 737 1927 Itaque,
762 1879 864 1928 quod
892 1880 932 1915 in
962 1878 1125 1915 tumultu
1155 1879 1235 1916 fieri
1263 1879 1374 1923 solet,

266 1942 432 1979 delectus
464 1948 570 1980 extra
599 1943 784 1986 ordinem,
813 1955 892 1979 non
921 1943 958 1979 in
995 1943 1086 1979 urbe
1118 1949 1282 1988 tantum,
1313 1945 1377 1981 sed

266 2012 350 2043 tota
368 2006 496 2050 Italia,
516 2007 662 2045 indicti.
712 2006 810 2044 Duae
830 2007 999 2056 legiones
1020 2008 1158 2044 civium
1176 2007 1374 2044 Romano-

265 2083 349 2107 rum
368 2072 606 2121 conscriptae,
628 2077 666 2107 et
694 2071 820 2108 decem
842 2071 959 2108 millia
976 2071 1147 2122 peditum
1166 2084 1251 2109 cum
1271 2073 1376 2122 equi-

265 2134 367 2171 tibus
405 2135 620 2184 quingentis
658 2136 770 2172 sociis
808 2136 972 2172 nominis
1010 2135 1142 2172 Latini
1179 2136 1376 2187 imperata.

264 2197 322 2237 Μ,
341 2198 366 2235 J
371 2199 478 2235 unius
499 2198 631 2235 consul
650 2199 809 2236 transire
825 2200 863 2235 in
885 2198 1063 2243 Galliam,
1084 2206 1122 2236 et
1142 2199 1189 2236 ab
1210 2200 1374 2237 civitati-

263 2261 333 2300 bus
350 2263 553 2314 provinciae
569 2263 664 2314 ejus,
683 2269 865 2312 quantum
881 2276 1039 2314 quaeque
1053 2270 1197 2315 posset,
1213 2263 1374 2301 militum

265 2327 415 2378 exigere
444 2326 586 2378 jussus.
642 2327 764 2365 simul
801 2327 1009 2373 decretum,
1048 2334 1089 2366 ut
1124 2328 1170 2366 T.
1195 2327 1374 2366 Claudius
1398 2329 1408 2332 ”
