1546 2648
313 171 368 214 94
455 203 459 210 .
550 208 553 210 q
658 207 663 211 ῃ
767 169 814 213 τη.
836 168 969 198 mvn

119 259 163 289 U.
177 259 213 289 C.
228 257 383 292 madiis
403 256 611 305 ceterisque
634 255 865 306 Pamphyliae
892 255 1054 306 populiS.
1108 256 1170 292 Ex
1195 254 1420 305 Pamphylia

118 301 208 333 A’C‘
228 309 299 335 189.
312 321 459 357 rediens
489 322 536 357 ad
566 320 717 357 fluvium
746 321 915 357 Taurum
944 322 1066 370 primo
1095 321 1168 363 die,
1189 326 1342 370 postero
1371 319 1417 355 ad

311 385 480 435 Xylinen
504 389 634 434 (quam
654 386 808 430 vocant)
833 385 977 421 Comen
997 385 1124 436 posuit
1144 392 1278 420 castra.
1322 383 1417 418 Pro-

310 450 432 486 fectus
452 450 538 486 inde
558 448 841 485 continentibus
865 449 1062 485 itineribus
1084 449 1129 485 ad
1153 449 1334 484 Cormasa
1354 458 1417 482 ur-

309 513 395 550 bem
416 514 598 563 pervenit.
636 512 760 548 Darsa
779 513 951 562 proxima
971 513 1058 548 urbs
1078 518 1180 548 erat:
1205 524 1301 554 eam,
1315 516 1419 546 metu

310 577 520 614 incolarum
549 577 748 619 desertam,
783 575 932 625 plenam
955 577 1124 612 omnium
1156 588 1278 611 rerum
1309 574 1420 623 copia

309 641 467 677 invenit.
525 640 787 688 Progredienti
813 646 948 689 praeter
966 639 1119 689 paludes
1139 636 1253 688 legati
1273 638 1320 674 ab
1342 637 1419 686 Ly-

311 706 432 747 sinoe,
453 704 630 740 dedentes
651 703 856 746 civitatem,
876 709 1068 739 venerunt.
1116 702 1210 737 Inde
1230 702 1266 737 in
1287 713 1419 749 agrum

313 768 616 817 Sagalassenum,
638 767 790 804 uberem
810 766 1048 816 fertilemque
1063 767 1167 802 omni
1187 778 1323 814 genere
1338 764 1418 800 fru-

313 845 417 882 gum,
433 838 585 868 veutum
605 839 679 869 est:
704 831 847 867 Colunt
866 830 1015 873 Pisidae,
1035 829 1151 878 longe
1167 829 1301 879 optimi
1315 828 1416 864 bello

312 897 478 945 regionis
505 895 608 946 ejus:
641 909 756 945 quum
784 908 829 931 ea.
856 908 913 931 res
944 896 1090 931 animos
1109 895 1215 937 facit,
1236 901 1318 930 tum
1337 893 1419 942 agri

311 962 553 1005 foecunditas,
584 970 622 999 et
654 962 857 998 multitudo
887 961 1098 1002 hominum,
1126 965 1163 995 et
1195 960 1288 995 situs
1321 960 1430 1015 inter·

312 1039 450 1076 paucas
481 1028 635 1063 munitae
666 1026 779 1062 urbis.
838 1024 995 1068 Consul,
1030 1025 1118 1074 quia
1147 1024 1250 1060 nulla
1278 1023 1420 1073 legatio

312 1090 360 1126 ad
385 1090 498 1126 finem
528 1098 666 1140 praesto
694 1090 831 1133 fuerat,
853 1091 1058 1139 praedatum
1086 1089 1124 1124 in
1154 1102 1263 1137 agros
1290 1089 1415 1124 misit:

310 1163 393 1192 tum
413 1155 561 1192 demum
578 1156 697 1192 fracta
717 1155 927 1205 pertinacia
945 1160 1015 1197 est,
1037 1160 1079 1189 ut
1098 1153 1186 1189 ferri
1205 1153 1341 1202 agique
1360 1165 1418 1189 res

312 1231 398 1255 suas
421 1219 606 1257 viderunt.
663 1219 820 1266 Legatis
849 1219 986 1261 missis,
1021 1219 1120 1268 pacti
1146 1219 1422 1268 quinquaginta

313 1282 481 1326 talentis,
499 1290 535 1318 et
555 1283 690 1331 viginti
706 1282 871 1318 millibus
887 1282 1116 1318 medimnum
1137 1283 1268 1324 tritici,
1286 1282 1418 1331 viginti

312 1348 460 1390 hordei,
490 1360 622 1397 pacem
654 1348 948 1397 impetraverunt.
1004 1347 1229 1396 Progressus
1258 1347 1345 1383 inde
1374 1347 1420 1383 ad

313 1411 481 1448 Obrimae
511 1412 651 1455 fontes,
679 1412 726 1448 ad
757 1412 892 1455 vicum,
919 1425 1028 1462 quem
1055 1412 1245 1462 Aporidos
1276 1408 1421 1448 Comen

312 1483 464 1519 vocant,
486 1478 612 1527 posuit
633 1484 766 1514 castra.
799 1477 859 1513 Eo
880 1477 1057 1514 Seleucus
1077 1477 1123 1513 ab
1144 1470 1314 1527 Apamea
1334 1490 1420 1527 pos·
1520 1468 1524 1534 ἱ

314 1548 395 1578 tero
415 1541 474 1578 die
495 1542 609 1579 venit.
664 1542 806 1590 AEgros
830 1543 915 1579 inde
942 1549 979 1578 et
998 1542 1146 1578 inutilia
1167 1543 1422 1592 inpedimenta
1519 1538 1524 1599 ι

313 1618 428 1654 quum
449 1606 655 1655 Apameam
676 1606 892 1649 dimisisset,
914 1606 1071 1642 ducibus
1092 1607 1268 1642 itinerum
1288 1607 1334 1642 ab
1356 1606 1422 1643 Se·
1520 1601 1524 1691 1

314 1669 423 1706 leuco
443 1671 621 1720 acceptis,
642 1670 834 1721 profectus
861 1684 906 1707 eo
927 1672 986 1708 die
1012 1672 1051 1707 in
1079 1670 1421 1722 Metropolitanum
1526 1665 1527 1668 ¹

315 1747 503 1784 campum,
517 1741 670 1785 postero
687 1735 746 1771 die
761 1735 896 1771 Dinias
915 1735 1088 1784 Phrygiae
1103 1736 1299 1785 processit.
1330 1735 1424 1772 Inde
1519 1696 1524 1796 Ε

316 1798 493 1847 Synnada
513 1799 627 1841 venit,
645 1806 747 1834 metu
764 1798 940 1834 omnibus
961 1799 1060 1835 circa
1075 1799 1222 1849 oppidis
1243 1799 1418 1835 desertis:
1520 1818 1523 1842 ¹

315 1875 474 1911 quorum
488 1862 570 1912 jam
592 1863 716 1912 praeda
746 1875 859 1912 grave
882 1875 1016 1912 agmen
1042 1865 1210 1906 trahens,
1232 1863 1292 1899 vix
1313 1864 1423 1912 quin-

314 1940 386 1978 que
410 1927 567 1963 millium
598 1927 657 1963 die
685 1934 770 1962 toto
799 1926 933 1964 itinere
965 1927 1149 1977 perfecto,
1177 1927 1223 1963 ad
1257 1927 1422 1970 Beudos,

313 1991 415 2039 quod
431 1997 536 2027 vetus
556 1990 760 2040 adpellant,
780 1991 970 2040 pervenit:
1003 1991 1049 2027 ad
1067 1991 1249 2027 Anabura
1269 1991 1369 2034 inde,
1385 1998 1424 2027 et

313 2055 433 2092 altero
454 2055 512 2090 die
530 2056 574 2092 ad
589 2055 744 2091 Alandri
765 2054 906 2098 fontes,
922 2056 1036 2091 tertio
1057 2055 1101 2091 ad
1119 2055 1332 2091 Abbassum
1352 2068 1423 2105 po-

313 2119 388 2154 suit
408 2126 550 2154 castra:
584 2118 636 2155 ibi
664 2118 786 2167 plures
811 2119 888 2154 dies
909 2120 1046 2155 stativa
1065 2119 1212 2162 habuit,
1232 2119 1320 2169 quia
1339 2131 1424 2169 per-

311 2189 466 2218 ventum
487 2190 567 2219 erat
588 2184 632 2220 ad
650 2184 978 2221 Tolistoboiorum
998 2184 1103 2221 fines.

120 2258 294 2299 Gallograe-
366 2247 478 2284 XVI.
509 2247 623 2292 Galli,
643 2262 781 2298 magna
799 2250 994 2286 hominum
1012 2251 1082 2292 vis,
1100 2262 1162 2285 seu
1185 2250 1312 2301 inopia
1329 2251 1422 2299 agri,

115 2311 228 2385 egum
239 2313 300 2333 on·
313 2324 378 2348 scu
395 2313 527 2364 przedoe
543 2325 622 2364 spe,
636 2313 776 2350 nullam
795 2321 960 2364 gentem,
976 2327 1165 2365 perquam
1183 2315 1270 2351 ituri
1285 2322 1423 2358 essent,
1503 2323 1516 2338 ¹·
