1546 2648
133 246 177 276 U.
191 246 228 278 C.
242 253 315 279 584.

130 289 172 321 Α.
186 289 223 320 C.
243 294 315 322 168.

127 816 307 848 U.C.⁵85.

126 860 216 892 A.c.
233 865 305 897 167.

325 144 410 200 498
786 159 833 189 T.
856 113 993 190 mvii

328 252 490 296 utroque
505 250 543 282 et
556 245 658 284 tribu
673 249 824 293 remoti,
841 255 879 286 et
899 251 1017 287 aerarii
1037 250 1129 288 facti
1145 265 1152 288 :
1175 263 1298 302 neque
1311 250 1436 298 ullius,

327 324 439 362 quem
458 310 554 350 alter
569 319 735 357 notaret,
754 314 803 351 ab
823 315 944 352 altero
959 315 1081 352 levata
1101 316 1324 365 ignominia.
1362 317 1437 354 Pe-

325 376 509 422 tentibus,
529 385 572 415 ut
590 392 636 419 ex
658 379 835 416 instituto
855 380 902 417 ad
924 386 1026 417 sarta
1046 386 1149 417 tecta
1173 381 1375 430 exigenda,
1395 387 1434 418 et

325 440 373 477 ad
391 453 520 492 opera,
537 455 620 492 quae
639 442 843 487 locassent,
864 443 1076 493 probanda,
1096 445 1184 480 anni
1202 451 1240 480 et
1254 443 1435 481 bimensis

324 510 472 555 tempus
492 513 777 556 prorogaretur,
798 507 870 545 Cn.
885 507 1109 545 Tremellius
1136 508 1324 552 tribunus,
1346 509 1435 558 quia

322 567 442 605 lectus
457 582 535 606 non
553 578 633 606 erat
649 571 686 606 in
704 576 892 614 senatum,
913 571 1137 609 intercessit.
1166 572 1314 609 Eodem
1330 584 1433 608 anno

325 631 367 669 C.
389 633 580 669 Cicereius
601 633 718 669 aedem
739 633 776 669 in
796 642 926 670 monte
945 634 1098 671 Albano
1117 635 1305 671 dedicavit
1323 635 1434 683 quin·

322 697 489 744 quennio
508 702 610 747 post,
630 709 743 745 quam
766 698 881 734 vovit.
938 697 1095 734 Flamen
1116 697 1305 735 Martialis
1324 699 1434 734 inau-

322 766 477 809 guratus
497 767 555 797 est
573 773 620 797 eo
639 773 741 797 anno
759 760 806 798 L.
824 761 1042 799 Postumius
1061 762 1238 799 Albinus.

373 824 486 862 XVI.
515 825 563 865 Q.
580 824 700 868 AElio,
720 824 778 862 M.
793 825 912 862 Junio
931 827 1149 864 consulibus
1167 827 1212 863 (le
1226 826 1429 877 provinciis

318 887 584 932 referentibus,
606 901 785 925 censuere
808 888 954 933 Patres,
976 890 1067 926 duas
1097 891 1310 941 provincias
1338 889 1431 926 His-

318 952 473 1002 paniam
491 965 618 989 rursus
639 952 732 996 fieri,
754 966 836 1002 quae
862 967 935 990 una
954 967 1021 1004 per
1039 954 1179 991 bellum
1205 954 1432 991 Macedoni-

318 1028 405 1054 cum
430 1017 578 1053 fuerat:
610 1024 648 1053 et
673 1016 941 1054 Macedoniam
967 1018 1236 1068 Illyricumque
1265 1018 1430 1061 eosdem,

317 1081 364 1119 L.
385 1081 560 1118 Paullum
580 1089 619 1118 et
643 1081 690 1118 L.
711 1083 905 1124 Anicium,
926 1082 1113 1126 obtinere,
1135 1083 1256 1118 donec
1282 1082 1326 1118 de
1345 1094 1431 1117 sen-

316 1147 440 1183 tentia
466 1146 678 1195 legatorum
714 1153 751 1182 et
784 1159 842 1182 res
875 1145 977 1182 bello
1005 1146 1191 1190 turbatas,
1222 1152 1261 1183 et
1289 1152 1431 1182 statum

316 1210 432 1247 alium
453 1209 533 1260 ejus
553 1211 659 1260 regni
683 1210 885 1247 formando
907 1211 1222 1261 composuissent.
1280 1210 1432 1246 Consu-

314 1273 414 1311 libus
444 1275 542 1311 Pisae
568 1284 605 1311 et
632 1275 758 1312 Gallia
788 1275 948 1311 decretae
979 1288 1064 1311 cum
1086 1275 1186 1312 binis
1216 1274 1429 1324 legionibus

314 1339 498 1390 peditum,
517 1340 735 1389 etequitnm
749 1340 1096 1389 quadringentenis.
1124 1340 1334 1376 Praetorum
1349 1351 1430 1375 sor-

314 1408 371 1439 tes
390 1403 509 1446 fuere,
531 1404 579 1442 Q.
597 1404 719 1439 Cassii
742 1403 899 1446 urbana,
930 1403 985 1440 M.
1001 1403 1172 1439 Juventii
1192 1402 1351 1440 Thalnae
1370 1403 1429 1439 in-

314 1472 372 1503 ter
390 1467 626 1517 peregrinos,
649 1467 709 1503 Ti.
731 1467 881 1503 Claudii
900 1467 1066 1503 Neronis
1088 1467 1229 1510 Sicilia,
1251 1467 1323 1502 Cn.
1338 1466 1430 1503 Ful-

313 1531 365 1566 vii
391 1531 582 1582 Hispania
600 1532 767 1574 citerior,
795 1532 838 1568 C.
856 1532 994 1568 Licinii
1015 1532 1152 1568 Nervae
1172 1531 1341 1567 ulterior.
1379 1531 1427 1567 A.

313 1594 464 1631 BIanlio
481 1595 680 1645 Torquato
702 1596 874 1631 Sardinia
891 1595 1099 1631 obvenerat
1114 1610 1122 1631 :
1140 1595 1301 1644 nequiit
1320 1595 1374 1631 ire
1389 1595 1429 1630 in

312 1660 561 1710 provinciam,
583 1660 628 1696 ad
652 1673 710 1696 res
737 1659 917 1711 capitales
937 1660 1154 1709 quaerendas
1181 1672 1228 1697 ex
1256 1666 1429 1696 senatus-

313 1724 490 1760 consulto
509 1731 691 1761 retentus.
722 1725 784 1761 De
803 1725 985 1775 prodigiis
1006 1725 1141 1761 deinde
1159 1724 1348 1761 nunciatis
1369 1736 1428 1760 se-

312 1795 423 1824 natus
443 1795 499 1824 est
515 1789 722 1826 consultus.
756 1789 875 1825 AEdes
892 1788 1062 1824 Deorum
1079 1788 1279 1824 Penatium
1295 1788 1333 1823 in
1350 1788 1427 1824 Ve-

311 1851 364 1888 lia
386 1852 431 1888 de
452 1852 549 1890 coelo
570 1859 672 1889 tacta
695 1860 799 1889 erat:
832 1858 870 1888 et
899 1853 938 1888 in
963 1852 1103 1902 oppido
1130 1852 1322 1888 Minervio
1341 1851 1424 1888 duae

310 1922 431 1967 portae
452 1924 489 1952 et
509 1917 605 1952 muri
627 1916 873 1965 aliquantum.
921 1916 1107 1964 Anagniae
1127 1922 1227 1951 terra
1249 1915 1420 1965 pluerat3

311 1986 350 2016 et
367 1979 531 2016 Lanuvii
551 1980 615 2017 fax
635 1982 674 2016 in
696 1980 794 2017 coelo
813 1981 892 2016 visa
913 1987 1015 2025 erat5
1040 1987 1077 2015 et
1094 1979 1250 2016 Calatiae
1271 1981 1310 2015 in
1326 1979 1423 2028 pub-

310 2043 385 2080 lico
415 2056 508 2093 agro
540 2044 597 2080 M.
619 2043 790 2080 Valerius
821 2045 910 2081 civis
941 2043 1138 2079 Romanus
1166 2042 1372 2078 nunciabat
1402 2055 1422 2078 e

309 2109 399 2145 foco
418 2121 486 2145 suo
507 2111 729 2158 sanguinem
750 2123 817 2160 per
836 2110 999 2146 triduum
1019 2115 1056 2145 et
1076 2109 1165 2145 duas
1186 2116 1317 2145 noctes
1340 2121 1420 2145 ma-

308 2184 431 2209 nasse.
475 2172 537 2209 Ob
559 2174 595 2209 id
621 2175 784 2210 maxime
815 2173 1014 2210 decemviri
1043 2173 1159 2209 libros
1185 2174 1286 2209 adire
1305 2171 1419 2222 jussi,

307 2234 623 2286 'supplicationem
650 2238 690 2273 in
709 2237 807 2274 ‹liem
834 2250 949 2274 unum
976 2236 1119 2288 populo
1148 2237 1360 2278 edixerunt,
1381 2242 1419 2273 et

307 2300 585 2350 quinquaginta
604 2301 725 2352 capris
746 2302 786 2339 in
804 2301 889 2338 foro
909 2301 1236 2338 sacrificaverunt:
1265 2305 1303 2338 et
1322 2299 1417 2337 alio-
