1546 2648
273 185 428 215 LIBER
452 180 683 211 XXXVIII·
716 178 824 208 eAl’.
847 179 1029 208 xxxvl.
1135 179 1214 220 119

99 271 264 311 Romam
311 273 488 310 reducere
534 270 590 307 M.
619 269 884 319 Sempronium
930 274 1320 319 propraetorem.U.C.
1337 279 1411 306 564.

102 337 300 388 Hispaniis
320 336 487 385 legiones
509 333 683 382 singulae,
703 346 787 381 quae
813 339 894 368 tum
921 333 958 368 in
988 334 1032 368 iis
1063 334 1218 383 provin·
1229 319 1269 351 A·
1287 317 1324 349 Ο·
1338 323 1415 349 ¹⁸⁸⁸

102 403 170 438 ciis
191 408 311 444 erant,
333 401 516 436 decretae:
550 405 587 434 et
606 403 648 433 ut
667 404 776 433 terna
800 396 918 432 millia
944 397 1128 447 peditum,
1150 397 1220 434 du-

103 478 217 503 cenos
237 465 382 514 equites
409 463 522 499 ambo
551 467 732 512 praetores
760 461 798 496 in
827 460 1132 510 supplementum
1159 474 1222 497 so-

104 531 171 566 ciis
208 530 452 579 imperarent,
484 539 686 574 secumque
721 531 1035 575 transportarent.
1093 526 1222 562 Prius-

105 606 219 643 quam
239 593 278 628 in
304 591 518 642 provincias
545 590 634 626 novi
664 589 907 637 magistratus
938 588 1223 639 proficisceren-

105 663 182 699 tur,
202 655 429 705 supplicatio
449 655 488 690 in
507 654 674 689 triduum
703 665 772 703 pro
799 652 962 700 collegio
992 653 1225 690 decemviro-

108 732 192 756 rum
211 720 396 769 imperata
421 718 495 754 fuit
520 718 560 753 in
590 716 766 753 omnibus
797 717 988 767 compitis,
1011 718 1113 766 quod
1140 718 1226 754 luce

109 785 209 820 inter
230 783 361 819 horam
389 782 542 817 tertiam
568 780 685 816 ferme
706 786 743 815 et
763 787 935 829 quartam
962 781 1127 818 tenebra».
1155 782 1226 819 ob-

109 854 203 885 ortoe
232 847 405 884 fuerant:
447 852 485 881 et
521 844 758 881 novemdiale
787 844 1012 882 sacrificium
1042 847 1228 884 indictum

110 919 180 956 est,
201 912 303 961 quod
321 912 360 946 in
382 910 576 946 Aventino
595 909 781 959 lapidibus
801 909 970 959 pluisset.
1026 911 1227 961 Campani,

112 988 228 1026 quum
245 988 309 1012 eos
331 987 377 1012 ex
400 973 747 1016 senatusconsulto,
769 974 870 1022 quod
888 974 1029 1010 factum
1051 982 1132 1011 erat
1150 976 1229 1025 pri-

113 1053 179 1077 ore
198 1053 314 1084 anno,
336 1051 510 1077 censores
530 1037 668 1074 Romae
698 1040 843 1074 censeri
872 1040 1099 1088 coegissent,
1124 1042 1229 1088 (nam

115 1111 228 1141 antea
255 1106 442 1141 incertum
470 1102 608 1145 fuerat,
636 1102 703 1138 ubi
731 1106 991 1151 censerentur)
1023 1106 1229 1155 petierunt,

116 1174 159 1205 ut
178 1169 251 1204 sibi
280 1169 378 1204 cives
406 1167 602 1204 Romanas
623 1167 758 1203 ducere
778 1181 914 1204 uxores
934 1168 1064 1205 liceret
1080 1186 1089 1214 3
1127 1177 1178 1213 et,
1200 1171 1231 1205 si

116 1234 179 1283 qui
200 1235 302 1284 prius
323 1234 533 1275 duxissent,
550 1238 593 1268 ut
611 1232 751 1269 habere
770 1246 847 1277 eas,
869 1239 906 1269 et
924 1240 1013 1270 ante
1032 1248 1115 1271 eam
1135 1236 1232 1272 diem

116 1298 212 1341 nati,
234 1298 289 1333 uti
302 1296 398 1347 justi
419 1296 491 1332 sibi
510 1295 620 1332 liberi
639 1297 880 1345 haeredesque
900 1304 1048 1335 essent:
1075 1305 1234 1348 utraque

117 1374 175 1398 res
195 1362 397 1412 inpetrata.
452 1360 513 1397 De
538 1360 751 1396 Formianis
780 1360 1049 1411 Fundanisque
1075 1363 1236 1399 munici-

119 1425 230 1476 pibus
259 1433 298 1462 et
326 1424 575 1475 Arpinatibus
614 1424 657 1461 C.
674 1424 847 1461 Valerius
876 1425 1030 1475 Tappus
1059 1427 1234 1463 tribunus

120 1490 239 1541 plebis
259 1489 528 1540 promulgavit,
549 1489 606 1525 uti
624 1489 669 1525 iis
696 1489 866 1538 suffragii
894 1489 988 1526 latio
1012 1494 1118 1541 (nam
1147 1498 1236 1528 ante

122 1555 203 1591 sine
223 1555 403 1603 suffragio
421 1554 634 1590 habuerant
653 1554 862 1602 civitatem)
886 1562 997 1592 esset.
1053 1555 1157 1592 Huic
1176 1569 1239 1592 ro-

126 1618 273 1666 gationi
293 1624 457 1667 quatuor
474 1617 620 1653 tribuni
639 1617 774 1667 plebis,
795 1619 884 1667 quia
902 1631 981 1655 non
1000 1631 1046 1656 ex
1073 1620 1238 1656 auctori-

125 1688 205 1719 tate
233 1689 385 1719 senatus
417 1682 593 1725 ferretur,
627 1695 743 1731 quum
775 1682 1066 1727 intercederent,
1100 1685 1241 1728 edocti,

126 1746 257 1798 populi
277 1760 372 1790 esse,
385 1760 462 1784 non
482 1753 635 1783 senatus
648 1746 714 1797 jus
734 1746 968 1795 suffragium,
985 1748 1120 1798 quibus
1136 1737 1255 1793 velit,

128 1811 315 1862 impartiri,
336 1811 562 1847 destiterunt
581 1812 749 1861 incepto.
804 1810 974 1861 Rogatio
1000 1812 1145 1862 perlata
1171 1821 1242 1857 est,

129 1880 172 1911 ut
200 1875 238 1911 in
258 1874 418 1912 AEmilia
445 1875 547 1911 tribu
575 1875 771 1912 Formiani
799 1882 838 1911 et
866 1876 1054 1920 Fundani,
1078 1878 1116 1913 in
1149 1878 1245 1914 Cor-

131 1938 232 1975 nelia
249 1939 453 1989 Arpinates
472 1939 639 1975 ferrent:
671 1945 784 1988 atque
809 1939 849 1975 in
877 1940 935 1975 his
965 1941 1139 1977 tribubus
1164 1948 1248 1978 tum

133 2003 296 2053 primum
315 2015 362 2039 ex
380 2003 535 2039 Valerio
554 2003 755 2053 plebiscito
775 2004 878 2040 censi
906 2011 1007 2041 sunt.
1063 2005 1120 2042 M.
1135 2006 1250 2042 Clau-

134 2066 218 2102 dius
245 2065 450 2103 Marcellus
480 2079 628 2110 censor,
649 2073 751 2102 sorte
780 2073 958 2117 superato
987 2068 1032 2105 T.
1049 2069 1250 2112 Quinctio,

136 2130 295 2167 lustrum
315 2131 507 2168 condidit:
541 2144 654 2168 censa
673 2138 761 2168 sunt
779 2132 917 2168 civium
937 2134 1063 2183 capita
1087 2134 1251 2171 ducenta

138 2193 416 2242 quinquaginta
447 2201 537 2231 octo
566 2194 686 2231 millia
716 2201 887 2232 trecenta
919 2196 1049 2233 decem
1081 2204 1119 2234 et
1148 2206 1250 2235 octo.

139 2256 283 2293 Lustro
324 2257 509 2308 perfecto,
547 2258 721 2297 consules
758 2260 797 2296 in
840 2261 1054 2310 provincias
1090 2261 1254 2314 profecti

141 2327 243 2359 tunt,
