1546 2648
247 391 1038 449 FRAGMENTUM

463 572 658 611 LIBRI
705 574 814 614 XCI.

175 918 348 954 AMEN
376 918 589 968 insequenti
620 921 705 970 ipso
737 920 985 970 pervigilante
1004 921 1042 957 in
1064 920 1198 958 eodem

204 981 290 1018 loco
320 982 393 1019 alia
424 984 588 1020 excitata
620 984 731 1020 turris
762 985 883 1034 prima
902 983 985 1020 luce
1015 984 1199 1020 miraculo

77 1045 252 1083 hostibus
274 1046 360 1090 fuit,
382 1047 493 1083 simul
521 1055 558 1084 et
586 1048 715 1098 oppidi
742 1049 868 1090 turris,
890 1061 973 1096 quae
993 1049 1201 1084 maximum

76 1111 409 1160 propugnaculum
437 1111 574 1156 fuerat,
596 1111 760 1148 subrutis
781 1111 1053 1155 fundamentis,
1074 1111 1200 1147 dehis-

76 1187 160 1211 cere
181 1175 400 1224 ingentibus
422 1177 540 1219 rimis,
572 1184 609 1213 et
632 1184 673 1212 tu
743 1177 766 1197 *
852 1180 870 1198 *²
955 1178 979 1201 ’χ’
1065 1176 1087 1197 ³*
1173 1177 1198 1200 ’κ’

67 1235 134 1288 jus
206 1242 230 1264 ἥ
317 1241 341 1264 ³⁶
411 1253 476 1275 um
496 1240 573 1289 igni
596 1240 740 1290 coepit;
773 1239 1011 1287 incendiique
1031 1237 1141 1274 simul
1161 1244 1200 1274 et

73 1302 191 1339 ruinae
225 1311 328 1340 metu
360 1305 481 1340 territi
514 1305 808 1341 Contrebienses
845 1304 891 1339 de
921 1316 1029 1339 muro
1061 1302 1200 1352 trepidi

75 1366 314 1414 effugerunt3
348 1374 386 1403 et
421 1374 460 1404 ut
493 1368 609 1417 legati
641 1369 884 1404 mitterentur
913 1367 960 1403 ad
990 1367 1200 1403 dedendam

73 1429 221 1473 urbem,
256 1430 303 1467 ab
340 1433 514 1469 universa
546 1432 788 1468 multitudine
818 1430 1097 1467 conclamatum
1128 1436 1199 1467 est.

73 1492 220 1530 Eadem
240 1495 372 1538 virtus,
406 1509 488 1545 quae
518 1497 717 1532 inritantes
749 1501 1049 1545 oppugnaverat,
1075 1494 1216 1530 victo-·
1248 1539 1254 1543 V

73 1569 152 1593 rem
173 1557 457 1607 placabiliorem
488 1560 590 1597 fecit.
648 1560 856 1596 Obsidibus
877 1560 1055 1609 acceptis,
1082 1571 1199 1608 pecu-

71 1622 145 1658 niae
167 1624 353 1660 modicam
374 1625 501 1673 exegit
521 1637 720 1667 summam,
742 1637 921 1673 armaque
947 1623 1077 1659 omnia
1109 1622 1198 1658 ade-

74 1688 168 1733 mit5
203 1688 421 1737 transfugas
442 1689 581 1725 liberos
605 1690 706 1725 vivos
728 1689 775 1725 ad
794 1701 832 1724 se
852 1688 985 1724 adduci
1008 1687 1138 1737 jussit,
1159 1686 1215 1723 et'

75 1751 272 1800 fugitivos,
294 1766 455 1802 quorum
481 1753 604 1804 major
630 1753 835 1789 multitudo
869 1759 972 1788 erat:
1004 1752 1095 1801 ipsis
1124 1752 1197 1787 im-

75 1817 237 1866 peravit,
270 1823 311 1852 ut
344 1817 624 1853 interficerent:
651 1816 850 1866 jugulatos
884 1816 930 1851 de
959 1827 1069 1851 muro
1095 1813 1199 1864 deje-

76 1886 222 1917 cerunt.
276 1880 375 1916 Cum
411 1893 551 1929 magna
580 1879 735 1930 jactura
772 1879 936 1916 militum
968 1885 1131 1927 quatuor
1160 1884 1199 1914 et

75 1943 329 1992 quadraginta
349 1943 479 1979 diebus
501 1943 710 1979 Contrebia
738 1948 969 1992 expugnata,
989 1941 1198 1990 relictoque

73 2007 127 2043 ibi
158 2007 205 2043 L.
225 2007 376 2042 Justeio
434 2009 459 2031 ἥ
518 2009 542 2032 *³*
600 2007 647 2043 ad
678 2007 866 2043 Hiberum
897 2006 1038 2042 fiumen
1068 2006 1196 2055 copias

78 2070 247 2107 adduxit.
303 2070 364 2106 Ibi
384 2070 639 2106 hibernaculis
667 2071 872 2106 secundum
896 2069 1077 2119 oppidum
1097 2068 1199 2116 quod

83 2134 220 2170 Castra
239 2133 344 2170 AElia
372 2140 543 2177 vocatur,
573 2135 780 2176 aedificatis‚
810 2135 888 2184 ipse
907 2134 945 2169 in
967 2133 1098 2169 castris
1119 2145 1199 2167 ma-

76 2197 207 2241 nebat,
239 2198 405 2235 interdiu
438 2205 668 2235 conventum
701 2199 889 2234 sociarum
924 2197 1134 2233 civitatium
1159 2196 1201 2231 in

78 2262 221 2313 oppido
242 2262 392 2312 agebat.
448 2264 568 2303 Arma
597 2269 640 2300 ut
669 2263 804 2300 fierent
831 2275 902 2313 pro
935 2261 1053 2312 copiis
1074 2259 1201 2310 cujus·
