1546 2648
317 177 470 205 LIBER
493 174 722 204 XXXVIII·
754 174 861 203 CAP.
885 175 992 205 XVI·
1138 174 1195 221 95

76 274 204 312 parem
225 265 336 300 armis
363 265 449 307 rati,
470 264 626 299 Brenno
646 263 740 298 duce
771 263 808 298 in
836 262 1040 300 Dardanos
1059 277 1192 315 perve-

76 334 232 364 nerunt:
265 328 318 364 ibi
347 329 482 365 seditio
507 336 605 370 orta,
634 334 671 363 et
697 328 744 363 ad
764 328 898 376 viginti
924 328 1041 364 millia
1068 330 1193 366 homi-

79 403 185 434 num,
207 405 291 428 cum
320 393 516 429 Leonorio
540 406 582 429 ac
612 393 775 429 Lutario
798 393 952 441 regulis,
983 395 1198 431 secessione

73 453 176 491 facta
204 469 225 493 a
251 457 421 500 Brenno,
451 460 487 493 in
515 457 717 493 Thraciam
747 457 819 492 iter
849 466 1091 494 averterunt:
1129 459 1193 495 ubi

80 533 164 557 cum
195 524 456 560 resistentibus
488 523 709 573 pugnando,
732 535 861 572 pacem
891 523 1107 572 petentibus
1128 526 1197 560 sti-

80 587 259 634 pendium
279 588 512 637 inponcndo,
534 588 766 637 Byzantium
787 600 901 636 quum
923 589 1196 637 pervenissent,

80 649 309 699 aliquamdiu
337 665 441 688 oram
473 652 720 702 Propontidis
751 651 976 700 vectigalem
1002 652 1195 696 habendo,

79 715 246 762 regionis
280 716 359 767 ejus
388 717 497 753 nrbes
527 717 788 753 obtinuerunt.
847 717 997 766 Cupido
1018 717 1105 754 inde
1130 731 1195 754 eos

81 778 120 814 in
139 780 268 816 Asiam
287 781 519 825 transeundi,
538 781 732 817 audientes
750 794 796 817 ex
812 782 1041 830 propinquo,
1056 790 1198 831 quanta

80 842 231 879 ubertas
247 851 355 881 terrae
372 845 452 896 ejus
467 852 579 888 esset,
598 845 697 895 cepit
713 860 720 880 z
745 852 796 887 et,
811 844 1055 894 Lysimachia
1066 846 1198 883 fraude

1209 272 1249 302 U.
1267 271 1303 303 C.
1322 277 1398 304 563.

1206 315 1246 346 A.
1264 315 1302 346 C.
1322 323 1396 349 189.

82 915 205 958 capta,
229 910 544 960 Chersonesoque
565 910 669 947 omni
690 910 803 945 armis
825 922 1012 959 possessa,
1034 911 1081 946 ad
1101 909 1210 947 Hel:

81 972 297 1024 lespontum
324 977 612 1012 descenderunt.
670 975 730 1010 Ibi
761 987 849 1010 vero
876 975 1014 1023 exiguo
1041 975 1198 1013 divisam

81 1037 181 1074 freto
195 1041 436 1076 cernentibus
455 1041 585 1076 Asiam
605 1038 726 1076 multo
743 1039 862 1087 magis
879 1039 995 1074 animi
1012 1039 1058 1076 ad
1073 1046 1197 1076 trans-

81 1103 245 1139 eundum
272 1106 441 1150 accensi3
473 1106 709 1154 nunciosque
740 1104 788 1141 ad
813 1105 1074 1154 Antipatrum,
1101 1120 1198 1157 prae-

81 1165 224 1203 fectum
257 1168 337 1217 ejus
371 1183 462 1212 orae,
497 1170 542 1206 de
574 1170 737 1206 transitu
769 1168 993 1205 mittebant:
1027 1184 1110 1220 quae
1140 1184 1198 1208 res

84 1245 197 1281 quum
228 1232 366 1270 lentius
397 1247 462 1284 spe
492 1235 660 1285 ipsorum
697 1235 925 1277 traheretur,
961 1234 1035 1271 alia
1070 1249 1198 1273 rursus

80 1309 182 1333 nova
207 1299 307 1334 inter
336 1298 485 1348 regulos
512 1306 596 1334 orta
620 1298 757 1334 seditio
778 1304 846 1334 cst.
903 1297 1119 1337 Leonorius
1140 1314 1198 1338 re-

84 1369 158 1407 tro,
182 1363 279 1400 unde
301 1370 467 1406 venerat,
489 1376 575 1400 cum
604 1362 749 1413 majore
779 1370 886 1413 parte
911 1363 1109 1401 hominum
1141 1380 1200 1403 re·

84 1430 180 1479 petit
206 1428 460 1478 Byzantium:
493 1429 674 1465 Lutarius
701 1427 994 1472 Macedonibus,
1019 1444 1086 1480 per
1115 1445 1201 1482 spe-

84 1495 178 1531 ciem
198 1495 400 1542 legationis
417 1495 464 1533 ab
479 1496 685 1545 Antipatro
706 1495 752 1531 ad
771 1494 1040 1545 speculandum
1062 1498 1199 1542 missis,

84 1559 176 1595 duas
201 1566 321 1596 tectas
349 1573 463 1598 naves
490 1567 529 1598 et
556 1567 631 1597 tres
661 1560 806 1596 lembos
827 1560 981 1597 adimit:
1014 1561 1087 1605 his,
1106 1562 1200 1600 alios

87 1634 200 1672 atque
224 1625 317 1661 alios
339 1625 417 1661 dies
444 1632 652 1674 noctesque
673 1624 968 1667 transvehendo,
989 1626 1090 1662 intra
1109 1640 1202 1676 pau-

88 1702 152 1726 cos
186 1690 264 1726 dies
295 1701 425 1726 omnes
458 1690 587 1740 copias
620 1687 783 1738 trajecit.
841 1687 956 1725 Haud
995 1689 1048 1726 ita
1081 1690 1203 1728 multo
1252 1730 1259 1735 s

0 1749 2 1773 ¹
56 1766 61 1772 ·
85 1760 174 1804 post
194 1753 422 1797 Leonorius,
440 1753 644 1803 adjuvante
663 1751 874 1788 Nicomede
890 1752 1083 1802 Bithyniae
1098 1767 1201 1804 rege,

89 1831 111 1855 a
145 1817 337 1867 Byzantio
375 1817 597 1855 transmisit.
656 1816 808 1853 Coeunt
841 1816 975 1853 deinde
1008 1818 1047 1854 in
1087 1832 1202 1856 unum

88 1895 214 1919 rursus
252 1882 368 1926 Galli,
420 1889 458 1919 et
504 1881 644 1919 auxilia
685 1881 887 1918 Nicomedi
922 1882 1027 1925 dant,
1074 1883 1205 1920 adver-

89 1960 150 1983 sus
177 1947 405 1997 Zyboetam‚
433 1954 578 1998 partem
609 1953 802 1983 tenentem
830 1947 1037 1995 Bithyniae,
1059 1948 1207 1996 gerenti

89 2011 242 2049 bellurn.
299 2013 426 2061 Atque
454 2025 584 2048 eorum
615 2013 779 2048 maxime
798 2024 914 2060 opera
939 2011 1107 2048 devictus
1129 2013 1206 2063 Zy-

88 2076 204 2112 boeta
223 2083 293 2119 est,
313 2076 573 2126 Bithyniaque
599 2077 721 2112 omnis
750 2076 789 2111 in
819 2076 1002 2112 ditionem
1023 2075 1205 2113 Nicome-

92 2140 147 2176 dis
168 2142 366 2178 concessit.
423 2141 592 2178 Profecti
617 2154 662 2177 ex
691 2141 875 2190 Bithynia
902 2141 939 2176 in
965 2141 1096 2176 Asiam
1116 2154 1205 2192 pro-

94 2213 305 2241 cesserunt:
338 2219 414 2242 non
447 2206 529 2256 plus
563 2219 608 2242 ex
636 2207 772 2254 viginti
800 2205 965 2242 millibus
994 2207 1205 2248 hominum,

94 2281 206 2318 quam
226 2269 354 2305 decem
380 2278 528 2306 armata
553 2277 682 2307 erant:
717 2277 844 2306 tamen
875 2276 1024 2306 tantuin
1052 2270 1206 2305 terroris

93 2333 285 2376 ommium,
302 2346 384 2383 quae
404 2336 456 2370 cis
477 2335 646 2372 Taurum
668 2335 855 2377 incolunt,
874 2335 1048 2384 gentibus
1068 2334 1208 2384 injece-

95 2404 195 2441 runt,
214 2402 268 2441 ut,
291 2410 381 2447 quas
402 2399 583 2443 adissent,
604 2412 771 2450 quasque
800 2411 876 2436 non
905 2399 1085 2443 adissent,
1106 2399 1207 2451 pari-
