<?xml version="1.0" encoding="UTF-8"?>
<!DOCTYPE html PUBLIC "-//W3C//DTD XHTML 1.0 Transitional//EN"
    "http://www.w3.org/TR/xhtml1/DTD/xhtml1-transitional.dtd">
<html xmlns="http://www.w3.org/1999/xhtml" xml:lang="en" lang="en">
 <head>
  <title>
</title>
<meta http-equiv="Content-Type" content="text/html;charset=utf-8" />
  <meta name='ocr-system' content='tesseract 3.04.00' />
  <meta name='ocr-capabilities' content='ocr_page ocr_carea ocr_par ocr_line ocrx_word'/>
</head>
<body>
  <div class='ocr_page' id='page_1' title='image "./historiarumquaes04livyuoft/historiarumquaes04livyuoft_0399.png"; bbox 0 0 1546 2648; ppageno 0'>
   <div class='ocr_carea' id='block_1_1' title="bbox 369 156 1220 210">
    <p class='ocr_par' dir='ltr' id='par_1_1' title="bbox 369 156 1220 210">
     <span class='ocr_line' id='line_1_1' title="bbox 369 156 1220 210; baseline -0.011 -7"><span class='ocrx_word' id='word_1_1' title='bbox 369 170 522 203; x_wconf 70' lang='grc' dir='ltr'>ιιΒΕιι</span> <span class='ocrx_word' id='word_1_2' title='bbox 545 169 674 199; x_wconf 71' lang='grc' dir='ltr'><strong>Χιιι.</strong></span> <span class='ocrx_word' id='word_1_3' title='bbox 707 168 814 198; x_wconf 74' lang='grc' dir='ltr'><strong>οΑΡ.</strong></span> <span class='ocrx_word' id='word_1_4' title='bbox 840 167 978 196; x_wconf 76' lang='lat' dir='ltr'>thv.</span> <span class='ocrx_word' id='word_1_5' title='bbox 1136 156 1220 210; x_wconf 85' lang='lat'>389</span> 
     </span>
    </p>
   </div>
   <div class='ocr_carea' id='block_1_2' title="bbox 111 255 1424 2289">
    <p class='ocr_par' dir='ltr' id='par_1_2' title="bbox 111 255 1424 2289">
     <span class='ocr_line' id='line_1_2' title="bbox 121 255 1424 310; baseline -0.009 -8"><span class='ocrx_word' id='word_1_6' title='bbox 121 264 399 302; x_wconf 78' lang='lat' dir='ltr'>multitudinem</span> <span class='ocrx_word' id='word_1_7' title='bbox 427 267 543 303; x_wconf 86' lang='lat' dir='ltr'>ratus,</span> <span class='ocrx_word' id='word_1_8' title='bbox 573 258 688 308; x_wconf 90' lang='lat' dir='ltr'>quod,</span> <span class='ocrx_word' id='word_1_9' title='bbox 719 270 794 307; x_wconf 87' lang='lat' dir='ltr'>qua</span> <span class='ocrx_word' id='word_1_10' title='bbox 822 262 928 307; x_wconf 85' lang='lat' dir='ltr'>parte</span> <span class='ocrx_word' id='word_1_11' title='bbox 956 255 1062 306; x_wconf 89' lang='lat' dir='ltr'>palus</span> <span class='ocrx_word' id='word_1_12' title='bbox 1092 255 1224 310; x_wconf 81' lang='lat' dir='ltr'>urbem</span> <span class='ocrx_word' id='word_1_13' title='bbox 1237 261 1279 291; x_wconf 86' lang='lat' dir='ltr'>U.</span> <span class='ocrx_word' id='word_1_14' title='bbox 1295 259 1332 291; x_wconf 91' lang='lat' dir='ltr'>C.</span> <span class='ocrx_word' id='word_1_15' title='bbox 1349 265 1424 292; x_wconf 77' lang='lat'>581.</span> 
     </span>
     <span class='ocr_line' id='line_1_3' title="bbox 121 303 1420 377; baseline -0.009 -11"><span class='ocrx_word' id='word_1_16' title='bbox 121 329 254 377; x_wconf 83' lang='lat' dir='ltr'>cingit,</span> <span class='ocrx_word' id='word_1_17' title='bbox 274 339 343 363; x_wconf 91' lang='lat' dir='ltr'>nec</span> <span class='ocrx_word' id='word_1_18' title='bbox 361 324 557 362; x_wconf 83' lang='lat' dir='ltr'>adtinebat</span> <span class='ocrx_word' id='word_1_19' title='bbox 575 322 802 373; x_wconf 85' lang='lat' dir='ltr'>obpugnari,</span> <span class='ocrx_word' id='word_1_20' title='bbox 823 332 893 357; x_wconf 86' lang='lat' dir='ltr'>nec</span> <span class='ocrx_word' id='word_1_21' title='bbox 918 326 1080 369; x_wconf 84' lang='lat' dir='ltr'>poterat.</span> <span class='ocrx_word' id='word_1_22' title='bbox 1137 319 1225 369; x_wconf 89' lang='lat' dir='ltr'>lpse</span> <span class='ocrx_word' id='word_1_23' title='bbox 1236 305 1276 335; x_wconf 68' lang='lat' dir='ltr'>A*</span> <span class='ocrx_word' id='word_1_24' title='bbox 1293 303 1329 335; x_wconf 77' lang='lat' dir='ltr'>c·</span> <span class='ocrx_word' id='word_1_25' title='bbox 1348 309 1420 338; x_wconf 70' lang='lat'><strong>¹⁷⁷¹·</strong></span> 
     </span>
     <span class='ocr_line' id='line_1_4' title="bbox 121 384 1226 443; baseline -0.011 -12"><span class='ocrx_word' id='word_1_26' title='bbox 121 394 168 430; x_wconf 82' lang='lat' dir='ltr'>ab</span> <span class='ocrx_word' id='word_1_27' title='bbox 188 407 232 430; x_wconf 83' lang='lat' dir='ltr'>ea</span> <span class='ocrx_word' id='word_1_28' title='bbox 247 399 365 443; x_wconf 86' lang='lat' dir='ltr'>parte,</span> <span class='ocrx_word' id='word_1_29' title='bbox 386 403 460 440; x_wconf 88' lang='lat' dir='ltr'>qua</span> <span class='ocrx_word' id='word_1_30' title='bbox 479 389 562 426; x_wconf 85' lang='lat' dir='ltr'>duae</span> <span class='ocrx_word' id='word_1_31' title='bbox 579 397 716 430; x_wconf 84' lang='lat' dir='ltr'>turres,</span> <span class='ocrx_word' id='word_1_32' title='bbox 737 386 911 436; x_wconf 90' lang='lat' dir='ltr'>quodque</span> <span class='ocrx_word' id='word_1_33' title='bbox 931 386 1028 420; x_wconf 86' lang='lat' dir='ltr'>inter</span> <span class='ocrx_word' id='word_1_34' title='bbox 1047 397 1108 420; x_wconf 87' lang='lat' dir='ltr'>eas</span> <span class='ocrx_word' id='word_1_35' title='bbox 1130 384 1226 420; x_wconf 90' lang='lat' dir='ltr'>muri</span> 
     </span>
     <span class='ocr_line' id='line_1_5' title="bbox 120 448 1225 508; baseline -0.009 -14"><span class='ocrx_word' id='word_1_36' title='bbox 120 463 316 508; x_wconf 88' lang='lat' dir='ltr'>prorutum</span> <span class='ocrx_word' id='word_1_37' title='bbox 335 455 472 496; x_wconf 86' lang='lat' dir='ltr'>fuerat,</span> <span class='ocrx_word' id='word_1_38' title='bbox 493 454 568 489; x_wconf 90' lang='lat' dir='ltr'>duo</span> <span class='ocrx_word' id='word_1_39' title='bbox 587 451 706 488; x_wconf 90' lang='lat' dir='ltr'>millia</span> <span class='ocrx_word' id='word_1_40' title='bbox 729 450 890 486; x_wconf 90' lang='lat' dir='ltr'>militum</span> <span class='ocrx_word' id='word_1_41' title='bbox 910 448 1139 484; x_wconf 88' lang='lat' dir='ltr'>delectorum</span> <span class='ocrx_word' id='word_1_42' title='bbox 1160 448 1225 485; x_wconf 89' lang='lat' dir='ltr'>ad-</span> 
     </span>
     <span class='ocr_line' id='line_1_6' title="bbox 118 512 1226 567; baseline -0.008 -9"><span class='ocrx_word' id='word_1_43' title='bbox 118 521 261 566; x_wconf 80' lang='lat' dir='ltr'>movit3</span> <span class='ocrx_word' id='word_1_44' title='bbox 294 527 335 556; x_wconf 90' lang='lat' dir='ltr'>ut</span> <span class='ocrx_word' id='word_1_45' title='bbox 364 519 495 556; x_wconf 88' lang='lat' dir='ltr'>eodem</span> <span class='ocrx_word' id='word_1_46' title='bbox 529 519 714 567; x_wconf 84' lang='lat' dir='ltr'>tempore,</span> <span class='ocrx_word' id='word_1_47' title='bbox 746 527 821 564; x_wconf 92' lang='lat' dir='ltr'>quo</span> <span class='ocrx_word' id='word_1_48' title='bbox 851 514 929 563; x_wconf 87' lang='lat' dir='ltr'>ipse</span> <span class='ocrx_word' id='word_1_49' title='bbox 961 512 1226 549; x_wconf 81' lang='lat' dir='ltr'>transcendere</span> 
     </span>
     <span class='ocr_line' id='line_1_7' title="bbox 118 576 1227 627; baseline -0.007 -5"><span class='ocrx_word' id='word_1_50' title='bbox 118 586 244 622; x_wconf 87' lang='lat' dir='ltr'>ruinas</span> <span class='ocrx_word' id='word_1_51' title='bbox 264 592 478 627; x_wconf 83' lang='lat' dir='ltr'>conaretur,</span> <span class='ocrx_word' id='word_1_52' title='bbox 499 594 684 619; x_wconf 86' lang='lat' dir='ltr'>concursu</span> <span class='ocrx_word' id='word_1_53' title='bbox 700 580 874 617; x_wconf 86' lang='lat' dir='ltr'>adversus</span> <span class='ocrx_word' id='word_1_54' title='bbox 892 590 930 613; x_wconf 86' lang='lat' dir='ltr'>se</span> <span class='ocrx_word' id='word_1_55' title='bbox 949 576 1227 627; x_wconf 88' lang='lat' dir='ltr'>oppidanorum</span> 
     </span>
     <span class='ocr_line' id='line_1_8' title="bbox 117 641 1226 692; baseline -0.01 -6"><span class='ocrx_word' id='word_1_56' title='bbox 117 649 236 692; x_wconf 83' lang='lat' dir='ltr'>facto,</span> <span class='ocrx_word' id='word_1_57' title='bbox 269 649 377 685; x_wconf 89' lang='lat' dir='ltr'>scalis</span> <span class='ocrx_word' id='word_1_58' title='bbox 407 660 526 684; x_wconf 83' lang='lat' dir='ltr'>vacua</span> <span class='ocrx_word' id='word_1_59' title='bbox 550 643 810 682; x_wconf 86' lang='lat' dir='ltr'>defensoribus</span> <span class='ocrx_word' id='word_1_60' title='bbox 839 642 981 679; x_wconf 84' lang='lat' dir='ltr'>moenia</span> <span class='ocrx_word' id='word_1_61' title='bbox 1008 641 1093 691; x_wconf 88' lang='lat' dir='ltr'>capi</span> <span class='ocrx_word' id='word_1_62' title='bbox 1119 647 1226 691; x_wconf 88' lang='lat' dir='ltr'>parte</span> 
     </span>
     <span class='ocr_line' id='line_1_9' title="bbox 119 703 1224 763; baseline -0.009 -14"><span class='ocrx_word' id='word_1_63' title='bbox 119 713 246 762; x_wconf 84' lang='lat' dir='ltr'>aliqua</span> <span class='ocrx_word' id='word_1_64' title='bbox 272 719 438 763; x_wconf 83' lang='lat' dir='ltr'>possent.</span> <span class='ocrx_word' id='word_1_65' title='bbox 495 709 611 747; x_wconf 82' lang='lat' dir='ltr'>Haud</span> <span class='ocrx_word' id='word_1_66' title='bbox 639 708 805 757; x_wconf 85' lang='lat' dir='ltr'>segniter</span> <span class='ocrx_word' id='word_1_67' title='bbox 832 705 1012 756; x_wconf 87' lang='lat' dir='ltr'>oppidani</span> <span class='ocrx_word' id='word_1_68' title='bbox 1039 706 1115 741; x_wconf 88' lang='lat' dir='ltr'>vim</span> <span class='ocrx_word' id='word_1_69' title='bbox 1145 703 1224 754; x_wconf 88' lang='lat' dir='ltr'>ejus</span> 
     </span>
     <span class='ocr_line' id='line_1_10' title="bbox 120 770 1225 827; baseline -0.005 -13"><span class='ocrx_word' id='word_1_70' title='bbox 120 790 246 814; x_wconf 87' lang='lat' dir='ltr'>arcere</span> <span class='ocrx_word' id='word_1_71' title='bbox 265 783 399 827; x_wconf 89' lang='lat' dir='ltr'>parant</span> <span class='ocrx_word' id='word_1_72' title='bbox 415 792 422 813; x_wconf 93' lang='lat'><strong>:</strong></span> <span class='ocrx_word' id='word_1_73' title='bbox 455 789 542 813; x_wconf 89' lang='lat' dir='ltr'>nam</span> <span class='ocrx_word' id='word_1_74' title='bbox 557 787 669 825; x_wconf 88' lang='lat' dir='ltr'>super</span> <span class='ocrx_word' id='word_1_75' title='bbox 681 779 838 810; x_wconf 83' lang='lat' dir='ltr'>stratum</span> <span class='ocrx_word' id='word_1_76' title='bbox 855 772 972 808; x_wconf 88' lang='lat' dir='ltr'>ruinis</span> <span class='ocrx_word' id='word_1_77' title='bbox 992 770 1131 815; x_wconf 90' lang='lat' dir='ltr'>locum,</span> <span class='ocrx_word' id='word_1_78' title='bbox 1148 771 1225 808; x_wconf 84' lang='lat' dir='ltr'>fas-</span> 
     </span>
     <span class='ocr_line' id='line_1_11' title="bbox 119 837 1226 888; baseline -0.005 -11"><span class='ocrx_word' id='word_1_79' title='bbox 119 840 224 877; x_wconf 83' lang='lat' dir='ltr'>cibus</span> <span class='ocrx_word' id='word_1_80' title='bbox 248 842 360 877; x_wconf 85' lang='lat' dir='ltr'>aridis</span> <span class='ocrx_word' id='word_1_81' title='bbox 387 846 662 877; x_wconf 82' lang='lat' dir='ltr'>sarmentorum</span> <span class='ocrx_word' id='word_1_82' title='bbox 690 837 853 888; x_wconf 82' lang='lat' dir='ltr'>injectiS,</span> <span class='ocrx_word' id='word_1_83' title='bbox 884 843 1026 873; x_wconf 81' lang='lat' dir='ltr'>stantes</span> <span class='ocrx_word' id='word_1_84' title='bbox 1052 847 1136 872; x_wconf 92' lang='lat' dir='ltr'>cum</span> <span class='ocrx_word' id='word_1_85' title='bbox 1165 848 1226 872; x_wconf 91' lang='lat' dir='ltr'>ar-</span> 
     </span>
     <span class='ocr_line' id='line_1_12' title="bbox 118 900 1224 950; baseline -0.005 -9"><span class='ocrx_word' id='word_1_86' title='bbox 118 904 293 941; x_wconf 87' lang='lat' dir='ltr'>dentibus</span> <span class='ocrx_word' id='word_1_87' title='bbox 312 904 458 941; x_wconf 83' lang='lat' dir='ltr'>facibus</span> <span class='ocrx_word' id='word_1_88' title='bbox 478 915 702 941; x_wconf 83' lang='lat' dir='ltr'>accensuros</span> <span class='ocrx_word' id='word_1_89' title='bbox 722 915 765 938; x_wconf 90' lang='lat' dir='ltr'>ea</span> <span class='ocrx_word' id='word_1_90' title='bbox 785 913 824 938; x_wconf 88' lang='lat' dir='ltr'>se</span> <span class='ocrx_word' id='word_1_91' title='bbox 850 913 949 950; x_wconf 86' lang='lat' dir='ltr'>saepe</span> <span class='ocrx_word' id='word_1_92' title='bbox 968 900 1224 944; x_wconf 86' lang='lat' dir='ltr'>minabantur,</span> 
     </span>
     <span class='ocr_line' id='line_1_13' title="bbox 117 962 1226 1017; baseline -0.005 -13"><span class='ocrx_word' id='word_1_93' title='bbox 117 974 174 1011; x_wconf 87' lang='lat' dir='ltr'>ut,</span> <span class='ocrx_word' id='word_1_94' title='bbox 196 968 371 1004; x_wconf 88' lang='lat' dir='ltr'>incendio</span> <span class='ocrx_word' id='word_1_95' title='bbox 397 968 595 1017; x_wconf 88' lang='lat' dir='ltr'>intersepti</span> <span class='ocrx_word' id='word_1_96' title='bbox 618 966 665 1002; x_wconf 88' lang='lat' dir='ltr'>ab</span> <span class='ocrx_word' id='word_1_97' title='bbox 685 966 810 1007; x_wconf 90' lang='lat' dir='ltr'>hoste,</span> <span class='ocrx_word' id='word_1_98' title='bbox 831 964 995 1014; x_wconf 88' lang='lat' dir='ltr'>spatium</span> <span class='ocrx_word' id='word_1_99' title='bbox 1023 963 1070 999; x_wconf 89' lang='lat' dir='ltr'>ad</span> <span class='ocrx_word' id='word_1_100' title='bbox 1089 962 1226 1013; x_wconf 87' lang='lat' dir='ltr'>objici·</span> 
     </span>
     <span class='ocr_line' id='line_1_14' title="bbox 116 1026 1226 1077; baseline -0.005 -10"><span class='ocrx_word' id='word_1_101' title='bbox 116 1031 256 1068; x_wconf 83' lang='lat' dir='ltr'>endum</span> <span class='ocrx_word' id='word_1_102' title='bbox 281 1032 499 1068; x_wconf 86' lang='lat' dir='ltr'>interiorem</span> <span class='ocrx_word' id='word_1_103' title='bbox 527 1042 675 1067; x_wconf 88' lang='lat' dir='ltr'>murum</span> <span class='ocrx_word' id='word_1_104' title='bbox 702 1027 898 1065; x_wconf 89' lang='lat' dir='ltr'>haberent.</span> <span class='ocrx_word' id='word_1_105' title='bbox 954 1026 1068 1066; x_wconf 90' lang='lat' dir='ltr'>Quod</span> <span class='ocrx_word' id='word_1_106' title='bbox 1097 1028 1226 1077; x_wconf 87' lang='lat' dir='ltr'>incep-</span> 
     </span>
     <span class='ocr_line' id='line_1_15' title="bbox 117 1091 1225 1146; baseline -0.005 -14"><span class='ocrx_word' id='word_1_107' title='bbox 117 1102 198 1132; x_wconf 85' lang='lat' dir='ltr'>tum</span> <span class='ocrx_word' id='word_1_108' title='bbox 218 1108 348 1132; x_wconf 82' lang='lat' dir='ltr'>eorum</span> <span class='ocrx_word' id='word_1_109' title='bbox 366 1096 444 1132; x_wconf 83' lang='lat' dir='ltr'>fors</span> <span class='ocrx_word' id='word_1_110' title='bbox 464 1095 621 1146; x_wconf 88' lang='lat' dir='ltr'>inpediit</span> <span class='ocrx_word' id='word_1_111' title='bbox 636 1108 644 1129; x_wconf 76' lang='grc' dir='ltr'>ι</span> <span class='ocrx_word' id='word_1_112' title='bbox 665 1106 755 1130; x_wconf 89' lang='lat' dir='ltr'>nam</span> <span class='ocrx_word' id='word_1_113' title='bbox 773 1098 902 1129; x_wconf 88' lang='lat' dir='ltr'>tantus</span> <span class='ocrx_word' id='word_1_114' title='bbox 917 1099 1072 1142; x_wconf 86' lang='lat' dir='ltr'>repente</span> <span class='ocrx_word' id='word_1_115' title='bbox 1087 1091 1225 1128; x_wconf 86' lang='lat' dir='ltr'>effusus</span> 
     </span>
     <span class='ocr_line' id='line_1_16' title="bbox 116 1156 1226 1207; baseline -0.004 -11"><span class='ocrx_word' id='word_1_116' title='bbox 116 1166 175 1195; x_wconf 87' lang='lat' dir='ltr'>est</span> <span class='ocrx_word' id='word_1_117' title='bbox 194 1159 326 1204; x_wconf 89' lang='lat' dir='ltr'>imber,</span> <span class='ocrx_word' id='word_1_118' title='bbox 347 1168 389 1196; x_wconf 91' lang='lat' dir='ltr'>ut</span> <span class='ocrx_word' id='word_1_119' title='bbox 407 1173 476 1196; x_wconf 89' lang='lat' dir='ltr'>nec</span> <span class='ocrx_word' id='word_1_120' title='bbox 496 1159 650 1196; x_wconf 89' lang='lat' dir='ltr'>accendi</span> <span class='ocrx_word' id='word_1_121' title='bbox 668 1157 779 1194; x_wconf 84' lang='lat' dir='ltr'>facile</span> <span class='ocrx_word' id='word_1_122' title='bbox 798 1164 1003 1207; x_wconf 87' lang='lat' dir='ltr'>pateretur,</span> <span class='ocrx_word' id='word_1_123' title='bbox 1026 1163 1063 1192; x_wconf 91' lang='lat' dir='ltr'>et</span> <span class='ocrx_word' id='word_1_124' title='bbox 1082 1156 1226 1193; x_wconf 87' lang='lat' dir='ltr'>exstin-</span> 
     </span>
     <span class='ocr_line' id='line_1_17' title="bbox 117 1220 1227 1271; baseline -0.003 -13"><span class='ocrx_word' id='word_1_125' title='bbox 117 1230 250 1271; x_wconf 89' lang='lat' dir='ltr'>gueret</span> <span class='ocrx_word' id='word_1_126' title='bbox 275 1236 444 1260; x_wconf 89' lang='lat' dir='ltr'>accensa.</span> <span class='ocrx_word' id='word_1_127' title='bbox 500 1223 635 1271; x_wconf 86' lang='lat' dir='ltr'>Itaque</span> <span class='ocrx_word' id='word_1_128' title='bbox 663 1228 701 1257; x_wconf 89' lang='lat' dir='ltr'>et</span> <span class='ocrx_word' id='word_1_129' title='bbox 737 1220 918 1257; x_wconf 83' lang='lat' dir='ltr'>transitus</span> <span class='ocrx_word' id='word_1_130' title='bbox 948 1232 1015 1270; x_wconf 90' lang='lat' dir='ltr'>per</span> <span class='ocrx_word' id='word_1_131' title='bbox 1046 1220 1227 1256; x_wconf 87' lang='lat' dir='ltr'>distracta</span> 
     </span>
     <span class='ocr_line' id='line_1_18' title="bbox 116 1283 1226 1336; baseline -0.002 -15"><span class='ocrx_word' id='word_1_132' title='bbox 116 1285 304 1323; x_wconf 81' lang='lat' dir='ltr'>fumantia</span> <span class='ocrx_word' id='word_1_133' title='bbox 330 1286 494 1335; x_wconf 84' lang='lat' dir='ltr'>virgulta</span> <span class='ocrx_word' id='word_1_134' title='bbox 521 1285 645 1336; x_wconf 88' lang='lat' dir='ltr'>patuit</span> <span class='ocrx_word' id='word_1_135' title='bbox 659 1301 670 1330; x_wconf 88' lang='lat'>;</span> <span class='ocrx_word' id='word_1_136' title='bbox 703 1291 755 1327; x_wconf 90' lang='lat' dir='ltr'>et,</span> <span class='ocrx_word' id='word_1_137' title='bbox 784 1284 825 1320; x_wconf 90' lang='lat' dir='ltr'>in</span> <span class='ocrx_word' id='word_1_138' title='bbox 854 1284 963 1320; x_wconf 87' lang='lat' dir='ltr'>unius</span> <span class='ocrx_word' id='word_1_139' title='bbox 992 1283 1068 1319; x_wconf 67' lang='lat' dir='ltr'>loci</span> <span class='ocrx_word' id='word_1_140' title='bbox 1095 1284 1226 1333; x_wconf 81' lang='lat' dir='ltr'>praesi-</span> 
     </span>
     <span class='ocr_line' id='line_1_19' title="bbox 116 1347 1226 1398; baseline -0.004 -11"><span class='ocrx_word' id='word_1_141' title='bbox 116 1350 219 1387; x_wconf 82' lang='lat' dir='ltr'>dium</span> <span class='ocrx_word' id='word_1_142' title='bbox 239 1351 413 1387; x_wconf 89' lang='lat' dir='ltr'>omnibus</span> <span class='ocrx_word' id='word_1_143' title='bbox 436 1351 564 1392; x_wconf 85' lang='lat' dir='ltr'>versis,</span> <span class='ocrx_word' id='word_1_144' title='bbox 589 1349 731 1385; x_wconf 86' lang='lat' dir='ltr'>moenia</span> <span class='ocrx_word' id='word_1_145' title='bbox 750 1360 899 1397; x_wconf 90' lang='lat' dir='ltr'>quoque</span> <span class='ocrx_word' id='word_1_146' title='bbox 917 1347 1087 1398; x_wconf 86' lang='lat' dir='ltr'>pluribus</span> <span class='ocrx_word' id='word_1_147' title='bbox 1113 1347 1226 1384; x_wconf 89' lang='lat' dir='ltr'>simul</span> 
     </span>
     <span class='ocr_line' id='line_1_20' title="bbox 114 1412 1224 1465; baseline -0.003 -14"><span class='ocrx_word' id='word_1_148' title='bbox 114 1415 284 1465; x_wconf 85' lang='lat' dir='ltr'>partibus</span> <span class='ocrx_word' id='word_1_149' title='bbox 305 1414 413 1451; x_wconf 88' lang='lat' dir='ltr'>scalis</span> <span class='ocrx_word' id='word_1_150' title='bbox 433 1414 645 1465; x_wconf 87' lang='lat' dir='ltr'>capiuntur.</span> <span class='ocrx_word' id='word_1_151' title='bbox 702 1412 747 1449; x_wconf 91' lang='lat' dir='ltr'>In</span> <span class='ocrx_word' id='word_1_152' title='bbox 768 1413 891 1464; x_wconf 88' lang='lat' dir='ltr'>primo</span> <span class='ocrx_word' id='word_1_153' title='bbox 919 1412 1083 1448; x_wconf 89' lang='lat' dir='ltr'>tumultu</span> <span class='ocrx_word' id='word_1_154' title='bbox 1104 1417 1224 1462; x_wconf 80' lang='lat' dir='ltr'>captae</span> 
     </span>
     <span class='ocr_line' id='line_1_21' title="bbox 113 1475 1224 1530; baseline -0.003 -15"><span class='ocrx_word' id='word_1_155' title='bbox 113 1479 216 1516; x_wconf 88' lang='lat' dir='ltr'>urbis</span> <span class='ocrx_word' id='word_1_156' title='bbox 237 1481 401 1516; x_wconf 87' lang='lat' dir='ltr'>seniores</span> <span class='ocrx_word' id='word_1_157' title='bbox 416 1479 664 1530; x_wconf 86' lang='lat' dir='ltr'>inpubesque,</span> <span class='ocrx_word' id='word_1_158' title='bbox 681 1490 775 1527; x_wconf 90' lang='lat' dir='ltr'>quos</span> <span class='ocrx_word' id='word_1_159' title='bbox 792 1490 899 1515; x_wconf 87' lang='lat' dir='ltr'>casus</span> <span class='ocrx_word' id='word_1_160' title='bbox 919 1476 1052 1513; x_wconf 90' lang='lat' dir='ltr'>obvios</span> <span class='ocrx_word' id='word_1_161' title='bbox 1068 1475 1224 1520; x_wconf 89' lang='lat' dir='ltr'>obtulit,</span> 
     </span>
     <span class='ocr_line' id='line_1_22' title="bbox 113 1542 1223 1593; baseline -0.003 -14"><span class='ocrx_word' id='word_1_162' title='bbox 113 1544 252 1593; x_wconf 85' lang='lat' dir='ltr'>passim</span> <span class='ocrx_word' id='word_1_163' title='bbox 273 1545 360 1580; x_wconf 67' lang='lat' dir='ltr'>caesi</span> <span class='ocrx_word' id='word_1_164' title='bbox 375 1559 383 1580; x_wconf 79' lang='lat' dir='ltr'>z</span> <span class='ocrx_word' id='word_1_165' title='bbox 417 1544 552 1580; x_wconf 86' lang='lat' dir='ltr'>armati</span> <span class='ocrx_word' id='word_1_166' title='bbox 570 1544 609 1579; x_wconf 91' lang='lat' dir='ltr'>in</span> <span class='ocrx_word' id='word_1_167' title='bbox 626 1555 749 1579; x_wconf 89' lang='lat' dir='ltr'>arcem</span> <span class='ocrx_word' id='word_1_168' title='bbox 766 1542 1020 1590; x_wconf 83' lang='lat' dir='ltr'>confugerunt</span> <span class='ocrx_word' id='word_1_169' title='bbox 1038 1555 1045 1576; x_wconf 88' lang='lat'><strong>:</strong></span> <span class='ocrx_word' id='word_1_170' title='bbox 1078 1546 1117 1577; x_wconf 89' lang='lat' dir='ltr'>et</span> <span class='ocrx_word' id='word_1_171' title='bbox 1135 1553 1223 1591; x_wconf 89' lang='lat' dir='ltr'>pos·-</span> 
     </span>
     <span class='ocr_line' id='line_1_23' title="bbox 114 1604 1223 1657; baseline -0.002 -15"><span class='ocrx_word' id='word_1_172' title='bbox 114 1613 198 1643; x_wconf 84' lang='lat' dir='ltr'>tero</span> <span class='ocrx_word' id='word_1_173' title='bbox 217 1607 290 1650; x_wconf 91' lang='lat' dir='ltr'>die,</span> <span class='ocrx_word' id='word_1_174' title='bbox 311 1620 425 1656; x_wconf 90' lang='lat' dir='ltr'>quum</span> <span class='ocrx_word' id='word_1_175' title='bbox 445 1608 524 1657; x_wconf 86' lang='lat' dir='ltr'>spei</span> <span class='ocrx_word' id='word_1_176' title='bbox 543 1606 639 1643; x_wconf 88' lang='lat' dir='ltr'>nihil</span> <span class='ocrx_word' id='word_1_177' title='bbox 657 1612 882 1656; x_wconf 90' lang='lat' dir='ltr'>superesset,</span> <span class='ocrx_word' id='word_1_178' title='bbox 900 1605 1092 1642; x_wconf 87' lang='lat' dir='ltr'>deditione</span> <span class='ocrx_word' id='word_1_179' title='bbox 1106 1604 1223 1647; x_wconf 82' lang='lat' dir='ltr'>facta,</span> 
     </span>
     <span class='ocr_line' id='line_1_24' title="bbox 114 1667 1237 1708; baseline -0.002 -2"><span class='ocrx_word' id='word_1_180' title='bbox 114 1670 184 1707; x_wconf 86' lang='lat' dir='ltr'>sub</span> <span class='ocrx_word' id='word_1_181' title='bbox 215 1684 358 1708; x_wconf 89' lang='lat' dir='ltr'>corona</span> <span class='ocrx_word' id='word_1_182' title='bbox 386 1672 596 1708; x_wconf 85' lang='lat' dir='ltr'>venierunt.</span> <span class='ocrx_word' id='word_1_183' title='bbox 652 1670 822 1707; x_wconf 87' lang='lat' dir='ltr'>Fuerunt</span> <span class='ocrx_word' id='word_1_184' title='bbox 850 1676 975 1706; x_wconf 89' lang='lat' dir='ltr'>autem</span> <span class='ocrx_word' id='word_1_185' title='bbox 1005 1669 1081 1705; x_wconf 91' lang='lat' dir='ltr'>duo</span> <span class='ocrx_word' id='word_1_186' title='bbox 1108 1667 1237 1705; x_wconf 41' lang='lat' dir='ltr'>millias</span> 
     </span>
     <span class='ocr_line' id='line_1_25' title="bbox 114 1732 1225 1784; baseline -0.002 -15"><span class='ocrx_word' id='word_1_187' title='bbox 114 1733 233 1770; x_wconf 87' lang='lat' dir='ltr'>ferme</span> <span class='ocrx_word' id='word_1_188' title='bbox 260 1741 298 1770; x_wconf 91' lang='lat' dir='ltr'>et</span> <span class='ocrx_word' id='word_1_189' title='bbox 317 1734 513 1784; x_wconf 86' lang='lat' dir='ltr'>quingenti</span> <span class='ocrx_word' id='word_1_190' title='bbox 531 1749 538 1769; x_wconf 74' lang='grc' dir='ltr'>ε</span> <span class='ocrx_word' id='word_1_191' title='bbox 570 1739 795 1770; x_wconf 90' lang='lat' dir='ltr'>ornamenta</span> <span class='ocrx_word' id='word_1_192' title='bbox 815 1732 931 1775; x_wconf 90' lang='lat' dir='ltr'>urbis,</span> <span class='ocrx_word' id='word_1_193' title='bbox 956 1738 1090 1768; x_wconf 83' lang='lat' dir='ltr'>statuae</span> <span class='ocrx_word' id='word_1_194' title='bbox 1110 1738 1148 1768; x_wconf 84' lang='lat' dir='ltr'>et</span> <span class='ocrx_word' id='word_1_195' title='bbox 1166 1737 1225 1768; x_wconf 85' lang='lat' dir='ltr'>ta-</span> 
     </span>
     <span class='ocr_line' id='line_1_26' title="bbox 111 1795 1226 1849; baseline -0.003 -16"><span class='ocrx_word' id='word_1_196' title='bbox 111 1797 210 1834; x_wconf 82' lang='lat' dir='ltr'>bulae</span> <span class='ocrx_word' id='word_1_197' title='bbox 240 1799 365 1849; x_wconf 83' lang='lat' dir='ltr'>pictae‚</span> <span class='ocrx_word' id='word_1_198' title='bbox 396 1806 433 1834; x_wconf 89' lang='lat' dir='ltr'>et</span> <span class='ocrx_word' id='word_1_199' title='bbox 464 1797 645 1846; x_wconf 87' lang='lat' dir='ltr'>quidquid</span> <span class='ocrx_word' id='word_1_200' title='bbox 681 1797 857 1847; x_wconf 87' lang='lat' dir='ltr'>pretiosae</span> <span class='ocrx_word' id='word_1_201' title='bbox 885 1796 1020 1845; x_wconf 84' lang='lat' dir='ltr'>praedae</span> <span class='ocrx_word' id='word_1_202' title='bbox 1052 1795 1140 1838; x_wconf 83' lang='lat' dir='ltr'>fuit,</span> <span class='ocrx_word' id='word_1_203' title='bbox 1179 1795 1226 1831; x_wconf 85' lang='lat' dir='ltr'>ad</span> 
     </span>
     <span class='ocr_line' id='line_1_27' title="bbox 112 1858 1226 1898; baseline -0.003 -1"><span class='ocrx_word' id='word_1_204' title='bbox 112 1874 224 1897; x_wconf 86' lang='lat' dir='ltr'>naves</span> <span class='ocrx_word' id='word_1_205' title='bbox 254 1861 442 1898; x_wconf 87' lang='lat' dir='ltr'>delatum:</span> <span class='ocrx_word' id='word_1_206' title='bbox 477 1861 563 1897; x_wconf 87' lang='lat' dir='ltr'>urbs</span> <span class='ocrx_word' id='word_1_207' title='bbox 594 1861 720 1896; x_wconf 87' lang='lat' dir='ltr'>diruta</span> <span class='ocrx_word' id='word_1_208' title='bbox 752 1873 775 1896; x_wconf 91' lang='lat' dir='ltr'>a</span> <span class='ocrx_word' id='word_1_209' title='bbox 801 1859 1073 1896; x_wconf 87' lang='lat' dir='ltr'>fundamentis.</span> <span class='ocrx_word' id='word_1_210' title='bbox 1131 1858 1226 1894; x_wconf 78' lang='lat' dir='ltr'>lude</span> 
     </span>
     <span class='ocr_line' id='line_1_28' title="bbox 111 1922 1226 1971; baseline -0.003 -11"><span class='ocrx_word' id='word_1_211' title='bbox 111 1923 262 1960; x_wconf 86' lang='lat' dir='ltr'>Thebas</span> <span class='ocrx_word' id='word_1_212' title='bbox 282 1925 416 1961; x_wconf 88' lang='lat' dir='ltr'>ductus</span> <span class='ocrx_word' id='word_1_213' title='bbox 437 1925 622 1960; x_wconf 83' lang='lat' dir='ltr'>exercitus</span> <span class='ocrx_word' id='word_1_214' title='bbox 639 1938 647 1959; x_wconf 91' lang='lat'>:</span> <span class='ocrx_word' id='word_1_215' title='bbox 680 1922 815 1971; x_wconf 82' lang='lat' dir='ltr'>quibus</span> <span class='ocrx_word' id='word_1_216' title='bbox 836 1923 917 1958; x_wconf 87' lang='lat' dir='ltr'>sine</span> <span class='ocrx_word' id='word_1_217' title='bbox 943 1922 1149 1958; x_wconf 86' lang='lat' dir='ltr'>certamine</span> <span class='ocrx_word' id='word_1_218' title='bbox 1166 1934 1226 1957; x_wconf 86' lang='lat' dir='ltr'>re·-</span> 
     </span>
     <span class='ocr_line' id='line_1_29' title="bbox 112 1984 1226 2037; baseline -0.002 -15"><span class='ocrx_word' id='word_1_219' title='bbox 112 1988 245 2037; x_wconf 86' lang='lat' dir='ltr'>ceptis,</span> <span class='ocrx_word' id='word_1_220' title='bbox 267 1987 398 2024; x_wconf 86' lang='lat' dir='ltr'>urbem</span> <span class='ocrx_word' id='word_1_221' title='bbox 418 1987 574 2023; x_wconf 87' lang='lat' dir='ltr'>tradidit</span> <span class='ocrx_word' id='word_1_222' title='bbox 593 1986 799 2029; x_wconf 85' lang='lat' dir='ltr'>exsulibus,</span> <span class='ocrx_word' id='word_1_223' title='bbox 820 1993 858 2021; x_wconf 90' lang='lat' dir='ltr'>et</span> <span class='ocrx_word' id='word_1_224' title='bbox 877 1986 941 2034; x_wconf 88' lang='lat' dir='ltr'>qui</span> <span class='ocrx_word' id='word_1_225' title='bbox 960 1984 1226 2021; x_wconf 87' lang='lat' dir='ltr'>Romanorum</span> 
     </span>
     <span class='ocr_line' id='line_1_30' title="bbox 112 2048 1223 2099; baseline -0.003 -13"><span class='ocrx_word' id='word_1_226' title='bbox 112 2051 228 2099; x_wconf 84' lang='lat' dir='ltr'>partis</span> <span class='ocrx_word' id='word_1_227' title='bbox 245 2058 353 2087; x_wconf 87' lang='lat' dir='ltr'>erant</span> <span class='ocrx_word' id='word_1_228' title='bbox 369 2065 377 2086; x_wconf 74' lang='grc' dir='ltr'>ε</span> <span class='ocrx_word' id='word_1_229' title='bbox 410 2050 573 2086; x_wconf 86' lang='lat' dir='ltr'>adversae</span> <span class='ocrx_word' id='word_1_230' title='bbox 590 2048 767 2085; x_wconf 85' lang='lat' dir='ltr'>factionis</span> <span class='ocrx_word' id='word_1_231' title='bbox 783 2049 995 2091; x_wconf 84' lang='lat' dir='ltr'>hominum,</span> <span class='ocrx_word' id='word_1_232' title='bbox 1011 2048 1223 2084; x_wconf 88' lang='lat' dir='ltr'>fautorum-</span> 
     </span>
     <span class='ocr_line' id='line_1_31' title="bbox 113 2112 1224 2163; baseline -0.001 -15"><span class='ocrx_word' id='word_1_233' title='bbox 113 2125 185 2160; x_wconf 91' lang='lat' dir='ltr'>que</span> <span class='ocrx_word' id='word_1_234' title='bbox 203 2115 300 2163; x_wconf 85' lang='lat' dir='ltr'>regis</span> <span class='ocrx_word' id='word_1_235' title='bbox 330 2128 374 2151; x_wconf 92' lang='lat' dir='ltr'>ac</span> <span class='ocrx_word' id='word_1_236' title='bbox 392 2114 649 2150; x_wconf 86' lang='lat' dir='ltr'>Macedonum</span> <span class='ocrx_word' id='word_1_237' title='bbox 669 2112 831 2149; x_wconf 86' lang='lat' dir='ltr'>familias</span> <span class='ocrx_word' id='word_1_238' title='bbox 861 2112 931 2148; x_wconf 90' lang='lat' dir='ltr'>sub</span> <span class='ocrx_word' id='word_1_239' title='bbox 961 2124 1105 2148; x_wconf 89' lang='lat' dir='ltr'>corona</span> <span class='ocrx_word' id='word_1_240' title='bbox 1134 2124 1224 2148; x_wconf 89' lang='lat' dir='ltr'>ven-</span> 
     </span>
     <span class='ocr_line' id='line_1_32' title="bbox 115 2176 1223 2229; baseline 0 -15"><span class='ocrx_word' id='word_1_241' title='bbox 115 2177 220 2214; x_wconf 90' lang='lat' dir='ltr'>didit.</span> <span class='ocrx_word' id='word_1_242' title='bbox 268 2178 341 2215; x_wconf 86' lang='lat' dir='ltr'>His</span> <span class='ocrx_word' id='word_1_243' title='bbox 354 2181 467 2229; x_wconf 89' lang='lat' dir='ltr'>gestis</span> <span class='ocrx_word' id='word_1_244' title='bbox 488 2180 525 2216; x_wconf 91' lang='lat' dir='ltr'>in</span> <span class='ocrx_word' id='word_1_245' title='bbox 541 2179 709 2220; x_wconf 76' lang='lat' dir='ltr'>Boeotia,</span> <span class='ocrx_word' id='word_1_246' title='bbox 731 2177 777 2214; x_wconf 90' lang='lat' dir='ltr'>ad</span> <span class='ocrx_word' id='word_1_247' title='bbox 794 2190 896 2213; x_wconf 89' lang='lat' dir='ltr'>mare</span> <span class='ocrx_word' id='word_1_248' title='bbox 912 2189 955 2212; x_wconf 89' lang='lat' dir='ltr'>ac</span> <span class='ocrx_word' id='word_1_249' title='bbox 971 2188 1084 2213; x_wconf 89' lang='lat' dir='ltr'>naves</span> <span class='ocrx_word' id='word_1_250' title='bbox 1100 2176 1223 2214; x_wconf 86' lang='lat' dir='ltr'>rediit.</span> 
     </span>
     <span class='ocr_line' id='line_1_33' title="bbox 166 2239 1365 2289; baseline -0.004 -11"><span class='ocrx_word' id='word_1_251' title='bbox 166 2239 314 2278; x_wconf 87' lang='lat' dir='ltr'><strong>LXIV.</strong></span> <span class='ocrx_word' id='word_1_252' title='bbox 343 2243 470 2281; x_wconf 88' lang='lat' dir='ltr'>Quum</span> <span class='ocrx_word' id='word_1_253' title='bbox 485 2243 566 2279; x_wconf 79' lang='lat' dir='ltr'>baec</span> <span class='ocrx_word' id='word_1_254' title='bbox 585 2243 625 2277; x_wconf 86' lang='lat' dir='ltr'>in</span> <span class='ocrx_word' id='word_1_255' title='bbox 646 2240 799 2277; x_wconf 78' lang='lat' dir='ltr'>Boeotia</span> <span class='ocrx_word' id='word_1_256' title='bbox 811 2249 1046 2289; x_wconf 86' lang='lat' dir='ltr'>gererentur,</span> <span class='ocrx_word' id='word_1_257' title='bbox 1063 2239 1221 2275; x_wconf 89' lang='lat' dir='ltr'>Perseus</span> <span class='ocrx_word' id='word_1_258' title='bbox 1235 2240 1365 2272; x_wconf 82' lang='lat' dir='ltr'>Perseus</span> 
     </span>
    </p>
   </div>
   <div class='ocr_carea' id='block_1_3' title="bbox 114 2284 1431 2359">
    <p class='ocr_par' dir='ltr' id='par_1_3' title="bbox 114 2284 1431 2359">
     <span class='ocr_line' id='line_1_34' title="bbox 114 2284 1431 2359; baseline 0.001 -18"><span class='ocrx_word' id='word_1_259' title='bbox 114 2303 161 2342; x_wconf 83' lang='lat' dir='ltr'>ad</span> <span class='ocrx_word' id='word_1_260' title='bbox 190 2304 388 2356; x_wconf 82' lang='lat' dir='ltr'>Sycurium</span> <span class='ocrx_word' id='word_1_261' title='bbox 422 2307 559 2343; x_wconf 85' lang='lat' dir='ltr'>stativa</span> <span class='ocrx_word' id='word_1_262' title='bbox 591 2306 735 2342; x_wconf 86' lang='lat' dir='ltr'>dierum</span> <span class='ocrx_word' id='word_1_263' title='bbox 768 2304 914 2354; x_wconf 85' lang='lat' dir='ltr'>aliquot</span> <span class='ocrx_word' id='word_1_264' title='bbox 942 2303 1087 2341; x_wconf 89' lang='lat' dir='ltr'>habuit.</span> <span class='ocrx_word' id='word_1_265' title='bbox 1147 2303 1222 2341; x_wconf 94' lang='lat' dir='ltr'>Ubi</span> <span class='ocrx_word' id='word_1_266' title='bbox 1236 2284 1431 2359; x_wconf 52' lang='grc' dir='ltr'>ἓξᾟὲῐὲὅῑ</span> 
     </span>
    </p>
   </div>
   <div class='ocr_carea' id='block_1_4' title="bbox 636 2371 703 2407">
    <p class='ocr_par' dir='ltr' id='par_1_4' title="bbox 636 2371 703 2407">
     <span class='ocr_line' id='line_1_35' title="bbox 636 2371 703 2407; baseline 0.015 -1"><span class='ocrx_word' id='word_1_267' title='bbox 636 2371 703 2407; x_wconf 70' lang='lat'>83</span> 
     </span>
    </p>
   </div>
  </div>
 </body>
</html>
