1546 2648
300 168 384 224 518
756 182 802 211 T.
826 183 963 213 mvn

109 270 202 302 U·C·
219 277 407 307 ⁵85·nunc
435 270 475 307 in
494 282 587 320 paee
613 270 811 308 miscentes
843 274 938 310 ritus
965 285 1066 311 suos,
1120 273 1262 312 Divisae
1285 276 1415 327 itaque

111 314 203 346 A'C‘
222 319 543 372 l57'Maced0niae
574 337 738 386 partium
758 337 885 373 usibus
913 339 1110 388 separatis,
1144 347 1287 388 quanta
1324 342 1409 377 uni·

304 411 431 436 versos
452 405 578 436 teneat
596 399 842 444 Macedonas,
863 401 1026 439 formula
1041 403 1155 448 dicta,
1173 417 1287 453 quum
1305 404 1408 454 leges

305 477 455 514 quoque
474 477 513 501 se
531 465 705 502 daturum
725 466 963 504 ostendisset.

109 527 277 576 Judiciurn
357 528 516 566 XXXI.
554 528 678 565 AEtoli
697 529 831 566 deinde
857 531 988 566 citati:
1020 531 1059 566 in
1090 543 1163 579 qua
1188 531 1408 579 cognitione

108 571 148 602 de
161 570 290 602 AEmhs'
301 593 437 642 magis,
458 600 542 630 ntra
561 605 645 643 pars
665 592 866 636 Romanis,
891 601 976 630 utra
1001 595 1082 643 regi
1113 594 1280 639 favisset,
1304 609 1407 646 quae-

300 658 415 694 situm
434 664 505 700 est,
525 669 638 706 quam
659 657 732 692 utri
750 657 929 694 fecissent
948 657 1138 708 injuriam,
1156 666 1221 695 aut
1241 661 1406 709 accepis-

299 729 397 758 sent.
451 721 568 758 Noxa
597 719 748 757 liberati
779 721 1064 759 interfectores:
1097 722 1268 759 exsilium
1288 723 1404 774 pulsis

299 798 405 835 aeque
429 792 553 823 ratum
581 785 668 828 fuit,
703 799 747 822 ac
776 799 876 822 mors
909 787 1130 824 interfectis.
1184 789 1232 825 A.
1251 788 1404 826 Baebius

299 863 394 887 unus
425 856 482 886 est
501 850 714 892 da1nnatuS‚
734 850 835 899 quod
861 850 998 887 milites
1027 851 1223 889 Romanos
1254 853 1404 903 praebu-

296 915 388 951 isset
408 915 453 951 ad
472 915 721 951 ministerium
737 916 861 953 caedis.
916 916 993 954 Hic
1009 925 1162 954 eventus
1182 918 1402 956 AEtolorum

296 992 437 1017 canssae
456 981 495 1016 in
516 980 690 1016 omnibus
711 980 867 1017 Grzeciae
895 981 1071 1029 gentibus
1091 982 1314 1033 populisque
1336 997 1402 1020 eo-

294 1057 391 1087 rum,
412 1045 476 1093 qui
495 1045 611 1094 partis
633 1043 894 1081 Romanorum
916 1045 1080 1088 fuerant,
1101 1046 1246 1083 inflavit
1270 1048 1317 1084 ad
1341 1049 1399 1084 in-

294 1109 531 1147 tolerabilem
551 1110 764 1160 superbiam
784 1110 928 1145 animos
947 1125 956 1153 ;
980 1116 1017 1146 ct
1037 1109 1224 1146 obnoxios
1240 1111 1397 1160 pedibus

294 1187 424 1211 eorum
444 1173 620 1224 subjecit,
637 1186 730 1223 quos
751 1173 876 1222 aliqua
894 1180 1001 1223 parte
1020 1174 1184 1224 suspicio
1200 1174 1340 1211 favoris
1358 1176 1397 1212 in

291 1253 419 1288 regem
443 1240 668 1288 contigerat.
724 1238 816 1275 Tria
840 1251 975 1288 genera
1001 1239 1211 1288 principum
1239 1239 1278 1275 in
1307 1240 1397 1277 civi·

290 1304 433 1340 tatibus
453 1311 583 1340 erant:
615 1303 705 1346 (luo,
731 1316 813 1352 quae
839 1302 1027 1340 adulando
1047 1310 1112 1339 aut
1132 1303 1392 1342 Romanorum

288 1370 503 1419 imperium,
523 1377 588 1405 aut
607 1369 810 1405 amicitiam
830 1380 975 1416 regum,
1003 1368 1075 1404 sibi
1099 1368 1273 1418 privatim
1303 1382 1394 1419 opes

289 1434 479 1484 obpressis
499 1433 693 1471 faciebant
711 1432 951 1469 civitatibus:
974 1432 1136 1469 medium
1157 1445 1286 1476 unum,
1300 1434 1392 1470 utri-

288 1511 361 1548 que
388 1499 517 1547 generi
548 1498 758 1539 adversum,
780 1496 992 1532 libertatem
1013 1503 1050 1532 et
1078 1495 1179 1544 leges
1205 1496 1393 1534 tuebatur.

286 1563 361 1600 His
382 1569 422 1599 ut
450 1562 573 1613 major
597 1562 696 1612 apud
716 1573 802 1597 suos
823 1561 973 1603 caritas,
994 1561 1048 1597 ita
1067 1561 1191 1597 minor
1209 1561 1307 1611 apud
1327 1575 1392 1599 ex-

284 1635 414 1666 ternos
435 1628 558 1677 gratia
576 1634 668 1663 erat.
725 1626 905 1662 Secundis
932 1624 1043 1661 rebus
1077 1624 1165 1662 elati
1193 1624 1390 1664 Romano-

284 1706 368 1730 rum
387 1694 505 1743 partis
525 1691 604 1743 ejus
624 1692 806 1733 fautores,
834 1690 906 1726 soli
927 1698 1006 1726 tum
1028 1689 1065 1726 in
1091 1690 1388 1739 magistratibus,

283 1758 355 1794 soli
381 1759 420 1794 in
442 1756 695 1806 legationibus
716 1761 834 1792 erant.
891 1754 945 1791 Hi
975 1767 1089 1804 quum
1114 1754 1328 1803 frequentes
1353 1763 1391 1793 et

281 1835 329 1859 ex
347 1821 627 1871 Peloponneso,
659 1827 698 1855 et
730 1833 774 1856 cx
801 1819 968 1861 Boeotia,
990 1824 1026 1854 et
1056 1831 1101 1854 ex
1129 1818 1209 1854 aliis
1231 1818 1387 1855 Graeciae

280 1887 451 1926 conciliis
471 1888 659 1928 adessent,
676 1885 864 1935 inplevere
884 1897 990 1920 aures
1011 1884 1136 1920 decem
1154 1883 1390 1933 legatorum:

279 1953 365 1989 Non
407 1964 464 1988 eos
500 1955 654 1992 tantum,
693 1951 755 1998 qui
789 1962 824 1984 se
867 1948 1058 1996 propalam
1091 1960 1156 1996 per
1191 1950 1388 1992 vanitatem

268 2017 482 2063 jactassent,
518 2020 702 2063 tamquam
738 2014 891 2062 hospites
926 2017 961 2048 et
996 2013 1128 2048 amicos
1163 2013 1299 2055 Persei,
1327 2014 1388 2057 sed

276 2082 392 2117 multo
430 2082 553 2128 plures
584 2080 675 2115 alios
705 2091 748 2115 ex
779 2079 918 2114 occulto
948 2076 1112 2126 favisse:
1139 2077 1293 2125 reliquos
1319 2090 1386 2126 pez:

275 2147 425 2193 speciem
446 2145 582 2180 tuendae
600 2144 773 2180 libertatis
791 2144 829 2178 in
847 2142 1005 2178 conciliis
1023 2141 1188 2177 adversus
1203 2140 1385 2187 Romanos

276 2211 398 2245 omma
434 2209 664 2244 instruxisse:
704 2219 767 2242 nec
797 2207 905 2242 aliter
940 2217 998 2241 eas
1033 2217 1218 2241 mansuras
1253 2207 1289 2241 in
1303 2207 1386 2254 fide
1430 2221 1433 2224 ·

273 2278 406 2321 gentes,
438 2274 520 2315 m'si,
540 2271 677 2321 fractis
705 2272 834 2307 animis
857 2271 1034 2318 partium,
1072 2270 1228 2306 aleretur
1256 2270 1382 2319 corfir-

275 2343 502 2387 moretm-que
530 2337 724 2374 auctoritas
752 2347 885 2377 eorum,
912 2335 973 2383 qui
998 2334 1090 2371 nihil
1113 2339 1245 2383 praeter
1272 2335 1384 2383 impe-

1510 654 1528 676 Ν.
