1546 2648
292 130 377 201 578
733 149 988 187 EPITOMAE‘
1033 152 1036 154 '
1068 155 1074 161 ’

288 245 395 296 ginta
419 246 586 283 millibus.
643 247 698 284 M.
719 247 866 285 Crassus
893 253 928 284 et
954 248 1018 285 Cn.
1036 247 1228 296 Pompeius
1249 243 1406 283 consules

281 312 382 361 facti
409 313 487 358 (sed
509 312 713 359 Pompeius,
745 319 938 362 antequam
957 318 1170 362 quaesturam
1191 316 1342 360 gereret,
1361 323 1405 348 ex

291 376 407 423 equite
436 376 616 423 Romana)
653 377 878 414 tribunitiam
915 381 1127 426 potestatem
1157 377 1403 412 restituerunt.

289 440 438 476 Judicia
458 452 594 488 quoque
618 453 683 488 per
702 442 745 478 L.
761 442 952 478 Aurelium
976 442 1120 478 Cottam
1147 444 1337 489 praetorem
1355 438 1407 476 ad

289 505 423 553 equites
443 504 624 540 Romanos
650 506 826 541 translata
853 511 946 542 sunt.
1002 505 1248 547 Mithridates,
1279 506 1405 552 despe-

288 570 427 605 ratione
445 581 563 604 rerum
590 581 738 605 suarum
767 574 927 614 coactus,
942 571 990 606 ad
1013 571 1202 618 Tigranem
1222 569 1403 605 Armenioe

288 644 406 680 regem
425 631 599 682 confugit.

750 732 940 770 XCVIII.

289 804 616 862 MACHARES,
635 818 740 868 fluns
758 820 1000 862 Mithridates,
1021 819 1173 868 Bospori
1196 830 1271 862 rex,
1291 818 1336 854 ab
1352 816 1400 856 L.

289 885 444 923 Lucullo
474 885 509 920 in
539 885 736 920 amicitiam
764 890 925 933 receptus
953 889 1015 921 est.
1074 884 1139 920 Cn.
1165 884 1339 920 Lentulus
1365 887 1402 920 et

288 948 334 984 L.
360 949 497 984 Gellius
515 961 670 985 censores
689 962 851 998 asperam
871 961 1051 985 censuram
1071 953 1230 996 egerunt,
1247 952 1402 996 quatuor

285 1017 320 1047 et
347 1015 533 1061 sexaginta
561 1019 688 1050 senatu
721 1016 851 1050 motis:
879 1027 901 1050 a
931 1014 1065 1061 quibus,
1097 1013 1208 1048 lustro
1239 1013 1397 1054 condito,

283 1089 385 1113 censa
417 1083 499 1113 sunt
531 1080 660 1114 cii-ium
695 1079 818 1126 capita
849 1079 1109 1126 quadringenta
1141 1077 1402 1125 quinquaginta

282 1142 411 1178 millia.
469 1143 512 1178 L.
532 1143 702 1179 Metellus
727 1148 861 1192 praetor
890 1145 927 1178 in
951 1143 1079 1178 Sicilia
1105 1143 1272 1178 adversus
1296 1143 1401 1189 pira-

285 1210 340 1241 tas
365 1219 532 1254 prospere
549 1219 622 1242 rem
641 1208 759 1254 gessit.
822 1208 1004 1255 Templum
1025 1207 1128 1243 Jovis
1145 1207 1179 1242 in
1203 1205 1397 1254 Capitolio,

282 1271 378 1318 quod
398 1272 557 1307 incendio
577 1277 797 1308 consumtum
818 1285 860 1308 ac
878 1271 1051 1320 refectum
1068 1275 1159 1313 erat,
1173 1283 1196 1306 a
1213 1270 1255 1311 Q..
1268 1269 1398 1306 Catulo

280 1336 484 1371 dedicatum
509 1341 571 1372 est.
628 1337 672 1374 L.
694 1337 871 1373 Lucullus
892 1339 928 1372 in
947 1337 1122 1372 Armenia
1146 1335 1399 1372 Mithridatem

279 1405 315 1435 et
339 1401 544 1447 Tigranem,
565 1406 601 1437 et
627 1403 785 1450 ingentes
803 1404 987 1451 utriusque
1004 1403 1097 1449 regis
1117 1401 1250 1448 copias,
1279 1400 1398 1448 pluri-

281 1462 343 1499 bus
367 1465 505 1511 praeliis
535 1464 654 1513 fudit.
725 1466 767 1507 Q.
789 1466 959 1501 Metellus
984 1463 1185 1513 proconsul,
1216 1463 1305 1499 bello
1331 1461 1398 1498 sibi

280 1528 448 1564 adversus
470 1528 650 1565 Cretenses
674 1531 859 1572 mandato,
891 1529 1086 1577 Cydoniam
1109 1527 1230 1564 urbem
1254 1527 1397 1563 obsedit.

282 1591 320 1627 C.
340 1592 514 1634 Triarius,
534 1594 671 1640 legatus
691 1589 851 1635 Luculli,
873 1594 1040 1629 adversus
1059 1591 1312 1627 Mithridatem
1328 1602 1399 1639 pa·

278 1668 361 1691 rum
386 1669 554 1705 prospere
579 1659 768 1705 pugnavit.
824 1657 1032 1699 Lucullum,
1059 1668 1104 1692 ne
1130 1659 1399 1704 persequeretur

279 1720 531 1756 Blitleridatem
552 1734 594 1757 ac
618 1722 822 1769 Tigranem,
847 1733 1091 1768 summamque
1115 1715 1273 1756 uictoria>
1294 1721 1396 1768 inpo-

277 1789 389 1826 neret,
419 1787 546 1821 seditio
572 1780 725 1822 ¹militum
748 1788 876 1829 tenuit,
907 1788 990 1834 quia
1014 1786 1112 1834 sequi
1136 1784 1329 1821 nolebant:
1357 1783 1397 1820 id

279 1852 342 1890 cst,
381 1849 466 1895 quia
501 1849 655 1896 legiones
691 1850 902 1892 Valeriance,
935 1849 1072 1897 inpleta
1105 1861 1127 1884 a
1154 1860 1191 1885 se
1218 1848 1421 1896 stipendia·

278 1913 445 1954 dicentes,
467 1912 662 1949 Lucullum
681 1915 913 1962 reliquerunt.

761 2009 907 2046 XCIX.

280 2077 346 2140 πρ
368 2095 661 2132 METELLUS
686 2097 878 2144 proconsul
913 2095 1082 2136 Gnosson,
1113 2098 1149 2129 et
1175 2093 1343 2141 Lyctum,
1363 2099 1399 2130 et

280 2159 492 2206 Cydoniam,
530 2164 565 2194 et
596 2161 689 2195 alias
715 2160 893 2207 plurimas
926 2159 1024 2194 urbes
1058 2159 1284 2206 expugnavit.
1351 2158 1397 2194 L.

281 2223 429 2258 Roscius
456 2222 614 2258 tribunus
640 2223 753 2271 plebis
781 2224 892 2270 legem
924 2224 1019 2265 tulit,
1053 2227 1094 2258 ut
1122 2222 1295 2270 equitibus
1319 2221 1397 2257 Ro-

276 2289 392 2322 manis
413 2289 448 2323 in
466 2287 606 2324 theatro
636 2289 901 2336 quatuordecim
929 2289 1067 2336 gradus
1092 2287 1248 2336 proximi
1276 2287 1397 2334 adsig-
