<?xml version="1.0" encoding="UTF-8"?>
<!DOCTYPE html PUBLIC "-//W3C//DTD XHTML 1.0 Transitional//EN"
    "http://www.w3.org/TR/xhtml1/DTD/xhtml1-transitional.dtd">
<html xmlns="http://www.w3.org/1999/xhtml" xml:lang="en" lang="en">
 <head>
  <title>
</title>
<meta http-equiv="Content-Type" content="text/html;charset=utf-8" />
  <meta name='ocr-system' content='tesseract 3.04.00' />
  <meta name='ocr-capabilities' content='ocr_page ocr_carea ocr_par ocr_line ocrx_word'/>
</head>
<body>
  <div class='ocr_page' id='page_1' title='image "./historiarumquaes04livyuoft/historiarumquaes04livyuoft_0365.png"; bbox 0 0 1546 2648; ppageno 0'>
   <div class='ocr_carea' id='block_1_1' title="bbox 298 213 1180 261">
    <p class='ocr_par' dir='ltr' id='par_1_1' title="bbox 298 213 1180 261">
     <span class='ocr_line' id='line_1_1' title="bbox 298 213 1180 261; baseline -0.008 -11"><span class='ocrx_word' id='word_1_1' title='bbox 298 219 455 261; x_wconf 55' lang='lat' dir='ltr'><em>mmzss</em></span> <span class='ocrx_word' id='word_1_2' title='bbox 474 215 606 247; x_wconf 75' lang='lat' dir='ltr'><em>xum.</em></span> <span class='ocrx_word' id='word_1_3' title='bbox 637 213 745 244; x_wconf 66' lang='lat' dir='ltr'><em>cAP.</em></span> <span class='ocrx_word' id='word_1_4' title='bbox 766 214 954 245; x_wconf 78' lang='lat' dir='ltr'><strong>xxxnr.</strong></span> <span class='ocrx_word' id='word_1_5' title='bbox 1097 213 1180 258; x_wconf 81' lang='lat'><em>355</em></span> 
     </span>
    </p>
   </div>
   <div class='ocr_carea' id='block_1_2' title="bbox 52 285 1377 358">
    <p class='ocr_par' dir='ltr' id='par_1_2' title="bbox 52 285 1377 358">
     <span class='ocr_line' id='line_1_2' title="bbox 52 285 1377 358; baseline -0.005 -14"><span class='ocrx_word' id='word_1_6' title='bbox 52 285 54 287; x_wconf 53' lang='lat'>&gt;</span> <span class='ocrx_word' id='word_1_7' title='bbox 72 307 135 358; x_wconf 88' lang='lat' dir='ltr'><em>Sp.</em></span> <span class='ocrx_word' id='word_1_8' title='bbox 148 305 372 356; x_wconf 69' lang='lat' dir='ltr'>Ligustinus</span> <span class='ocrx_word' id='word_1_9' title='bbox 388 319 435 342; x_wconf 87' lang='lat' dir='ltr'><em>ex</em></span> <span class='ocrx_word' id='word_1_10' title='bbox 452 316 498 341; x_wconf 88' lang='lat' dir='ltr'><em>eo</em></span> <span class='ocrx_word' id='word_1_11' title='bbox 516 297 690 346; x_wconf 71' lang='lat' dir='ltr'><em>mimero,</em></span> <span class='ocrx_word' id='word_1_12' title='bbox 706 303 777 353; x_wconf 65' lang='lat' dir='ltr'><em>qui&gt;</em></span> <span class='ocrx_word' id='word_1_13' title='bbox 788 301 965 339; x_wconf 78' lang='lat' dir='ltr'><em>tribunos</em></span> <span class='ocrx_word' id='word_1_14' title='bbox 980 301 1103 352; x_wconf 82' lang='lat' dir='ltr'><em>plebis</em></span> <span class='ocrx_word' id='word_1_15' title='bbox 1115 303 1181 338; x_wconf 84' lang='lat' dir='ltr'><em>ad·</em></span> <span class='ocrx_word' id='word_1_16' title='bbox 1193 308 1237 339; x_wconf 86' lang='lat' dir='ltr'><em>U.</em></span> <span class='ocrx_word' id='word_1_17' title='bbox 1250 306 1286 337; x_wconf 88' lang='lat' dir='ltr'><em>C.</em></span> <span class='ocrx_word' id='word_1_18' title='bbox 1302 314 1377 340; x_wconf 66' lang='lat'><strong><em>⁵84.</em></strong></span> 
     </span>
    </p>
   </div>
   <div class='ocr_carea' id='block_1_3' title="bbox 68 367 1183 486">
    <p class='ocr_par' dir='ltr' id='par_1_3' title="bbox 68 367 1183 486">
     <span class='ocr_line' id='line_1_3' title="bbox 69 367 1183 423; baseline -0.005 -14"><span class='ocrx_word' id='word_1_19' title='bbox 69 372 316 423; x_wconf 81' lang='lat' dir='ltr'><em>pellaverant,</em></span> <span class='ocrx_word' id='word_1_20' title='bbox 345 385 373 409; x_wconf 60' lang='lat' dir='ltr'><em>a&gt;</em></span> <span class='ocrx_word' id='word_1_21' title='bbox 397 370 553 407; x_wconf 81' lang='lat' dir='ltr'><em>consule</em></span> <span class='ocrx_word' id='word_1_22' title='bbox 574 376 612 406; x_wconf 77' lang='lat' dir='ltr'><em>et</em></span> <span class='ocrx_word' id='word_1_23' title='bbox 641 368 688 406; x_wconf 75' lang='lat' dir='ltr'><em>ab</em></span> <span class='ocrx_word' id='word_1_24' title='bbox 710 367 870 405; x_wconf 77' lang='lat' dir='ltr'><em>tribunis</em></span> <span class='ocrx_word' id='word_1_25' title='bbox 893 368 1017 418; x_wconf 77' lang='lat' dir='ltr'><em>petiit,</em></span> <span class='ocrx_word' id='word_1_26' title='bbox 1039 374 1082 404; x_wconf 89' lang='lat' dir='ltr'><em>ut</em></span> <span class='ocrx_word' id='word_1_27' title='bbox 1110 367 1183 404; x_wconf 79' lang='lat' dir='ltr'><em>sihi</em></span> 
     </span>
     <span class='ocr_line' id='line_1_4' title="bbox 68 430 1183 486; baseline -0.005 -14"><span class='ocrx_word' id='word_1_28' title='bbox 68 437 198 486; x_wconf 85' lang='lat' dir='ltr'><em>paucis</em></span> <span class='ocrx_word' id='word_1_29' title='bbox 214 435 260 472; x_wconf 86' lang='lat' dir='ltr'><em>ad</em></span> <span class='ocrx_word' id='word_1_30' title='bbox 275 434 458 486; x_wconf 81' lang='lat' dir='ltr'><em>populum</em></span> <span class='ocrx_word' id='word_1_31' title='bbox 473 445 586 482; x_wconf 81' lang='lat' dir='ltr'><em>agere</em></span> <span class='ocrx_word' id='word_1_32' title='bbox 605 432 747 468; x_wconf 79' lang='lat' dir='ltr'><em>liceret.</em></span> <span class='ocrx_word' id='word_1_33' title='bbox 802 430 995 467; x_wconf 71' lang='lat' dir='ltr'><em>Permissa</em></span> <span class='ocrx_word' id='word_1_34' title='bbox 1012 432 1183 467; x_wconf 86' lang='lat' dir='ltr'><em>omnium</em></span> 
     </span>
    </p>
   </div>
   <div class='ocr_carea' id='block_1_4' title="bbox 1195 350 1376 386">
    <p class='ocr_par' dir='ltr' id='par_1_4' title="bbox 1195 350 1376 386">
     <span class='ocr_line' id='line_1_5' title="bbox 1195 350 1376 386; baseline -0.006 -5"><span class='ocrx_word' id='word_1_35' title='bbox 1195 352 1232 382; x_wconf 89' lang='lat' dir='ltr'><em>A.</em></span> <span class='ocrx_word' id='word_1_36' title='bbox 1245 350 1284 381; x_wconf 83' lang='lat' dir='ltr'><em>C.</em></span> <span class='ocrx_word' id='word_1_37' title='bbox 1305 356 1376 386; x_wconf 76' lang='lat'>17⁵1.</span> 
     </span>
    </p>
   </div>
   <div class='ocr_carea' id='block_1_5' title="bbox 70 495 1374 546">
    <p class='ocr_par' dir='ltr' id='par_1_5' title="bbox 70 495 1374 546">
     <span class='ocr_line' id='line_1_6' title="bbox 70 495 1374 546; baseline -0.004 -12"><span class='ocrx_word' id='word_1_38' title='bbox 70 499 125 536; x_wconf 81' lang='lat' dir='ltr'><em>ita</em></span> <span class='ocrx_word' id='word_1_39' title='bbox 149 499 298 535; x_wconf 86' lang='lat' dir='ltr'><em>locutus</em></span> <span class='ocrx_word' id='word_1_40' title='bbox 317 498 449 535; x_wconf 86' lang='lat' dir='ltr'><em>fertur.</em></span> <span class='ocrx_word' id='word_1_41' title='bbox 507 498 571 546; x_wconf 83' lang='lat' dir='ltr'><em>Sp.</em></span> <span class='ocrx_word' id='word_1_42' title='bbox 585 497 800 544; x_wconf 67' lang='lat' dir='ltr'><strong><em>Ligustinus</em></strong></span> <span class='ocrx_word' id='word_1_43' title='bbox 819 495 929 531; x_wconf 80' lang='lat' dir='ltr'><em>tribus</em></span> <span class='ocrx_word' id='word_1_44' title='bbox 949 495 1185 531; x_wconf 83' lang='lat' dir='ltr'><em>Crustuminae</em></span> <span class='ocrx_word' id='word_1_45' title='bbox 1195 500 1247 539; x_wconf 82' lang='lat' dir='ltr'><em>Sp.</em></span> <span class='ocrx_word' id='word_1_46' title='bbox 1263 500 1374 538; x_wconf 83' lang='lat' dir='ltr'><em>Ligus-</em></span> 
     </span>
    </p>
   </div>
   <div class='ocr_carea' id='block_1_6' title="bbox 70 557 1185 606">
    <p class='ocr_par' dir='ltr' id='par_1_6' title="bbox 70 557 1185 606">
     <span class='ocr_line' id='line_1_7' title="bbox 70 557 1185 606; baseline -0.005 -7"><span class='ocrx_word' id='word_1_47' title='bbox 70 575 112 598; x_wconf 70' lang='grc' dir='ltr'><em>ετ</em></span> <span class='ocrx_word' id='word_1_48' title='bbox 130 562 271 599; x_wconf 83' lang='lat' dir='ltr'><strong><em>Sabinis</em></strong></span> <span class='ocrx_word' id='word_1_49' title='bbox 297 574 377 598; x_wconf 81' lang='lat' dir='ltr'><em>sum</em></span> <span class='ocrx_word' id='word_1_50' title='bbox 395 561 581 603; x_wconf 75' lang='lat' dir='ltr'><em>oriundus,</em></span> <span class='ocrx_word' id='word_1_51' title='bbox 605 560 774 601; x_wconf 74' lang='lat' dir='ltr'><em>Quirites,</em></span> <span class='ocrx_word' id='word_1_52' title='bbox 831 559 947 595; x_wconf 83' lang='lat' dir='ltr'><em>Pater</em></span> <span class='ocrx_word' id='word_1_53' title='bbox 969 558 1058 594; x_wconf 79' lang='lat' dir='ltr'><em>mihi</em></span> <span class='ocrx_word' id='word_1_54' title='bbox 1076 557 1185 606; x_wconf 83' lang='lat' dir='ltr'><em>juge-</em></span> 
     </span>
    </p>
   </div>
   <div class='ocr_carea' id='block_1_7' title="bbox 1196 543 1369 624">
    <p class='ocr_par' dir='ltr' id='par_1_7' title="bbox 1196 543 1369 624">
     <span class='ocr_line' id='line_1_8' title="bbox 1196 543 1369 572; baseline 0 0"><span class='ocrx_word' id='word_1_55' title='bbox 1196 543 1252 572; x_wconf 79' lang='lat' dir='ltr'><em>tini</em></span> <span class='ocrx_word' id='word_1_56' title='bbox 1269 543 1369 572; x_wconf 78' lang='lat' dir='ltr'><em>oratio</em></span> 
     </span>
     <span class='ocr_line' id='line_1_9' title="bbox 1196 587 1351 624; baseline 0.013 -10"><span class='ocrx_word' id='word_1_57' title='bbox 1196 587 1234 615; x_wconf 79' lang='lat' dir='ltr'><em>ad</em></span> <span class='ocrx_word' id='word_1_58' title='bbox 1249 594 1351 624; x_wconf 86' lang='lat' dir='ltr'><em>popu-</em></span> 
     </span>
    </p>
   </div>
   <div class='ocr_carea' id='block_1_8' title="bbox 68 624 1281 675">
    <p class='ocr_par' dir='ltr' id='par_1_8' title="bbox 68 624 1281 675">
     <span class='ocr_line' id='line_1_10' title="bbox 68 624 1281 675; baseline -0.003 -12"><span class='ocrx_word' id='word_1_59' title='bbox 68 637 150 663; x_wconf 73' lang='lat' dir='ltr'><em>rum</em></span> <span class='ocrx_word' id='word_1_60' title='bbox 168 627 250 674; x_wconf 81' lang='lat' dir='ltr'><em>agri</em></span> <span class='ocrx_word' id='word_1_61' title='bbox 273 627 417 675; x_wconf 84' lang='lat' dir='ltr'><em>reliquit</em></span> <span class='ocrx_word' id='word_1_62' title='bbox 445 630 481 662; x_wconf 84' lang='lat' dir='ltr'><em>et</em></span> <span class='ocrx_word' id='word_1_63' title='bbox 505 636 660 673; x_wconf 81' lang='lat' dir='ltr'><em>parvum</em></span> <span class='ocrx_word' id='word_1_64' title='bbox 689 624 886 671; x_wconf 81' lang='lat' dir='ltr'><em>tugurium,</em></span> <span class='ocrx_word' id='word_1_65' title='bbox 916 624 954 658; x_wconf 84' lang='lat' dir='ltr'><em>in</em></span> <span class='ocrx_word' id='word_1_66' title='bbox 984 635 1052 671; x_wconf 84' lang='lat' dir='ltr'><em>quo</em></span> <span class='ocrx_word' id='word_1_67' title='bbox 1079 627 1186 658; x_wconf 83' lang='lat' dir='ltr'><em>natus</em></span> <span class='ocrx_word' id='word_1_68' title='bbox 1196 628 1281 659; x_wconf 86' lang='lat' dir='ltr'><em>lum.</em></span> 
     </span>
    </p>
   </div>
   <div class='ocr_carea' id='block_1_9' title="bbox 17 686 1214 2392">
    <p class='ocr_par' dir='ltr' id='par_1_9' title="bbox 17 686 1214 2392">
     <span class='ocr_line' id='line_1_11' title="bbox 69 686 1188 738; baseline -0.004 -12"><span class='ocrx_word' id='word_1_69' title='bbox 69 690 307 738; x_wconf 75' lang='lat' dir='ltr'><em>educatusque</em></span> <span class='ocrx_word' id='word_1_70' title='bbox 319 702 395 726; x_wconf 87' lang='lat' dir='ltr'><em>sum</em></span> <span class='ocrx_word' id='word_1_71' title='bbox 409 705 421 725; x_wconf 91' lang='lat'><em>.·</em></span> <span class='ocrx_word' id='word_1_72' title='bbox 449 689 621 736; x_wconf 80' lang='lat' dir='ltr'><strong><em>hodieque</em></strong></span> <span class='ocrx_word' id='word_1_73' title='bbox 637 688 684 724; x_wconf 83' lang='lat' dir='ltr'><em>ibi</em></span> <span class='ocrx_word' id='word_1_74' title='bbox 699 687 831 723; x_wconf 79' lang='lat' dir='ltr'><em>habito,</em></span> <span class='ocrx_word' id='word_1_75' title='bbox 891 686 1009 727; x_wconf 76' lang='lat' dir='ltr'><em>Quum</em></span> <span class='ocrx_word' id='word_1_76' title='bbox 1025 687 1188 734; x_wconf 81' lang='lat' dir='ltr'><em>primum</em></span> 
     </span>
     <span class='ocr_line' id='line_1_12' title="bbox 70 749 1186 801; baseline -0.004 -12"><span class='ocrx_word' id='word_1_77' title='bbox 70 755 108 790; x_wconf 89' lang='lat' dir='ltr'><em>in</em></span> <span class='ocrx_word' id='word_1_78' title='bbox 125 757 267 790; x_wconf 83' lang='lat' dir='ltr'><em>oetatem</em></span> <span class='ocrx_word' id='word_1_79' title='bbox 284 754 377 795; x_wconf 84' lang='lat' dir='ltr'><em>veni,</em></span> <span class='ocrx_word' id='word_1_80' title='bbox 394 758 501 801; x_wconf 81' lang='lat' dir='ltr'><em>pater</em></span> <span class='ocrx_word' id='word_1_81' title='bbox 516 752 606 788; x_wconf 86' lang='lat' dir='ltr'><em>mihi</em></span> <span class='ocrx_word' id='word_1_82' title='bbox 619 763 763 787; x_wconf 73' lang='lat' dir='ltr'><em>uxorem</em></span> <span class='ocrx_word' id='word_1_83' title='bbox 770 749 909 799; x_wconf 83' lang='lat' dir='ltr'><em>fratris</em></span> <span class='ocrx_word' id='word_1_84' title='bbox 925 752 981 786; x_wconf 87' lang='lat' dir='ltr'><em>sui</em></span> <span class='ocrx_word' id='word_1_85' title='bbox 986 750 1113 799; x_wconf 87' lang='lat' dir='ltr'><em>filiam</em></span> <span class='ocrx_word' id='word_1_86' title='bbox 1125 751 1186 787; x_wconf 81' lang='lat' dir='ltr'><em>de-</em></span> 
     </span>
     <span class='ocr_line' id='line_1_13' title="bbox 69 815 1189 865; baseline -0.002 -12"><span class='ocrx_word' id='word_1_87' title='bbox 69 818 148 854; x_wconf 84' lang='lat' dir='ltr'><em>dit:</em></span> <span class='ocrx_word' id='word_1_88' title='bbox 176 829 254 865; x_wconf 84' lang='lat' dir='ltr'><em>quae</em></span> <span class='ocrx_word' id='word_1_89' title='bbox 270 829 385 853; x_wconf 86' lang='lat' dir='ltr'><em>secum</em></span> <span class='ocrx_word' id='word_1_90' title='bbox 408 817 501 853; x_wconf 81' lang='lat' dir='ltr'><em>nihil</em></span> <span class='ocrx_word' id='word_1_91' title='bbox 525 817 673 858; x_wconf 79' lang='lat' dir='ltr'><em>adtulit,</em></span> <span class='ocrx_word' id='word_1_92' title='bbox 699 821 831 863; x_wconf 80' lang='lat' dir='ltr'><em>praeter</em></span> <span class='ocrx_word' id='word_1_93' title='bbox 860 815 1059 852; x_wconf 82' lang='lat' dir='ltr'><em>libertatem</em></span> <span class='ocrx_word' id='word_1_94' title='bbox 1073 815 1189 863; x_wconf 83' lang='lat' dir='ltr'><em>pudi-</em></span> 
     </span>
     <span class='ocr_line' id='line_1_14' title="bbox 69 879 1192 928; baseline -0.002 -11"><span class='ocrx_word' id='word_1_95' title='bbox 69 882 272 928; x_wconf 78' lang='lat' dir='ltr'><em>citiamque,</em></span> <span class='ocrx_word' id='word_1_96' title='bbox 293 885 332 916; x_wconf 86' lang='lat' dir='ltr'><em>et</em></span> <span class='ocrx_word' id='word_1_97' title='bbox 353 892 433 916; x_wconf 88' lang='lat' dir='ltr'><em>cum</em></span> <span class='ocrx_word' id='word_1_98' title='bbox 451 879 804 928; x_wconf 76' lang='lat' dir='ltr'><em>hisfaecunditatem,</em></span> <span class='ocrx_word' id='word_1_99' title='bbox 827 884 963 926; x_wconf 80' lang='lat' dir='ltr'><em>quanta</em></span> <span class='ocrx_word' id='word_1_100' title='bbox 989 880 1046 915; x_wconf 81' lang='lat' dir='ltr'><em>vel</em></span> <span class='ocrx_word' id='word_1_101' title='bbox 1064 880 1099 915; x_wconf 85' lang='lat' dir='ltr'><em>in</em></span> <span class='ocrx_word' id='word_1_102' title='bbox 1119 880 1192 915; x_wconf 58' lang='lat' dir='ltr'><em>diti</em></span> 
     </span>
     <span class='ocr_line' id='line_1_15' title="bbox 70 942 1189 991; baseline -0.003 -11"><span class='ocrx_word' id='word_1_103' title='bbox 70 944 175 980; x_wconf 81' lang='lat' dir='ltr'><em>domo</em></span> <span class='ocrx_word' id='word_1_104' title='bbox 190 945 279 979; x_wconf 78' lang='lat' dir='ltr'><em>satis</em></span> <span class='ocrx_word' id='word_1_105' title='bbox 296 947 394 980; x_wconf 84' lang='lat' dir='ltr'><em>esset.</em></span> <span class='ocrx_word' id='word_1_106' title='bbox 452 943 523 978; x_wconf 74' lang='lat' dir='ltr'><em>Sex</em></span> <span class='ocrx_word' id='word_1_107' title='bbox 525 943 603 991; x_wconf 83' lang='lat' dir='ltr'><em>filii</em></span> <span class='ocrx_word' id='word_1_108' title='bbox 619 942 730 984; x_wconf 84' lang='lat' dir='ltr'><em>nobis,</em></span> <span class='ocrx_word' id='word_1_109' title='bbox 749 943 928 990; x_wconf 76' lang='lat' dir='ltr'><em>cluaefiziae</em></span> <span class='ocrx_word' id='word_1_110' title='bbox 940 946 1048 978; x_wconf 86' lang='lat' dir='ltr'><em>sunt:</em></span> <span class='ocrx_word' id='word_1_111' title='bbox 1075 947 1189 978; x_wconf 81' lang='lat' dir='ltr'><em>utrae-</em></span> 
     </span>
     <span class='ocr_line' id='line_1_16' title="bbox 69 1004 1186 1055; baseline -0.002 -12"><span class='ocrx_word' id='word_1_112' title='bbox 69 1018 136 1055; x_wconf 82' lang='lat' dir='ltr'><em>que</em></span> <span class='ocrx_word' id='word_1_113' title='bbox 144 1004 224 1052; x_wconf 85' lang='lat' dir='ltr'><em>jam</em></span> <span class='ocrx_word' id='word_1_114' title='bbox 239 1011 373 1055; x_wconf 65' lang='lat' dir='ltr'><em>nuptae.</em></span> <span class='ocrx_word' id='word_1_115' title='bbox 428 1006 516 1041; x_wconf 81' lang='lat' dir='ltr'><em>Filii</em></span> <span class='ocrx_word' id='word_1_116' title='bbox 530 1010 686 1053; x_wconf 79' lang='lat' dir='ltr'><em>quatuor</em></span> <span class='ocrx_word' id='word_1_117' title='bbox 703 1009 804 1051; x_wconf 79' lang='lat' dir='ltr'><em>togas</em></span> <span class='ocrx_word' id='word_1_118' title='bbox 818 1006 939 1040; x_wconf 85' lang='lat' dir='ltr'><em>viriles</em></span> <span class='ocrx_word' id='word_1_119' title='bbox 955 1005 1097 1047; x_wconf 82' lang='lat' dir='ltr'><em>habent,</em></span> <span class='ocrx_word' id='word_1_120' title='bbox 1115 1007 1186 1041; x_wconf 82' lang='lat' dir='ltr'><em>duo</em></span> 
     </span>
     <span class='ocr_line' id='line_1_17' title="bbox 67 1068 1186 1119; baseline -0.002 -13"><span class='ocrx_word' id='word_1_121' title='bbox 67 1072 274 1119; x_wconf 70' lang='lat' dir='ltr'><em>praetextati</em></span> <span class='ocrx_word' id='word_1_122' title='bbox 302 1075 395 1107; x_wconf 82' lang='lat' dir='ltr'><em>sunt.</em></span> <span class='ocrx_word' id='word_1_123' title='bbox 451 1070 561 1106; x_wconf 81' lang='lat' dir='ltr'><em>Miles</em></span> <span class='ocrx_word' id='word_1_124' title='bbox 589 1081 668 1106; x_wconf 84' lang='lat' dir='ltr'><em>sum</em></span> <span class='ocrx_word' id='word_1_125' title='bbox 689 1068 832 1117; x_wconf 76' lang='lat' dir='ltr'><em>factus,</em></span> <span class='ocrx_word' id='word_1_126' title='bbox 863 1069 910 1105; x_wconf 91' lang='grc' dir='ltr'><em>Ρ.</em></span> <span class='ocrx_word' id='word_1_127' title='bbox 934 1068 1111 1117; x_wconf 83' lang='lat' dir='ltr'><em>Sulpicio,</em></span> <span class='ocrx_word' id='word_1_128' title='bbox 1144 1068 1186 1105; x_wconf 81' lang='lat' dir='ltr'><em>C.</em></span> 
     </span>
     <span class='ocr_line' id='line_1_18' title="bbox 70 1132 1188 1181; baseline -0.002 -11"><span class='ocrx_word' id='word_1_129' title='bbox 70 1135 220 1171; x_wconf 81' lang='lat' dir='ltr'><em>Aurelio</em></span> <span class='ocrx_word' id='word_1_130' title='bbox 239 1133 446 1170; x_wconf 86' lang='lat' dir='ltr'><em>consulibus.</em></span> <span class='ocrx_word' id='word_1_131' title='bbox 494 1133 540 1168; x_wconf 88' lang='lat' dir='ltr'><em>In</em></span> <span class='ocrx_word' id='word_1_132' title='bbox 557 1145 597 1169; x_wconf 86' lang='lat' dir='ltr'><em>eo</em></span> <span class='ocrx_word' id='word_1_133' title='bbox 611 1135 781 1175; x_wconf 78' lang='lat' dir='ltr'><em>exercitu,</em></span> <span class='ocrx_word' id='word_1_134' title='bbox 798 1134 860 1181; x_wconf 84' lang='lat' dir='ltr'><em>qui</em></span> <span class='ocrx_word' id='word_1_135' title='bbox 878 1134 914 1168; x_wconf 88' lang='lat' dir='ltr'><em>in</em></span> <span class='ocrx_word' id='word_1_136' title='bbox 929 1132 1188 1168; x_wconf 84' lang='lat' dir='ltr'><em>Macedoniam.</em></span> 
     </span>
     <span class='ocr_line' id='line_1_19' title="bbox 69 1195 1191 1245; baseline -0.002 -11"><span class='ocrx_word' id='word_1_137' title='bbox 69 1202 123 1234; x_wconf 81' lang='lat' dir='ltr'><em>est</em></span> <span class='ocrx_word' id='word_1_138' title='bbox 136 1202 414 1245; x_wconf 77' lang='lat' dir='ltr'><strong><em>transportatus,</em></strong></span> <span class='ocrx_word' id='word_1_139' title='bbox 431 1197 607 1234; x_wconf 76' lang='lat' dir='ltr'><strong><em>biennium</em></strong></span> <span class='ocrx_word' id='word_1_140' title='bbox 626 1197 727 1232; x_wconf 86' lang='lat' dir='ltr'><em>miles</em></span> <span class='ocrx_word' id='word_1_141' title='bbox 737 1198 925 1243; x_wconf 74' lang='lat' dir='ltr'><em>gregarius</em></span> <span class='ocrx_word' id='word_1_142' title='bbox 931 1195 999 1244; x_wconf 80' lang='lat' dir='ltr'><em>fui</em></span> <span class='ocrx_word' id='word_1_143' title='bbox 1017 1197 1191 1232; x_wconf 48' lang='lat' dir='ltr'><em>adversus&gt;</em></span> 
     </span>
     <span class='ocr_line' id='line_1_20' title="bbox 71 1260 1184 1309; baseline -0.001 -12"><span class='ocrx_word' id='word_1_144' title='bbox 71 1261 286 1309; x_wconf 76' lang='lat' dir='ltr'><em>Philippum</em></span> <span class='ocrx_word' id='word_1_145' title='bbox 312 1273 456 1308; x_wconf 85' lang='lat' dir='ltr'><em>regem:</em></span> <span class='ocrx_word' id='word_1_146' title='bbox 485 1263 590 1297; x_wconf 80' lang='lat' dir='ltr'><em>tertio</em></span> <span class='ocrx_word' id='word_1_147' title='bbox 608 1272 702 1296; x_wconf 85' lang='lat' dir='ltr'><em>anno</em></span> <span class='ocrx_word' id='word_1_148' title='bbox 725 1262 870 1296; x_wconf 81' lang='lat' dir='ltr'><em>virtutis</em></span> <span class='ocrx_word' id='word_1_149' title='bbox 888 1272 1012 1295; x_wconf 79' lang='lat' dir='ltr'><strong><em>caussa</em></strong></span> <span class='ocrx_word' id='word_1_150' title='bbox 1030 1260 1119 1294; x_wconf 80' lang='lat' dir='ltr'><em>mihi</em></span> <span class='ocrx_word' id='word_1_151' title='bbox 1143 1260 1184 1296; x_wconf 90' lang='lat' dir='ltr'><em>T.</em></span> 
     </span>
     <span class='ocr_line' id='line_1_21' title="bbox 73 1322 1185 1365; baseline -0.004 -5"><span class='ocrx_word' id='word_1_152' title='bbox 73 1324 262 1365; x_wconf 75' lang='lat' dir='ltr'><em>Quinctius</em></span> <span class='ocrx_word' id='word_1_153' title='bbox 278 1323 503 1359; x_wconf 75' lang='lat' dir='ltr'><em>Flamininus</em></span> <span class='ocrx_word' id='word_1_154' title='bbox 522 1325 710 1359; x_wconf 81' lang='lat' dir='ltr'><em>decumum</em></span> <span class='ocrx_word' id='word_1_155' title='bbox 729 1323 890 1358; x_wconf 80' lang='lat' dir='ltr'><em>ordinem</em></span> <span class='ocrx_word' id='word_1_156' title='bbox 909 1322 1093 1357; x_wconf 71' lang='lat' dir='ltr'><em>hastatum</em></span> <span class='ocrx_word' id='word_1_157' title='bbox 1117 1322 1185 1357; x_wconf 79' lang='lat' dir='ltr'><em>ad-</em></span> 
     </span>
     <span class='ocr_line' id='line_1_22' title="bbox 69 1386 1187 1435; baseline -0.001 -12"><span class='ocrx_word' id='word_1_158' title='bbox 69 1388 238 1435; x_wconf 74' lang='lat' dir='ltr'><em>signavit.</em></span> <span class='ocrx_word' id='word_1_159' title='bbox 293 1387 450 1422; x_wconf 86' lang='lat' dir='ltr'><em>Devicto</em></span> <span class='ocrx_word' id='word_1_160' title='bbox 470 1387 645 1434; x_wconf 83' lang='lat' dir='ltr'><em>Philippo</em></span> <span class='ocrx_word' id='word_1_161' title='bbox 664 1386 1000 1433; x_wconf 78' lang='lat' dir='ltr'><em>Macedonibusque,</em></span> <span class='ocrx_word' id='word_1_162' title='bbox 1020 1397 1130 1433; x_wconf 79' lang='lat' dir='ltr'><em>quum</em></span> <span class='ocrx_word' id='word_1_163' title='bbox 1147 1387 1187 1422; x_wconf 85' lang='lat' dir='ltr'><em>in</em></span> 
     </span>
     <span class='ocr_line' id='line_1_23' title="bbox 71 1450 1186 1500; baseline -0.001 -13"><span class='ocrx_word' id='word_1_164' title='bbox 71 1451 222 1488; x_wconf 84' lang='lat' dir='ltr'><em>Italiam</em></span> <span class='ocrx_word' id='word_1_165' title='bbox 238 1453 378 1500; x_wconf 81' lang='lat' dir='ltr'><em>portati</em></span> <span class='ocrx_word' id='word_1_166' title='bbox 402 1463 445 1487; x_wconf 89' lang='lat' dir='ltr'><em>ac</em></span> <span class='ocrx_word' id='word_1_167' title='bbox 463 1451 599 1487; x_wconf 80' lang='lat' dir='ltr'><em>dimissi</em></span> <span class='ocrx_word' id='word_1_168' title='bbox 626 1462 789 1492; x_wconf 82' lang='lat' dir='ltr'><em>essemus,</em></span> <span class='ocrx_word' id='word_1_169' title='bbox 809 1451 977 1486; x_wconf 68' lang='lat' dir='ltr'><em>continuo</em></span> <span class='ocrx_word' id='word_1_170' title='bbox 1004 1450 1106 1485; x_wconf 84' lang='lat' dir='ltr'><em>miles</em></span> <span class='ocrx_word' id='word_1_171' title='bbox 1123 1461 1186 1486; x_wconf 85' lang='lat' dir='ltr'><em>vo-</em></span> 
     </span>
     <span class='ocr_line' id='line_1_24' title="bbox 72 1514 1187 1562; baseline 0 -11"><span class='ocrx_word' id='word_1_172' title='bbox 72 1515 250 1551; x_wconf 81' lang='lat' dir='ltr'><em>luntarius</em></span> <span class='ocrx_word' id='word_1_173' title='bbox 278 1527 358 1552; x_wconf 85' lang='lat' dir='ltr'><em>cum</em></span> <span class='ocrx_word' id='word_1_174' title='bbox 386 1514 442 1552; x_wconf 88' lang='lat' dir='ltr'><em>M.</em></span> <span class='ocrx_word' id='word_1_175' title='bbox 462 1516 594 1552; x_wconf 88' lang='lat' dir='ltr'><em>Porcio</em></span> <span class='ocrx_word' id='word_1_176' title='bbox 622 1515 763 1551; x_wconf 86' lang='lat' dir='ltr'><em>consule</em></span> <span class='ocrx_word' id='word_1_177' title='bbox 794 1515 832 1550; x_wconf 83' lang='lat' dir='ltr'><em>in</em></span> <span class='ocrx_word' id='word_1_178' title='bbox 860 1514 1078 1562; x_wconf 82' lang='lat' dir='ltr'><em>Hispaniam</em></span> <span class='ocrx_word' id='word_1_179' title='bbox 1106 1526 1187 1551; x_wconf 83' lang='lat' dir='ltr'><em>sum</em></span> 
     </span>
     <span class='ocr_line' id='line_1_25' title="bbox 68 1577 1191 1627; baseline 0 -13"><span class='ocrx_word' id='word_1_180' title='bbox 68 1577 261 1627; x_wconf 68' lang='lat' dir='ltr'><em>profectus.</em></span> <span class='ocrx_word' id='word_1_181' title='bbox 308 1578 497 1615; x_wconf 83' lang='lat' dir='ltr'><em>Neminem</em></span> <span class='ocrx_word' id='word_1_182' title='bbox 511 1580 670 1615; x_wconf 82' lang='lat' dir='ltr'><em>omnium</em></span> <span class='ocrx_word' id='word_1_183' title='bbox 682 1580 954 1626; x_wconf 82' lang='lat' dir='ltr'><em>imperatorum,</em></span> <span class='ocrx_word' id='word_1_184' title='bbox 971 1579 1030 1625; x_wconf 84' lang='lat' dir='ltr'><em>qui</em></span> <span class='ocrx_word' id='word_1_185' title='bbox 1048 1578 1191 1620; x_wconf 70' lang='lat' dir='ltr'><em>vivant,</em></span> 
     </span>
     <span class='ocr_line' id='line_1_26' title="bbox 73 1640 1184 1690; baseline -0.001 -13"><span class='ocrx_word' id='word_1_186' title='bbox 73 1644 248 1678; x_wconf 87' lang='lat' dir='ltr'><em>acriorem</em></span> <span class='ocrx_word' id='word_1_187' title='bbox 265 1643 409 1678; x_wconf 85' lang='lat' dir='ltr'><em>virtutis</em></span> <span class='ocrx_word' id='word_1_188' title='bbox 422 1645 659 1690; x_wconf 81' lang='lat' dir='ltr'><em>spectatorem</em></span> <span class='ocrx_word' id='word_1_189' title='bbox 677 1654 721 1677; x_wconf 91' lang='lat' dir='ltr'><em>ac</em></span> <span class='ocrx_word' id='word_1_190' title='bbox 739 1640 900 1687; x_wconf 84' lang='lat' dir='ltr'><em>judicem</em></span> <span class='ocrx_word' id='word_1_191' title='bbox 918 1640 1037 1689; x_wconf 86' lang='lat' dir='ltr'><em>fuisse</em></span> <span class='ocrx_word' id='word_1_192' title='bbox 1054 1643 1184 1683; x_wconf 81' lang='lat' dir='ltr'><em>sciunt,</em></span> 
     </span>
     <span class='ocr_line' id='line_1_27' title="bbox 72 1704 1214 1753; baseline 0 -13"><span class='ocrx_word' id='word_1_193' title='bbox 72 1705 188 1753; x_wconf 80' lang='lat' dir='ltr'><em>quiet</em></span> <span class='ocrx_word' id='word_1_194' title='bbox 214 1704 319 1740; x_wconf 86' lang='lat' dir='ltr'><em>illum</em></span> <span class='ocrx_word' id='word_1_195' title='bbox 338 1709 375 1740; x_wconf 82' lang='lat' dir='ltr'><em>et</em></span> <span class='ocrx_word' id='word_1_196' title='bbox 400 1705 491 1741; x_wconf 85' lang='lat' dir='ltr'><em>alios</em></span> <span class='ocrx_word' id='word_1_197' title='bbox 508 1706 614 1740; x_wconf 83' lang='lat' dir='ltr'><em>duces</em></span> <span class='ocrx_word' id='word_1_198' title='bbox 643 1704 750 1751; x_wconf 88' lang='lat' dir='ltr'><em>longa</em></span> <span class='ocrx_word' id='word_1_199' title='bbox 768 1705 902 1740; x_wconf 80' lang='lat' dir='ltr'><em>militia</em></span> <span class='ocrx_word' id='word_1_200' title='bbox 928 1706 1062 1751; x_wconf 76' lang='lat' dir='ltr'><em>experti</em></span> <span class='ocrx_word' id='word_1_201' title='bbox 1079 1708 1159 1740; x_wconf 77' lang='lat' dir='ltr'><em>sunt</em></span> <span class='ocrx_word' id='word_1_202' title='bbox 1173 1720 1187 1740; x_wconf 91' lang='lat'><em>.·</em></span> <span class='ocrx_word' id='word_1_203' title='bbox 1208 1724 1214 1729; x_wconf 42' lang='lat' dir='ltr'><strong><em>s</em></strong></span> 
     </span>
     <span class='ocr_line' id='line_1_28' title="bbox 72 1766 1186 1815; baseline -0.002 -11"><span class='ocrx_word' id='word_1_204' title='bbox 72 1767 131 1804; x_wconf 80' lang='lat' dir='ltr'><em>ln&#39;c</em></span> <span class='ocrx_word' id='word_1_205' title='bbox 147 1779 204 1804; x_wconf 78' lang='lat' dir='ltr'><em>me</em></span> <span class='ocrx_word' id='word_1_206' title='bbox 222 1769 416 1815; x_wconf 84' lang='lat' dir='ltr'><em>imperator</em></span> <span class='ocrx_word' id='word_1_207' title='bbox 435 1769 581 1815; x_wconf 84' lang='lat' dir='ltr'><em>dignum</em></span> <span class='ocrx_word' id='word_1_208' title='bbox 594 1766 788 1813; x_wconf 75' lang='lat' dir='ltr'><em>judicavit,</em></span> <span class='ocrx_word' id='word_1_209' title='bbox 809 1769 866 1803; x_wconf 83' lang='lat' dir='ltr'><em>cui</em></span> <span class='ocrx_word' id='word_1_210' title='bbox 887 1769 1045 1815; x_wconf 79' lang='lat' dir='ltr'><em>primum</em></span> <span class='ocrx_word' id='word_1_211' title='bbox 1064 1767 1186 1803; x_wconf 80' lang='lat' dir='ltr'><em>hasta-</em></span> 
     </span>
     <span class='ocr_line' id='line_1_29' title="bbox 74 1832 1186 1880; baseline -0.002 -12"><span class='ocrx_word' id='word_1_212' title='bbox 74 1836 150 1868; x_wconf 82' lang='lat' dir='ltr'><em>tum</em></span> <span class='ocrx_word' id='word_1_213' title='bbox 164 1833 298 1880; x_wconf 83' lang='lat' dir='ltr'><em>prioris</em></span> <span class='ocrx_word' id='word_1_214' title='bbox 315 1834 484 1868; x_wconf 73' lang='lat' dir='ltr'><em>centuriae</em></span> <span class='ocrx_word' id='word_1_215' title='bbox 502 1833 720 1879; x_wconf 84' lang='lat' dir='ltr'><em>adsignaret.</em></span> <span class='ocrx_word' id='word_1_216' title='bbox 772 1832 892 1868; x_wconf 82' lang='lat' dir='ltr'><em>Tertio</em></span> <span class='ocrx_word' id='word_1_217' title='bbox 911 1833 1042 1867; x_wconf 81' lang='lat' dir='ltr'><em>iterum</em></span> <span class='ocrx_word' id='word_1_218' title='bbox 1059 1832 1186 1867; x_wconf 67' lang='lat' dir='ltr'><em>volim-</em></span> 
     </span>
     <span class='ocr_line' id='line_1_30' title="bbox 75 1895 1190 1945; baseline -0.001 -13"><span class='ocrx_word' id='word_1_219' title='bbox 75 1897 189 1932; x_wconf 83' lang='lat' dir='ltr'><em>tarius</em></span> <span class='ocrx_word' id='word_1_220' title='bbox 208 1897 307 1932; x_wconf 85' lang='lat' dir='ltr'><em>miles</em></span> <span class='ocrx_word' id='word_1_221' title='bbox 314 1896 446 1945; x_wconf 86' lang='lat' dir='ltr'><em>sactus</em></span> <span class='ocrx_word' id='word_1_222' title='bbox 462 1908 540 1933; x_wconf 86' lang='lat' dir='ltr'><em>sum</em></span> <span class='ocrx_word' id='word_1_223' title='bbox 556 1898 594 1932; x_wconf 86' lang='lat' dir='ltr'><em>in</em></span> <span class='ocrx_word' id='word_1_224' title='bbox 613 1908 695 1932; x_wconf 84' lang='lat' dir='ltr'><em>eum</em></span> <span class='ocrx_word' id='word_1_225' title='bbox 711 1897 919 1938; x_wconf 71' lang='lat' dir='ltr'><em>erereitum,</em></span> <span class='ocrx_word' id='word_1_226' title='bbox 940 1896 1001 1943; x_wconf 83' lang='lat' dir='ltr'><em>qui</em></span> <span class='ocrx_word' id='word_1_227' title='bbox 1020 1895 1190 1931; x_wconf 80' lang='lat' dir='ltr'><em>adversus</em></span> 
     </span>
     <span class='ocr_line' id='line_1_31' title="bbox 74 1959 1189 2008; baseline -0.001 -13"><span class='ocrx_word' id='word_1_228' title='bbox 74 1959 222 1996; x_wconf 84' lang='lat' dir='ltr'><em>AEtolos</em></span> <span class='ocrx_word' id='word_1_229' title='bbox 249 1965 285 1996; x_wconf 85' lang='lat' dir='ltr'><em>et</em></span> <span class='ocrx_word' id='word_1_230' title='bbox 302 1960 521 1997; x_wconf 83' lang='lat' dir='ltr'><em>Antiochum</em></span> <span class='ocrx_word' id='word_1_231' title='bbox 548 1972 666 2008; x_wconf 86' lang='lat' dir='ltr'><em>regem</em></span> <span class='ocrx_word' id='word_1_232' title='bbox 686 1965 737 1996; x_wconf 84' lang='lat' dir='ltr'><em>est</em></span> <span class='ocrx_word' id='word_1_233' title='bbox 763 1962 915 1996; x_wconf 83' lang='lat' dir='ltr'><em>missus:</em></span> <span class='ocrx_word' id='word_1_234' title='bbox 943 1972 966 1995; x_wconf 88' lang='lat' dir='ltr'><em>a</em></span> <span class='ocrx_word' id='word_1_235' title='bbox 985 1959 1053 1995; x_wconf 92' lang='lat' dir='ltr'><em>M&#39;.</em></span> <span class='ocrx_word' id='word_1_236' title='bbox 1068 1960 1189 1995; x_wconf 85' lang='lat' dir='ltr'><em>Acilio</em></span> 
     </span>
     <span class='ocr_line' id='line_1_32' title="bbox 73 2023 1188 2073; baseline -0.002 -13"><span class='ocrx_word' id='word_1_237' title='bbox 73 2023 164 2060; x_wconf 65' lang='lat' dir='ltr'><em>‘attilii</em></span> <span class='ocrx_word' id='word_1_238' title='bbox 181 2025 322 2071; x_wconf 83' lang='lat' dir='ltr'><em>primus</em></span> <span class='ocrx_word' id='word_1_239' title='bbox 346 2026 512 2072; x_wconf 83' lang='lat' dir='ltr'><em>princeps</em></span> <span class='ocrx_word' id='word_1_240' title='bbox 537 2025 670 2073; x_wconf 79' lang='lat' dir='ltr'><em>prioris</em></span> <span class='ocrx_word' id='word_1_241' title='bbox 698 2024 864 2060; x_wconf 64' lang='lat' dir='ltr'><em>centuriae</em></span> <span class='ocrx_word' id='word_1_242' title='bbox 891 2027 942 2058; x_wconf 87' lang='lat' dir='ltr'><em>est</em></span> <span class='ocrx_word' id='word_1_243' title='bbox 969 2023 1188 2069; x_wconf 68' lang='lat' dir='ltr'><em>adsignatus.</em></span> 
     </span>
     <span class='ocr_line' id='line_1_33' title="bbox 75 2087 1188 2136; baseline -0.002 -13"><span class='ocrx_word' id='word_1_244' title='bbox 75 2088 236 2135; x_wconf 77' lang='lat' dir='ltr'><em>Expulso</em></span> <span class='ocrx_word' id='word_1_245' title='bbox 259 2100 341 2136; x_wconf 81' lang='lat' dir='ltr'><em>rege</em></span> <span class='ocrx_word' id='word_1_246' title='bbox 359 2089 550 2131; x_wconf 84' lang='lat' dir='ltr'><em>Antiocho,</em></span> <span class='ocrx_word' id='word_1_247' title='bbox 578 2087 730 2124; x_wconf 82' lang='lat' dir='ltr'><em>subactis</em></span> <span class='ocrx_word' id='word_1_248' title='bbox 747 2088 898 2130; x_wconf 79' lang='lat' dir='ltr'><em>AEtolis,</em></span> <span class='ocrx_word' id='word_1_249' title='bbox 923 2088 1102 2134; x_wconf 79' lang='lat' dir='ltr'><em>reportati</em></span> <span class='ocrx_word' id='word_1_250' title='bbox 1127 2098 1188 2121; x_wconf 86' lang='lat' dir='ltr'><em>su-</em></span> 
     </span>
     <span class='ocr_line' id='line_1_34' title="bbox 74 2149 1191 2200; baseline 0 -15"><span class='ocrx_word' id='word_1_251' title='bbox 74 2161 154 2185; x_wconf 84' lang='lat' dir='ltr'><em>mus</em></span> <span class='ocrx_word' id='word_1_252' title='bbox 180 2151 220 2185; x_wconf 84' lang='lat' dir='ltr'><em>in</em></span> <span class='ocrx_word' id='word_1_253' title='bbox 240 2151 390 2187; x_wconf 84' lang='lat' dir='ltr'><em>Italiam</em></span> <span class='ocrx_word' id='word_1_254' title='bbox 403 2167 416 2189; x_wconf 89' lang='lat'><em>:</em></span> <span class='ocrx_word' id='word_1_255' title='bbox 443 2157 479 2188; x_wconf 86' lang='lat' dir='ltr'><em>et</em></span> <span class='ocrx_word' id='word_1_256' title='bbox 499 2152 663 2200; x_wconf 84' lang='lat' dir='ltr'><em>deinceps</em></span> <span class='ocrx_word' id='word_1_257' title='bbox 682 2152 744 2194; x_wconf 87' lang='lat' dir='ltr'><em>bis,</em></span> <span class='ocrx_word' id='word_1_258' title='bbox 766 2162 843 2199; x_wconf 83' lang='lat' dir='ltr'><em>quae</em></span> <span class='ocrx_word' id='word_1_259' title='bbox 869 2162 990 2186; x_wconf 82' lang='lat' dir='ltr'><em>annua</em></span> <span class='ocrx_word' id='word_1_260' title='bbox 1009 2149 1191 2185; x_wconf 80' lang='lat' dir='ltr'><em>merebant</em></span> 
     </span>
     <span class='ocr_line' id='line_1_35' title="bbox 17 2210 1190 2265; baseline 0 -17"><span class='ocrx_word' id='word_1_261' title='bbox 17 2210 20 2214; x_wconf 73' lang='grc'><em>’</em></span> <span class='ocrx_word' id='word_1_262' title='bbox 79 2214 247 2260; x_wconf 84' lang='lat' dir='ltr'><em>legiones,</em></span> <span class='ocrx_word' id='word_1_263' title='bbox 275 2216 455 2262; x_wconf 82' lang='lat' dir='ltr'><em>stipendia</em></span> <span class='ocrx_word' id='word_1_264' title='bbox 473 2216 564 2265; x_wconf 83' lang='lat' dir='ltr'><em>feci.</em></span> <span class='ocrx_word' id='word_1_265' title='bbox 622 2216 687 2252; x_wconf 80' lang='lat' dir='ltr'><em>Bis</em></span> <span class='ocrx_word' id='word_1_266' title='bbox 706 2216 832 2251; x_wconf 83' lang='lat' dir='ltr'><em>deinde</em></span> <span class='ocrx_word' id='word_1_267' title='bbox 856 2215 894 2250; x_wconf 88' lang='lat' dir='ltr'><em>in</em></span> <span class='ocrx_word' id='word_1_268' title='bbox 911 2214 1094 2262; x_wconf 83' lang='lat' dir='ltr'><em>Hispania</em></span> <span class='ocrx_word' id='word_1_269' title='bbox 1120 2214 1190 2249; x_wconf 78' lang='lat' dir='ltr'><em>mi-</em></span> 
     </span>
     <span class='ocr_line' id='line_1_36' title="bbox 79 2277 1193 2325; baseline -0.001 -12"><span class='ocrx_word' id='word_1_270' title='bbox 79 2277 196 2320; x_wconf 82' lang='lat' dir='ltr'><em>litavi,</em></span> <span class='ocrx_word' id='word_1_271' title='bbox 228 2278 335 2313; x_wconf 87' lang='lat' dir='ltr'><em>semel</em></span> <span class='ocrx_word' id='word_1_272' title='bbox 364 2278 409 2320; x_wconf 89' lang='lat' dir='ltr'><em>Q.</em></span> <span class='ocrx_word' id='word_1_273' title='bbox 430 2281 555 2316; x_wconf 86' lang='lat' dir='ltr'><em>Fulvio</em></span> <span class='ocrx_word' id='word_1_274' title='bbox 574 2280 718 2322; x_wconf 87' lang='lat' dir='ltr'><em>Flacco,</em></span> <span class='ocrx_word' id='word_1_275' title='bbox 747 2281 879 2316; x_wconf 82' lang='lat' dir='ltr'><em>iterum</em></span> <span class='ocrx_word' id='word_1_276' title='bbox 903 2279 957 2314; x_wconf 84' lang='lat' dir='ltr'><em>Ti.</em></span> <span class='ocrx_word' id='word_1_277' title='bbox 979 2278 1193 2325; x_wconf 83' lang='lat' dir='ltr'><em>Sempronio</em></span> 
     </span>
     <span class='ocr_line' id='line_1_37' title="bbox 86 2341 1191 2392; baseline -0.001 -14"><span class='ocrx_word' id='word_1_278' title='bbox 86 2341 247 2379; x_wconf 84' lang='lat' dir='ltr'><em>Graccho</em></span> <span class='ocrx_word' id='word_1_279' title='bbox 264 2346 429 2390; x_wconf 69' lang='lat' dir='ltr'><em>praetore.</em></span> <span class='ocrx_word' id='word_1_280' title='bbox 485 2344 659 2381; x_wconf 81' lang='lat' dir='ltr'><em>AFlacco</em></span> <span class='ocrx_word' id='word_1_281' title='bbox 677 2346 770 2382; x_wconf 83' lang='lat' dir='ltr'><em>inter</em></span> <span class='ocrx_word' id='word_1_282' title='bbox 799 2347 943 2387; x_wconf 78' lang='lat' dir='ltr'><em>ceteros,</em></span> <span class='ocrx_word' id='word_1_283' title='bbox 964 2354 1049 2392; x_wconf 86' lang='lat' dir='ltr'><em>quos</em></span> <span class='ocrx_word' id='word_1_284' title='bbox 1076 2343 1191 2378; x_wconf 69' lang='lat' dir='ltr'><em>virtu-</em></span> 
     </span>
    </p>
   </div>
  </div>
 </body>
</html>
