1546 2648
192 295 236 329 U.
248 299 284 329 C.
299 305 370 331 564.

192 341 280 373 A.C.
298 349 371 375 188.

173 1655 273 1686 Gallis
290 1653 376 1694 leges

171 1701 276 1730 dicta.

173 1984 319 2017 Manlius
335 1982 368 2013 in

174 2030 338 2068 Europam

173 2074 302 2113 trajicit.

383 210 466 253 124
512 220 516 226 ·
839 214 887 243 Τ.
909 214 1040 245 ιῐνιι

384 306 423 337 et
441 301 666 350 Gergithum
687 301 923 347 addiderunt,
940 316 1017 340 non
1047 310 1125 340 tam
1145 303 1193 340 ob
1221 304 1389 341 recentia
1413 303 1487 341 ullu

382 365 530 407 merita,
560 377 671 413 quam
701 366 890 415 originum
919 367 1127 403 memoria:
1160 366 1289 403 eadem
1322 373 1360 404 et
1388 366 1489 404 Dar·

383 427 522 465 danum
557 427 740 464 liberandi
777 441 909 466 caussa
942 429 1028 466 fuit.
1095 430 1212 466 Chios
1249 443 1413 479 quoque,
1450 436 1489 467 et

382 492 610 542 Smyrnaeos,
638 498 676 528 et
700 492 933 542 ErythraeOS,
963 506 1032 544 pro
1061 493 1242 542 singulari
1271 494 1355 537 fide,
1377 506 1489 543 quam

380 570 428 594 eo
445 556 547 594 bello
569 557 839 606 praestiterunt,
860 564 897 593 et
919 570 1011 606 agro
1035 558 1237 601 donarunt,
1259 564 1296 595 et
1320 559 1359 595 in
1385 558 1490 594 omni

380 621 572 672 praecipuo
591 621 736 656 honore
754 621 979 657 habuerunt.
1016 622 1308 658 Phocaeensibus
1330 628 1367 658 et
1386 634 1490 671 ager,

382 697 493 734 quem
516 690 604 720 ante
622 683 762 720 bellum
785 683 1009 728 habuerant,
1031 685 1194 721 redditus
1214 701 1223 730 3
1257 691 1307 728 et,
1329 692 1370 721 ut
1398 685 1492 733 legi-

382 748 453 785 bus
477 747 640 796 antiquis
669 753 876 790 uterentur,
900 748 1134 797 permissum.
1190 747 1352 784 Rhodiis
1382 747 1492 784 adfir-

382 818 499 854 mata,
519 824 601 860 quae
629 812 716 848 data
741 812 866 862 priore
885 812 1037 848 decreto
1057 818 1164 848 erant
1180 828 1190 857 3
1222 811 1342 861 Lycia
1361 818 1399 847 et
1418 812 1491 848 Ca-

382 876 440 911 ria
458 875 554 911 datae
575 887 692 925 usque
721 876 766 912 ad
791 875 1029 911 Maeandruni
1056 888 1218 918 amnem,
1251 881 1386 924 praeter
1403 875 1493 911 Tel-

382 940 554 977 missum.
610 939 708 989 Regi
734 933 897 976 Eumeni
918 939 1196 975 Chersonesum
1217 940 1253 975 in
1283 941 1438 992 Europa
1457 947 1495 977 et

381 1004 678 1054 Lysimachiam,
700 1002 866 1045 castella,
887 1003 1004 1045 vicos,
1035 1015 1160 1051 agroe,
1191 1004 1324 1052 quibus
1356 1004 1493 1041 finibus

382 1074 558 1106 tenuerat
576 1067 804 1111 Antiochus,
832 1066 1050 1117 adjecerunt
1070 1082 1076 1103 :
1110 1068 1148 1103 in
1168 1069 1260 1104 Asia
1289 1068 1493 1118 Phrygiam

383 1138 595 1181 utramque,
625 1130 800 1179 (alteram
823 1130 868 1165 ad
896 1129 1203 1180 Hellespontum,
1228 1130 1410 1181 majorem
1439 1131 1492 1168 al-

384 1202 504 1233 teram
523 1195 678 1241 vocant)
701 1202 739 1230 et
757 1193 936 1243 Mysiam,
958 1207 1070 1243 quam
1090 1194 1240 1231 Prusias
1261 1208 1326 1232 rex
1346 1196 1493 1232 ademe-

383 1266 456 1304 rat,
477 1260 512 1296 ei
538 1259 808 1296 restituerunt:
839 1264 877 1294 et
905 1258 1154 1307 Lycaoniam,
1182 1265 1219 1295 et
1246 1259 1430 1309 Milyada,
1458 1267 1495 1296 et

383 1324 559 1375 Lydiam,
587 1329 625 1360 et
653 1323 880 1360 nominatim
909 1323 1017 1360 urbes
1043 1323 1203 1366 Tralles,
1228 1331 1341 1373 atque
1366 1324 1495 1375 Ephe-

384 1403 482 1433 sum,
502 1396 540 1427 et
554 1389 794 1426 Telmissum.
849 1388 910 1424 De
925 1388 1148 1438 Pamphylia
1167 1389 1417 1439 disceptatum
1436 1391 1497 1426 inm

383 1460 443 1491 ter
460 1454 671 1491 Eumenem
692 1459 730 1489 et
748 1452 931 1489 Antiochi
954 1451 1099 1501 legatos
1120 1465 1233 1501 quum
1254 1442 1374 1504 esset3
1407 1455 1496 1504 quia

386 1532 473 1570 pars
503 1518 582 1570 ejus
606 1519 714 1560 citra,
742 1529 827 1567 pars
858 1516 955 1553 ultra
973 1516 1141 1553 Taurum
1170 1524 1240 1561 est,
1262 1518 1410 1567 integra
1437 1531 1495 1556 res

389 1583 437 1621 ad
456 1589 628 1620 senatum
647 1581 828 1632 rejicitur.

442 1648 531 1686 XL.
561 1647 634 1684 His
670 1646 875 1683 foederibus
909 1647 1143 1697 decretisque
1172 1648 1283 1692 datis,
1313 1647 1496 1693 Manlius,

389 1726 475 1750 cum
495 1713 623 1749 decem
650 1711 785 1760 legatis
805 1712 983 1760 omnique
1003 1712 1170 1747 exercitu
1196 1713 1243 1748 ad
1267 1711 1496 1763 Hellespon-

388 1783 470 1813 tum
498 1775 706 1827 profectuS,
727 1775 892 1810 evocatis
920 1787 964 1810 eo
990 1773 1126 1824 regulis
1148 1774 1359 1818 Gallorum,
1379 1775 1496 1824 leges,

388 1840 524 1891 quibus
561 1851 692 1890 pacem
725 1850 808 1874 cum
841 1837 1013 1874 Eumene
1043 1844 1248 1881 servarent,
1279 1838 1401 1884 dixit;
1434 1840 1498 1876 de-

389 1903 671 1952 nunciavitque,
693 1908 735 1938 ut
754 1914 895 1937 morem
913 1902 1073 1950 vagandi
1094 1915 1179 1938 cum
1198 1903 1310 1939 armis
1332 1903 1497 1947 finirent,
1536 1938 1538 1944 ,

391 1980 642 2018 agrorumque
661 1979 814 2003 suorum
839 1967 1009 2002 terminis
1031 1978 1069 2002 se
1088 1968 1339 2004 continerent.
1397 1968 1500 2004 Con·
1536 1984 1537 1997 ἢ

391 2033 522 2070 tractis
542 2031 675 2068 deinde
696 2044 741 2067 ex
769 2031 874 2067 omni
900 2043 967 2066 ora
994 2029 1166 2073 navibus,
1186 2037 1224 2066 et
1242 2031 1423 2068 Eumenis
1444 2039 1501 2068 et·
1533 2033 1536 2063 ὲ

391 2098 466 2134 iam
487 2096 604 2133 classe
623 2108 689 2146 per
706 2095 933 2131 Athenaeum
953 2094 1107 2130 fratrem
1126 2095 1224 2143 regis
1245 2094 1291 2131 ab
1311 2094 1417 2132 Elaea
1435 2097 1502 2133 ad-

1531 2110 1546 2154 ,.

391 2161 518 2203 ducta,
540 2159 666 2209 copias
688 2170 817 2194 omnes
837 2159 876 2194 in
896 2157 1089 2208 Europam
1109 2156 1257 2207 trajecit
1275 2173 1283 2194 ε
1315 2158 1416 2202 inde,
1437 2171 1504 2210 per
1530 2159 1534 2194 ἕ

393 2225 670 2261 Chersonesum
691 2222 848 2258 modicis
875 2221 1071 2257 itineribus
1097 2234 1209 2270 grave
1235 2221 1360 2271 praeda
1379 2223 1502 2259 omnis
1530 2216 1531 2219 ¹

393 2288 539 2338 generis
560 2299 695 2336 agmen
718 2287 885 2328 trahens,
906 2284 1158 2335 Lysimachiae
1178 2286 1318 2322 stativa
1339 2285 1472 2322 habuit
1489 2303 1499 2332 ς

393 2358 436 2388 ut
466 2363 579 2401 quam
615 2350 778 2386 maxime
809 2348 1021 2386 recentibus
1052 2355 1090 2386 et
1128 2349 1284 2398 integris
1315 2339 1527 2400 jumentis-³
