1546 2648
70 202 114 235 U.
130 202 167 233 C.
181 206 255 232 562.

67 246 111 277 A.
124 245 162 276 C.
182 252 255 278 190.

266 107 323 149 42
702 107 748 136 T.
773 107 908 138 mvn

268 203 376 236 erant
403 196 451 235 ab
481 197 648 234 exercitu
664 213 674 244 3
707 211 913 249 caussaque
933 205 970 236 et
991 199 1022 237 is
1047 200 1127 252 ipse
1146 213 1260 239 morae
1282 205 1376 246 erat,

267 264 355 301 dum
375 269 680 312 consequeretur.

70 331 221 379 Legi-itus·
320 327 516 364 XXXIV.
545 327 618 363 Per
637 339 700 363 eos
725 326 826 363 forte
846 327 923 363 dies
949 327 1096 376 legatus
1115 328 1162 365 ab
1181 328 1378 365 Antiocho

69 374 224 457 ἓὲἓὲἓὲι
266 392 306 428 in
326 397 449 428 castra
464 396 618 428 venerat
637 391 845 439 Byzantius
867 390 1100 436 Heraclides,
1121 392 1167 429 de
1194 405 1287 443 pace
1310 392 1378 429 ad-

57 1092 158 1125 Filius
172 1091 255 1122 Afri-

56 1137 129 1167 cani
145 1137 243 1175 capti-

57 1189 118 1210 vus
135 1179 219 1218 apud

57 1222 171 1252 Antio-

57 1266 174 1297 chum.

67 2122 174 2163 Legati
191 2131 260 2151 ora-

67 2167 112 2197 tio
128 2167 166 2197 de
183 2174 272 2206 pace.

265 456 391 492 ferens
407 455 604 491 mandata:
628 466 740 503 quam
759 454 1022 504 inpetrabilem
1040 456 1136 500 fore,
1150 469 1328 505 magnam
1346 456 1381 492 ei

268 532 373 570 spem
392 518 529 555 adtulit
553 530 659 554 mora
680 523 718 553 et
736 519 929 555 cunctatio
947 518 1235 566 Romanorum,
1268 531 1378 569 quos,

267 583 379 621 simul
407 583 540 619 Asiam
572 583 810 631 adtigissent,
841 583 959 620 effuso
993 585 1144 633 agmine
1175 585 1222 620 ad
1255 591 1380 621 castra

267 648 373 696 regia
405 648 525 683 ituros
558 646 778 683 crediderat.
836 647 977 684 Statuit
1007 655 1135 685 tamen
1165 661 1245 684 non
1277 648 1380 698 prius

268 714 372 750 adire
404 712 612 756 consulem,
644 725 755 761 quam
783 712 826 749 P.
848 713 1087 763 Scipionem:
1120 720 1159 751 et
1190 715 1244 750 ita
1273 725 1382 750 man·

269 779 397 815 datum
417 777 464 814 ab
484 789 572 826 rege
591 783 672 812 erat
689 791 697 812 ι
729 777 769 812 in
789 790 834 812 eo
854 778 1058 814 maximam
1077 790 1180 828 spen]
1199 777 1381 821 habebat,

268 848 519 893 praeterquam
552 841 653 890 quod
689 848 728 877 et
759 843 981 891 magnitudo
1012 843 1129 880 animi
1158 848 1196 878 ct
1229 843 1382 879 satietas

270 906 401 956 gloriae
421 905 644 957 placabilem
664 918 748 942 eum
769 908 931 943 maxime
949 906 1114 944 faciebat
1131 923 1141 953 3
1173 914 1383 957 notumque

271 977 353 1008 erat
379 971 570 1020 gentibus,
591 971 656 1019 qui
681 972 803 1007 victor
830 971 894 1008 ille
928 973 967 1008 in
994 971 1197 1021 Hispania,
1229 972 1292 1020 qui
1319 971 1384 1007 ‹le-

271 1036 360 1071 iude
379 1036 417 1071 in
437 1035 568 1071 Africa
587 1035 743 1071 fuisset:
777 1036 890 1072 etiam
910 1036 1011 1084 quod
1034 1036 1130 1072 filius
1151 1035 1231 1085 ejus
1251 1041 1383 1085 captus

274 1100 311 1136 in
341 1106 531 1150 potestate
559 1099 657 1148 regis
687 1106 779 1136 erat.
837 1099 874 1135 Is
907 1100 984 1143 ubi,
1006 1107 1044 1136 et
1063 1100 1229 1148 quandO,
1249 1106 1288 1134 et
1309 1111 1385 1148 quo

274 1176 364 1200 casu
397 1170 528 1214 captus
559 1164 622 1206 sit,
653 1163 750 1199 sicut
782 1162 961 1214 pleraque
993 1163 1080 1207 alia,
1118 1175 1250 1214 parum
1286 1163 1386 1200 inter

273 1234 446 1265 auctores
480 1233 655 1263 constat:
689 1227 752 1263 alii
788 1228 975 1278 principio
1007 1227 1112 1271 belli,
1146 1241 1168 1264 a
1205 1227 1385 1264 Chalcide

271 1293 418 1329 Oreum
449 1297 656 1342 petentem,
688 1292 983 1328 circumventum
1013 1292 1060 1329 ab
1089 1293 1200 1341 regiis
1228 1291 1387 1328 navibus

273 1357 452 1393 tradunt:
486 1355 564 1397 alii,
601 1362 804 1406 postquam
840 1357 1042 1392 transitum
1079 1356 1117 1392 in
1151 1356 1287 1397 Asiam>
1315 1364 1386 1400 est,

275 1433 360 1458 cum
380 1427 504 1457 turma
522 1419 746 1469 Fregellana
767 1421 923 1457 missum
943 1420 1180 1471 exploratum
1209 1420 1256 1461 ad
1284 1421 1390 1469 regia

275 1493 412 1529 castra,
430 1486 548 1522 effuso
568 1485 718 1522 obviam
741 1487 926 1535 equitatu,
947 1499 1061 1535 quum
1084 1486 1267 1536 reciperet
1292 1498 1387 1528 sese,

275 1550 316 1586 in
343 1563 388 1586 eo
409 1549 600 1600 delapsum
628 1549 792 1585 tumultu
813 1562 859 1586 ex
879 1562 991 1599 equo,
1014 1562 1098 1585 cum
1119 1548 1263 1585 duobus
1284 1549 1390 1598 equi-

275 1614 378 1651 tibus
400 1614 636 1664 obpressum,
657 1614 712 1650 ita
738 1614 785 1650 ad
813 1626 941 1663 regem
968 1614 1169 1650 deductum
1189 1625 1282 1650 esse.
1337 1612 1392 1649 11-

276 1679 341 1716 lud
359 1680 450 1715 satis
471 1685 636 1722 constat,
656 1679 687 1714 si
716 1691 790 1729 pax
818 1691 902 1715 cum
932 1678 1076 1729 populo
1104 1677 1284 1714 Romano
1311 1690 1392 1714 ma-

276 1750 398 1787 neret,
418 1743 702 1793 hospitiumque
731 1743 907 1793 privatim
934 1743 1015 1791 regi
1040 1755 1125 1778 cum
1151 1741 1392 1792 Scipionibus

279 1814 391 1852 esset,
419 1820 541 1856 neque
566 1806 772 1851 liberalius,
793 1819 915 1856 neque
944 1806 1145 1855 benignius
1170 1805 1302 1842 haberi
1327 1818 1393 1842 co-

278 1873 380 1922 lique
406 1871 698 1915 adolescentem,
719 1885 831 1922 quam
859 1871 981 1908 cultus
1002 1877 1072 1914 est,
1093 1871 1272 1921 potuisse.
1331 1869 1393 1905 Ob

278 1939 360 1974 haec
380 1950 493 1988 quum
515 1937 717 1974 adventum
736 1937 779 1973 P.
801 1936 988 1987 Scipionis
1011 1935 1158 1984 legatus
1179 1940 1395 1985 exspectas-

280 2010 350 2047 set,
380 2003 445 2039 ubi
476 2003 505 2037 is
526 2002 643 2046 venit,
667 2000 862 2038 consulem
889 2000 980 2043 adit,
1010 2000 1194 2050 petitque,
1216 2004 1258 2034 ut
1285 2011 1393 2035 man-

279 2067 367 2104 data
386 2067 544 2103 audiret.

337 2131 509 2169 XXXV.
530 2131 729 2168 Advocato
746 2128 934 2178 frequenti
955 2127 1129 2171 consilio,
1149 2126 1263 2175 legati
1281 2125 1396 2163 verba

284 2202 373 2233 sunt
395 2197 533 2233 audita.
592 2196 644 2238 Is,
666 2195 788 2231 multis
806 2198 889 2230 ante
909 2192 1142 2241 legationibus
1163 2191 1398 2239 nequidquam

285 2261 383 2298 ultro
403 2263 562 2310 citroque
580 2261 624 2298 de
642 2271 733 2309 pace
750 2260 875 2303 missi-5,
896 2270 978 2295 eam
1002 2259 1118 2307 ipsam
1133 2257 1314 2306 fiduciam
1343 2257 1399 2291 in-
