1546 2648
297 160 452 189 Lmen
476 157 616 187 κων.
648 156 755 185 CAP.
781 156 973 186 xxxnr.
1105 147 1186 200 463

83 252 183 299 itus3
221 266 296 303 qua
328 253 526 290 descensus
570 249 691 287 facilis
721 251 890 293 armatis,
919 262 992 299 qua
1023 250 1064 286 in
1094 250 1189 287 ulte·
1201 255 1243 287 U.
1261 255 1298 285 C.
1317 260 1391 286 ⁵⁸4.

84 317 223 354 riorem
248 318 366 368 ripam
385 317 540 353 minime
559 316 709 365 iniquus
730 315 931 351 adscensus
952 320 1061 352 esset.
1118 314 1192 352 His
1202 301 1240 330 A·
1257 299 1295 331 C·
1312 302 1387 329 ³⁶*

85 382 177 418 satis
198 381 416 432 exploratis,
447 380 514 417 illa
541 392 692 429 quoque
719 380 896 430 primum,
928 386 970 415 ut
998 379 1130 416 ordine
1149 393 1193 417 ac

85 446 165 482 sine
183 445 348 482 tumultu
367 446 496 482 omnia
514 445 554 481 in
573 444 725 493 agmine
744 444 791 481 ad
815 450 949 480 nutum
975 444 1194 494 imperium·

84 521 157 558 que
189 509 292 546 ducis
331 510 477 552 fierent,
515 509 692 559 providit.
760 507 838 544 Ubi
873 507 1050 544 omnibus
1085 508 1198 544 simul

83 573 412 623 pronunciaretur‚
444 573 546 623 quod
573 572 694 615 fieret,
727 584 850 621 neque
880 583 1010 608 omnes
1040 572 1195 608 exaudi-

83 644 192 682 rent3
218 638 364 674 incerto
383 638 544 688 imperio
564 642 735 686 accepto,
757 635 866 679 alios,
888 635 935 672 ab
955 648 994 672 se
1014 635 1197 686 adjicien-

84 706 156 744 tes,
172 700 255 751 plus
275 715 335 745 eo,
356 702 458 751 quod
478 702 702 752 imperatum
721 701 785 743 sit,
802 699 895 736 alios
911 700 1033 736 minus
1049 699 1193 736 facere:

87 765 269 802 clamores
306 767 441 803 deinde
474 767 646 802 dissonos
686 765 778 802 oriri
812 764 986 802 omnibus
1022 765 1130 809 locis,
1161 771 1201 802 et

86 829 189 880 prius
208 830 352 874 hostes,
379 843 490 879 quam
512 831 628 880 ipsos,
657 830 746 879 quid
771 837 940 880 paretur,
961 830 1070 866 scire.
1110 829 1200 867 Pla-

89 906 173 930 cere
203 895 332 943 igitur,
362 895 557 931 tribunum
583 894 747 931 militum
777 895 901 945 primo
930 894 1008 945 pilo
1037 894 1200 943 legionis

88 966 274 995 secretum
294 959 404 995 edere
433 959 655 1010 imperium:
688 959 809 1002 illum,
840 965 878 995 et
909 959 995 995 dein
1017 958 1201 1008 singuloe,

87 1023 264 1072 proximo
293 1023 428 1072 cuique
459 1024 498 1059 in
531 1023 664 1059 ordine
697 1023 913 1059 centurioni
946 1022 1084 1066 dicere,
1115 1022 1204 1072 quid

92 1098 187 1136 opus
213 1086 317 1123 facto
338 1088 414 1133 sit3
445 1088 525 1124 sive
543 1101 566 1124 a
583 1088 714 1138 primis
735 1087 852 1136 signis
881 1087 930 1124 ad
956 1087 1205 1123 novissimum

91 1162 242 1198 agmen,
262 1151 340 1188 sive
359 1151 406 1188 ab
427 1153 604 1188 extremis
624 1152 672 1188 ad
690 1152 832 1202 primos
849 1150 1112 1202 perferendum
1131 1151 1204 1187 im-

90 1214 237 1264 perium
255 1215 317 1252 sit.
373 1215 517 1264 Vigiles
545 1216 658 1251 etiam
678 1228 778 1251 novo
797 1228 903 1252 more
921 1220 1071 1251 scutum
1090 1215 1129 1250 in
1148 1214 1205 1250 vi-

92 1277 222 1327 giliam
250 1279 349 1316 ferre
377 1280 523 1316 vetuit:
554 1293 633 1316 non
663 1281 762 1316 enim
787 1280 827 1316 in
856 1291 1023 1330 pugnam
1052 1277 1207 1328 vigilem

92 1344 161 1388 ire,
182 1351 224 1381 ut
246 1346 358 1382 armis
388 1351 530 1389 utatur,
564 1347 630 1383 sed
654 1346 701 1382 ad
726 1346 973 1395 vigilandum,
1001 1353 1056 1389 ut,
1090 1358 1208 1395 quum

94 1409 255 1445 senserit
280 1409 449 1447 hostium
474 1410 691 1454 adventum,
720 1410 881 1460 recipiat
909 1422 963 1453 se,
991 1409 1207 1458 excitetque

96 1472 144 1509 ad
163 1486 267 1510 arma
286 1474 393 1512 alios.
449 1475 566 1511 Scuto
586 1487 662 1526 prae
682 1487 721 1511 se
742 1480 869 1511 erecto
886 1484 986 1510 stare
1006 1473 1178 1523 galeatos
1195 1487 1203 1509 :

97 1536 231 1574 deinde
251 1537 315 1574 ubi
332 1538 424 1575 fessi
442 1539 533 1582 sint,
553 1540 697 1575 inuisos
720 1539 814 1590 pilo,
836 1539 959 1589 capite
978 1550 1091 1589 super
1107 1550 1209 1575 mar-
1224 1554 1231 1559 s

98 1601 226 1649 ginem
258 1603 356 1637 scuti
386 1603 528 1652 posito,
563 1604 708 1653 sopitos
741 1609 868 1639 stare:
900 1609 943 1638 ut
974 1601 1208 1652 fulgentibus

99 1665 212 1701 armis
239 1666 374 1716 procul
403 1668 572 1718 conspici
605 1667 652 1704 ab
680 1667 792 1703 hoste
822 1667 984 1717 possint,
1013 1667 1087 1717 ipsi
1113 1665 1212 1703 nihil

97 1730 333 1780 provideant.
403 1732 621 1768 Stationum
658 1744 807 1781 quoque
844 1744 988 1768 morem
1023 1731 1208 1768 mutavit:

99 1800 234 1835 armati
253 1812 398 1844 omnes,
420 1807 458 1837 et
476 1801 633 1838 frenatis
655 1802 758 1851 equis
780 1802 938 1851 equites,
968 1801 1067 1837 diem
1087 1808 1214 1837 totum

98 1863 320 1914 perstabant
338 1879 346 1901 :
378 1866 417 1902 id
435 1879 551 1915 quum
571 1867 708 1902 aestivis
729 1866 875 1910 diebus,
896 1873 1030 1902 urente
1054 1864 1213 1902 adsiduo

99 1925 194 1970 sole,
231 1927 350 1972 fieret,
386 1935 445 1965 tot
474 1930 656 1966 horarum
695 1937 788 1966 aestu
822 1937 860 1966 et
896 1929 1079 1977 languore
1109 1929 1213 1978 ipsos

101 2002 294 2040 equosque
311 1991 431 2028 fessos
448 1993 589 2041 integri
609 2006 707 2044 saepe
721 1993 846 2029 adorti
864 1994 1009 2036 hostes,
1024 1991 1084 2028 vel
1102 1991 1216 2042 pauci

101 2054 227 2106 plures
262 2056 477 2094 vexabant:
509 2058 638 2106 itaque
672 2070 718 2093 ex
749 2057 938 2093 matutina
969 2055 1136 2092 statione
1169 2055 1217 2091 ad

103 2119 298 2155 meridiem
329 2120 472 2165 decedi,
506 2126 546 2157 et
576 2121 616 2157 in
648 2121 983 2171 postmeridianam
1016 2118 1217 2156 succedere

105 2180 200 2218 alios
224 2181 365 2232 jussit:
397 2183 451 2220 ita
479 2196 686 2234 numquam
717 2183 900 2234 fatigatos
934 2195 1064 2221 recens
1093 2182 1215 2220 hostis

105 2245 258 2295 adgredi
277 2251 439 2296 poterat.

610 2313 694 2349 X4
