<?xml version="1.0" encoding="UTF-8"?>
<!DOCTYPE html PUBLIC "-//W3C//DTD XHTML 1.0 Transitional//EN"
    "http://www.w3.org/TR/xhtml1/DTD/xhtml1-transitional.dtd">
<html xmlns="http://www.w3.org/1999/xhtml" xml:lang="en" lang="en">
 <head>
  <title>
</title>
<meta http-equiv="Content-Type" content="text/html;charset=utf-8" />
  <meta name='ocr-system' content='tesseract 3.04.00' />
  <meta name='ocr-capabilities' content='ocr_page ocr_carea ocr_par ocr_line ocrx_word'/>
</head>
<body>
  <div class='ocr_page' id='page_1' title='image "./historiarumquaes04livyuoft/historiarumquaes04livyuoft_0066.png"; bbox 0 0 1546 2648; ppageno 0'>
   <div class='ocr_carea' id='block_1_1' title="bbox 293 166 954 221">
    <p class='ocr_par' dir='ltr' id='par_1_1' title="bbox 293 166 954 221">
     <span class='ocr_line' id='line_1_1' title="bbox 293 166 954 221; baseline 0.005 -14"><span class='ocrx_word' id='word_1_1' title='bbox 293 166 351 220; x_wconf 83' lang='lat'>56</span> <span class='ocrx_word' id='word_1_2' title='bbox 459 213 464 220; x_wconf 20' lang='grc' dir='ltr'><strong>Α</strong></span> <span class='ocrx_word' id='word_1_3' title='bbox 753 181 800 208; x_wconf 73' lang='grc' dir='ltr'>Τ.</span> <span class='ocrx_word' id='word_1_4' title='bbox 824 181 954 221; x_wconf 51' lang='lat' dir='ltr'>141v11</span> 
     </span>
    </p>
   </div>
   <div class='ocr_carea' id='block_1_2' title="bbox 82 265 1416 1599">
    <p class='ocr_par' dir='ltr' id='par_1_2' title="bbox 82 265 1416 1599">
     <span class='ocr_line' id='line_1_2' title="bbox 103 265 1406 318; baseline 0.007 -21"><span class='ocrx_word' id='word_1_5' title='bbox 103 267 144 299; x_wconf 87' lang='lat' dir='ltr'>U.</span> <span class='ocrx_word' id='word_1_6' title='bbox 157 269 193 298; x_wconf 95' lang='lat' dir='ltr'>C.</span> <span class='ocrx_word' id='word_1_7' title='bbox 212 275 285 300; x_wconf 75' lang='lat'>562.</span> <span class='ocrx_word' id='word_1_8' title='bbox 351 265 498 303; x_wconf 89' lang='lat' dir='ltr'><strong>XLVI.</strong></span> <span class='ocrx_word' id='word_1_9' title='bbox 527 266 630 303; x_wconf 88' lang='lat' dir='ltr'>Dum</span> <span class='ocrx_word' id='word_1_10' title='bbox 650 269 730 305; x_wconf 80' lang='lat' dir='ltr'>haec</span> <span class='ocrx_word' id='word_1_11' title='bbox 750 270 790 305; x_wconf 88' lang='lat' dir='ltr'>in</span> <span class='ocrx_word' id='word_1_12' title='bbox 808 270 901 305; x_wconf 84' lang='lat' dir='ltr'>Asia</span> <span class='ocrx_word' id='word_1_13' title='bbox 924 275 1119 318; x_wconf 83' lang='lat' dir='ltr'>geruntur,</span> <span class='ocrx_word' id='word_1_14' title='bbox 1140 269 1215 306; x_wconf 85' lang='lat' dir='ltr'>duo</span> <span class='ocrx_word' id='word_1_15' title='bbox 1234 269 1312 306; x_wconf 85' lang='lat' dir='ltr'>fere</span> <span class='ocrx_word' id='word_1_16' title='bbox 1336 267 1406 306; x_wconf 80' lang='lat' dir='ltr'>sub</span> 
     </span>
     <span class='ocr_line' id='line_1_3' title="bbox 103 312 1407 383; baseline 0.003 -18"><span class='ocrx_word' id='word_1_17' title='bbox 103 312 194 342; x_wconf 59' lang='lat' dir='ltr'>A&#39;C&#39;</span> <span class='ocrx_word' id='word_1_18' title='bbox 214 319 286 344; x_wconf 72' lang='lat'>¹⁹⁰·</span> <span class='ocrx_word' id='word_1_19' title='bbox 299 330 396 366; x_wconf 87' lang='lat' dir='ltr'>idem</span> <span class='ocrx_word' id='word_1_20' title='bbox 417 337 564 381; x_wconf 87' lang='lat' dir='ltr'>tempus</span> <span class='ocrx_word' id='word_1_21' title='bbox 585 346 668 369; x_wconf 89' lang='lat' dir='ltr'>cum</span> <span class='ocrx_word' id='word_1_22' title='bbox 688 333 867 383; x_wconf 83' lang='lat' dir='ltr'>triumphi</span> <span class='ocrx_word' id='word_1_23' title='bbox 895 346 961 383; x_wconf 86' lang='lat' dir='ltr'>spe</span> <span class='ocrx_word' id='word_1_24' title='bbox 986 333 1231 383; x_wconf 86' lang='lat' dir='ltr'>proconsules</span> <span class='ocrx_word' id='word_1_25' title='bbox 1252 333 1296 369; x_wconf 90' lang='lat' dir='ltr'>de</span> <span class='ocrx_word' id='word_1_26' title='bbox 1317 346 1407 383; x_wconf 83' lang='lat' dir='ltr'>pro·</span> 
     </span>
     <span class='ocr_line' id='line_1_4' title="bbox 299 395 1408 446; baseline 0.002 -16"><span class='ocrx_word' id='word_1_27' title='bbox 299 395 432 431; x_wconf 90' lang='lat' dir='ltr'>vinciis</span> <span class='ocrx_word' id='word_1_28' title='bbox 459 395 624 432; x_wconf 85' lang='lat' dir='ltr'>Romam</span> <span class='ocrx_word' id='word_1_29' title='bbox 653 397 869 442; x_wconf 68' lang='lat' dir='ltr'>redierunt,</span> <span class='ocrx_word' id='word_1_30' title='bbox 902 397 950 436; x_wconf 89' lang='lat' dir='ltr'>Q.</span> <span class='ocrx_word' id='word_1_31' title='bbox 970 397 1164 433; x_wconf 89' lang='lat' dir='ltr'>Minucius</span> <span class='ocrx_word' id='word_1_32' title='bbox 1185 410 1231 434; x_wconf 86' lang='lat' dir='ltr'>ex</span> <span class='ocrx_word' id='word_1_33' title='bbox 1253 397 1408 446; x_wconf 85' lang='lat' dir='ltr'>Liguri-</span> 
     </span>
     <span class='ocr_line' id='line_1_5' title="bbox 299 457 1408 509; baseline 0.002 -15"><span class='ocrx_word' id='word_1_34' title='bbox 299 457 383 500; x_wconf 85' lang='lat' dir='ltr'>bus,</span> <span class='ocrx_word' id='word_1_35' title='bbox 403 458 630 495; x_wconf 84' lang='lat' dir='ltr'>M&#39;.Acilius</span> <span class='ocrx_word' id='word_1_36' title='bbox 651 472 694 496; x_wconf 70' lang='lat' dir='ltr'>ex</span> <span class='ocrx_word' id='word_1_37' title='bbox 711 459 871 496; x_wconf 85' lang='lat' dir='ltr'>AEtolia.</span> <span class='ocrx_word' id='word_1_38' title='bbox 914 461 1063 496; x_wconf 82' lang='lat' dir='ltr'>Auditis</span> <span class='ocrx_word' id='word_1_39' title='bbox 1085 461 1278 509; x_wconf 89' lang='lat' dir='ltr'>utriusque</span> <span class='ocrx_word' id='word_1_40' title='bbox 1297 460 1408 496; x_wconf 83' lang='lat' dir='ltr'>rebus</span> 
     </span>
     <span class='ocr_line' id='line_1_6' title="bbox 300 522 1407 574; baseline 0.003 -17"><span class='ocrx_word' id='word_1_41' title='bbox 300 523 430 569; x_wconf 83' lang='lat' dir='ltr'>gestis,</span> <span class='ocrx_word' id='word_1_42' title='bbox 463 522 639 559; x_wconf 86' lang='lat' dir='ltr'>Minucio</span> <span class='ocrx_word' id='word_1_43' title='bbox 668 530 826 571; x_wconf 71' lang='lat' dir='ltr'>neg-&lt;itus</span> <span class='ocrx_word' id='word_1_44' title='bbox 855 524 1082 574; x_wconf 79' lang='lat' dir='ltr'>triumphus,</span> <span class='ocrx_word' id='word_1_45' title='bbox 1111 524 1238 560; x_wconf 87' lang='lat' dir='ltr'>Acilio</span> <span class='ocrx_word' id='word_1_46' title='bbox 1266 536 1407 572; x_wconf 83' lang='lat' dir='ltr'>magno</span> 
     </span>
     <span class='ocr_line' id='line_1_7' title="bbox 301 587 1409 637; baseline 0.003 -16"><span class='ocrx_word' id='word_1_47' title='bbox 301 598 487 622; x_wconf 87' lang='lat' dir='ltr'>consensu</span> <span class='ocrx_word' id='word_1_48' title='bbox 514 587 709 622; x_wconf 82' lang='lat' dir='ltr'>decretus:</span> <span class='ocrx_word' id='word_1_49' title='bbox 748 588 854 636; x_wconf 89' lang='lat' dir='ltr'>isque</span> <span class='ocrx_word' id='word_1_50' title='bbox 879 588 1116 637; x_wconf 81' lang='lat' dir='ltr'>triumphans</span> <span class='ocrx_word' id='word_1_51' title='bbox 1143 588 1188 624; x_wconf 81' lang='lat' dir='ltr'>(le</span> <span class='ocrx_word' id='word_1_52' title='bbox 1213 601 1301 636; x_wconf 89' lang='lat' dir='ltr'>rege</span> <span class='ocrx_word' id='word_1_53' title='bbox 1326 588 1409 624; x_wconf 84' lang='lat' dir='ltr'>An-</span> 
     </span>
     <span class='ocr_line' id='line_1_8' title="bbox 82 646 1408 722; baseline 0.002 -36"><span class='ocrx_word' id='word_1_54' title='bbox 82 646 288 722; x_wconf 44' lang='grc' dir='ltr'>ἔέᾏιὲξὲὲῖῐ</span> <span class='ocrx_word' id='word_1_55' title='bbox 300 651 431 687; x_wconf 86' lang='lat' dir='ltr'>tiocho</span> <span class='ocrx_word' id='word_1_56' title='bbox 451 658 487 688; x_wconf 91' lang='lat' dir='ltr'>et</span> <span class='ocrx_word' id='word_1_57' title='bbox 506 651 649 688; x_wconf 65' lang='lat' dir='ltr'>,Etolis</span> <span class='ocrx_word' id='word_1_58' title='bbox 671 651 801 687; x_wconf 89' lang='lat' dir='ltr'>urbem</span> <span class='ocrx_word' id='word_1_59' title='bbox 821 659 876 688; x_wconf 86' lang='lat' dir='ltr'>est</span> <span class='ocrx_word' id='word_1_60' title='bbox 898 653 1078 689; x_wconf 87' lang='lat' dir='ltr'>invectus.</span> <span class='ocrx_word' id='word_1_61' title='bbox 1134 652 1297 689; x_wconf 86' lang='lat' dir='ltr'>Praelata</span> <span class='ocrx_word' id='word_1_62' title='bbox 1319 658 1408 688; x_wconf 90' lang='lat' dir='ltr'>sunt</span> 
     </span>
     <span class='ocr_line' id='line_1_9' title="bbox 85 715 1409 773; baseline 0.002 -23"><span class='ocrx_word' id='word_1_63' title='bbox 85 715 274 773; x_wconf 62' lang='lat' dir='ltr'>triumphat.</span> <span class='ocrx_word' id='word_1_64' title='bbox 301 715 338 750; x_wconf 91' lang='lat' dir='ltr'>in</span> <span class='ocrx_word' id='word_1_65' title='bbox 360 727 405 750; x_wconf 91' lang='lat' dir='ltr'>eo</span> <span class='ocrx_word' id='word_1_66' title='bbox 425 716 617 765; x_wconf 86' lang='lat' dir='ltr'>triumpho</span> <span class='ocrx_word' id='word_1_67' title='bbox 636 716 742 764; x_wconf 80' lang='lat' dir='ltr'>signa</span> <span class='ocrx_word' id='word_1_68' title='bbox 766 716 944 752; x_wconf 80' lang='lat' dir='ltr'>militaria</span> <span class='ocrx_word' id='word_1_69' title='bbox 969 717 1132 753; x_wconf 83' lang='lat' dir='ltr'>ducenta</span> <span class='ocrx_word' id='word_1_70' title='bbox 1156 717 1313 765; x_wconf 82' lang='lat' dir='ltr'>triginta</span> <span class='ocrx_word' id='word_1_71' title='bbox 1324 718 1337 752; x_wconf 75' lang='lat'>&#39;:</span> <span class='ocrx_word' id='word_1_72' title='bbox 1371 722 1409 752; x_wconf 89' lang='lat' dir='ltr'>et</span> 
     </span>
     <span class='ocr_line' id='line_1_10' title="bbox 302 778 1411 830; baseline 0.001 -17"><span class='ocrx_word' id='word_1_73' title='bbox 302 779 449 826; x_wconf 80' lang='lat' dir='ltr'>argenti</span> <span class='ocrx_word' id='word_1_74' title='bbox 487 778 618 815; x_wconf 85' lang='lat' dir='ltr'>infecti</span> <span class='ocrx_word' id='word_1_75' title='bbox 653 780 728 815; x_wconf 78' lang='lat' dir='ltr'>tria</span> <span class='ocrx_word' id='word_1_76' title='bbox 763 779 881 815; x_wconf 86' lang='lat' dir='ltr'>millia</span> <span class='ocrx_word' id='word_1_77' title='bbox 917 780 1070 830; x_wconf 80' lang='lat' dir='ltr'>pond03</span> <span class='ocrx_word' id='word_1_78' title='bbox 1116 779 1256 828; x_wconf 84' lang='lat' dir='ltr'>signati</span> <span class='ocrx_word' id='word_1_79' title='bbox 1291 785 1411 815; x_wconf 89' lang='lat' dir='ltr'>tetra-</span> 
     </span>
     <span class='ocr_line' id='line_1_11' title="bbox 299 842 1408 886; baseline 0.002 -9"><span class='ocrx_word' id='word_1_80' title='bbox 299 842 522 878; x_wconf 64' lang='lat' dir='ltr'>drachmum</span> <span class='ocrx_word' id='word_1_81' title='bbox 549 842 722 879; x_wconf 72' lang='lat' dir='ltr'>Atticum</span> <span class='ocrx_word' id='word_1_82' title='bbox 752 850 901 879; x_wconf 87' lang='lat' dir='ltr'>centum</span> <span class='ocrx_word' id='word_1_83' title='bbox 932 844 1111 879; x_wconf 82' lang='lat' dir='ltr'>tredecim</span> <span class='ocrx_word' id='word_1_84' title='bbox 1140 843 1272 886; x_wconf 81' lang='lat' dir='ltr'>millia,</span> <span class='ocrx_word' id='word_1_85' title='bbox 1293 844 1408 879; x_wconf 87' lang='lat' dir='ltr'>cisto·</span> 
     </span>
     <span class='ocr_line' id='line_1_12' title="bbox 300 906 1411 957; baseline 0.001 -15"><span class='ocrx_word' id='word_1_86' title='bbox 300 906 462 957; x_wconf 73' lang='lat' dir='ltr'>phorum</span> <span class='ocrx_word' id='word_1_87' title='bbox 493 908 655 944; x_wconf 81' lang='lat' dir='ltr'>ducenta</span> <span class='ocrx_word' id='word_1_88' title='bbox 684 908 935 957; x_wconf 82' lang='lat' dir='ltr'>quadraginta</span> <span class='ocrx_word' id='word_1_89' title='bbox 964 915 1076 944; x_wconf 91' lang='lat' dir='ltr'>octo:</span> <span class='ocrx_word' id='word_1_90' title='bbox 1115 920 1202 944; x_wconf 79' lang='lat' dir='ltr'>vasa</span> <span class='ocrx_word' id='word_1_91' title='bbox 1230 914 1411 956; x_wconf 80' lang='lat' dir='ltr'>argentea</span> 
     </span>
     <span class='ocr_line' id='line_1_13' title="bbox 301 969 1410 1021; baseline 0.001 -15"><span class='ocrx_word' id='word_1_92' title='bbox 301 969 432 1006; x_wconf 66' lang='lat' dir='ltr'>caelata</span> <span class='ocrx_word' id='word_1_93' title='bbox 451 971 583 1014; x_wconf 79' lang='lat' dir='ltr'>multa,</span> <span class='ocrx_word' id='word_1_94' title='bbox 600 972 801 1021; x_wconf 78' lang='lat' dir='ltr'>magnique</span> <span class='ocrx_word' id='word_1_95' title='bbox 820 971 1008 1021; x_wconf 82' lang='lat' dir='ltr'>ponderis.</span> <span class='ocrx_word' id='word_1_96' title='bbox 1044 971 1151 1007; x_wconf 85' lang='lat' dir='ltr'>Tulit</span> <span class='ocrx_word' id='word_1_97' title='bbox 1170 978 1207 1006; x_wconf 85' lang='lat' dir='ltr'>et</span> <span class='ocrx_word' id='word_1_98' title='bbox 1226 970 1410 1020; x_wconf 86' lang='lat' dir='ltr'>supellec-</span> 
     </span>
     <span class='ocr_line' id='line_1_14' title="bbox 301 1033 1406 1084; baseline 0.001 -15"><span class='ocrx_word' id='word_1_99' title='bbox 301 1033 405 1070; x_wconf 82' lang='lat' dir='ltr'>tilem</span> <span class='ocrx_word' id='word_1_100' title='bbox 442 1036 585 1083; x_wconf 83' lang='lat' dir='ltr'>regiam</span> <span class='ocrx_word' id='word_1_101' title='bbox 622 1043 854 1084; x_wconf 82' lang='lat' dir='ltr'>argenteam,</span> <span class='ocrx_word' id='word_1_102' title='bbox 889 1049 932 1071; x_wconf 84' lang='lat' dir='ltr'>ac</span> <span class='ocrx_word' id='word_1_103' title='bbox 966 1042 1107 1072; x_wconf 81' lang='lat' dir='ltr'>restem</span> <span class='ocrx_word' id='word_1_104' title='bbox 1144 1035 1406 1084; x_wconf 83' lang='lat' dir='ltr'>maguificam3</span> 
     </span>
     <span class='ocr_line' id='line_1_15' title="bbox 302 1099 1410 1148; baseline 0.001 -14"><span class='ocrx_word' id='word_1_105' title='bbox 302 1111 461 1135; x_wconf 86' lang='lat' dir='ltr'>coronas</span> <span class='ocrx_word' id='word_1_106' title='bbox 492 1113 637 1143; x_wconf 81' lang='lat' dir='ltr'>aureas,</span> <span class='ocrx_word' id='word_1_107' title='bbox 659 1100 758 1136; x_wconf 83' lang='lat' dir='ltr'>dona</span> <span class='ocrx_word' id='word_1_108' title='bbox 787 1101 975 1136; x_wconf 83' lang='lat' dir='ltr'>sociarum</span> <span class='ocrx_word' id='word_1_109' title='bbox 1004 1101 1229 1142; x_wconf 72' lang='lat' dir='ltr'>civitatium,</span> <span class='ocrx_word' id='word_1_110' title='bbox 1251 1099 1410 1148; x_wconf 83' lang='lat' dir='ltr'>quadra-</span> 
     </span>
     <span class='ocr_line' id='line_1_16' title="bbox 301 1163 1411 1215; baseline -0.002 -16"><span class='ocrx_word' id='word_1_111' title='bbox 301 1165 410 1212; x_wconf 88' lang='lat' dir='ltr'>ginta</span> <span class='ocrx_word' id='word_1_112' title='bbox 428 1166 616 1214; x_wconf 78' lang='lat' dir='ltr'>quinque5</span> <span class='ocrx_word' id='word_1_113' title='bbox 650 1166 770 1215; x_wconf 81' lang='lat' dir='ltr'>spolia</span> <span class='ocrx_word' id='word_1_114' title='bbox 790 1166 912 1202; x_wconf 87' lang='lat' dir='ltr'>omnis</span> <span class='ocrx_word' id='word_1_115' title='bbox 939 1165 1110 1214; x_wconf 83' lang='lat' dir='ltr'>generis:</span> <span class='ocrx_word' id='word_1_116' title='bbox 1144 1163 1312 1213; x_wconf 84' lang='lat' dir='ltr'>captivos</span> <span class='ocrx_word' id='word_1_117' title='bbox 1339 1175 1411 1198; x_wconf 86' lang='lat' dir='ltr'>no·</span> 
     </span>
     <span class='ocr_line' id='line_1_17' title="bbox 300 1225 1414 1278; baseline -0.001 -14"><span class='ocrx_word' id='word_1_118' title='bbox 300 1228 411 1273; x_wconf 87' lang='lat' dir='ltr'>biles,</span> <span class='ocrx_word' id='word_1_119' title='bbox 432 1229 587 1264; x_wconf 84' lang='lat' dir='ltr'>AEtolos</span> <span class='ocrx_word' id='word_1_120' title='bbox 615 1236 652 1265; x_wconf 85' lang='lat' dir='ltr'>et</span> <span class='ocrx_word' id='word_1_121' title='bbox 680 1229 803 1278; x_wconf 83' lang='lat' dir='ltr'>regios</span> <span class='ocrx_word' id='word_1_122' title='bbox 824 1229 949 1271; x_wconf 88' lang='lat' dir='ltr'>duces,</span> <span class='ocrx_word' id='word_1_123' title='bbox 971 1241 1036 1264; x_wconf 77' lang='lat' dir='ltr'>sex</span> <span class='ocrx_word' id='word_1_124' title='bbox 1056 1234 1093 1263; x_wconf 88' lang='lat' dir='ltr'>et</span> <span class='ocrx_word' id='word_1_125' title='bbox 1118 1227 1274 1275; x_wconf 77' lang='lat' dir='ltr'>triginta</span> <span class='ocrx_word' id='word_1_126' title='bbox 1292 1225 1414 1263; x_wconf 77' lang='lat' dir='ltr'>duxit.</span> 
     </span>
     <span class='ocr_line' id='line_1_18' title="bbox 302 1291 1412 1342; baseline -0.003 -12"><span class='ocrx_word' id='word_1_127' title='bbox 302 1293 547 1331; x_wconf 82' lang='lat' dir='ltr'>Damocritus</span> <span class='ocrx_word' id='word_1_128' title='bbox 568 1293 787 1330; x_wconf 79' lang='lat' dir='ltr'>AEtolorum</span> <span class='ocrx_word' id='word_1_129' title='bbox 809 1293 883 1329; x_wconf 87' lang='lat' dir='ltr'>‹lux</span> <span class='ocrx_word' id='word_1_130' title='bbox 910 1304 1049 1342; x_wconf 84' lang='lat' dir='ltr'>paucos</span> <span class='ocrx_word' id='word_1_131' title='bbox 1071 1298 1158 1327; x_wconf 86' lang='lat' dir='ltr'>ante</span> <span class='ocrx_word' id='word_1_132' title='bbox 1185 1291 1275 1333; x_wconf 89' lang='lat' dir='ltr'>dies,</span> <span class='ocrx_word' id='word_1_133' title='bbox 1296 1303 1412 1339; x_wconf 91' lang='lat' dir='ltr'>quum</span> 
     </span>
     <span class='ocr_line' id='line_1_19' title="bbox 303 1354 1412 1406; baseline -0.005 -11"><span class='ocrx_word' id='word_1_134' title='bbox 303 1371 324 1394; x_wconf 91' lang='lat' dir='ltr'>e</span> <span class='ocrx_word' id='word_1_135' title='bbox 344 1371 492 1395; x_wconf 82' lang='lat' dir='ltr'>carcere</span> <span class='ocrx_word' id='word_1_136' title='bbox 511 1364 624 1394; x_wconf 89' lang='lat' dir='ltr'>nocte</span> <span class='ocrx_word' id='word_1_137' title='bbox 644 1357 849 1406; x_wconf 82' lang='lat' dir='ltr'>effugisset,</span> <span class='ocrx_word' id='word_1_138' title='bbox 870 1357 907 1392; x_wconf 89' lang='lat' dir='ltr'>in</span> <span class='ocrx_word' id='word_1_139' title='bbox 929 1358 1010 1406; x_wconf 80' lang='lat' dir='ltr'>ripa</span> <span class='ocrx_word' id='word_1_140' title='bbox 1028 1355 1176 1391; x_wconf 88' lang='lat' dir='ltr'>Tiberis</span> <span class='ocrx_word' id='word_1_141' title='bbox 1198 1354 1412 1391; x_wconf 80' lang='lat' dir='ltr'>consecutis</span> 
     </span>
     <span class='ocr_line' id='line_1_20' title="bbox 303 1417 1412 1472; baseline -0.005 -14"><span class='ocrx_word' id='word_1_142' title='bbox 303 1422 538 1466; x_wconf 81' lang='lat' dir='ltr'>custodibus,</span> <span class='ocrx_word' id='word_1_143' title='bbox 558 1423 774 1472; x_wconf 83' lang='lat' dir='ltr'>priusquam</span> <span class='ocrx_word' id='word_1_144' title='bbox 805 1419 1199 1471; x_wconf 79' lang='lat' dir='ltr'>comprehenderetur,</span> <span class='ocrx_word' id='word_1_145' title='bbox 1221 1417 1346 1467; x_wconf 87' lang='lat' dir='ltr'>gladio</span> <span class='ocrx_word' id='word_1_146' title='bbox 1371 1430 1412 1453; x_wconf 87' lang='lat' dir='ltr'>se</span> 
     </span>
     <span class='ocr_line' id='line_1_21' title="bbox 301 1481 1412 1533; baseline -0.005 -11"><span class='ocrx_word' id='word_1_147' title='bbox 301 1486 504 1523; x_wconf 76' lang='lat' dir='ltr'>transfixit.</span> <span class='ocrx_word' id='word_1_148' title='bbox 550 1486 695 1522; x_wconf 82' lang='lat' dir='ltr'>Milites</span> <span class='ocrx_word' id='word_1_149' title='bbox 715 1491 879 1528; x_wconf 83' lang='lat' dir='ltr'>tantum,</span> <span class='ocrx_word' id='word_1_150' title='bbox 899 1485 963 1533; x_wconf 88' lang='lat' dir='ltr'>qui</span> <span class='ocrx_word' id='word_1_151' title='bbox 983 1481 1234 1533; x_wconf 48' lang='lat' dir='ltr'>sequerentur*</span> <span class='ocrx_word' id='word_1_152' title='bbox 1247 1494 1412 1525; x_wconf 89' lang='lat' dir='ltr'>currum,</span> 
     </span>
     <span class='ocr_line' id='line_1_22' title="bbox 302 1546 1416 1599; baseline -0.005 -12"><span class='ocrx_word' id='word_1_153' title='bbox 302 1550 525 1587; x_wconf 87' lang='lat' dir='ltr'>defuerunt:</span> <span class='ocrx_word' id='word_1_154' title='bbox 559 1550 699 1599; x_wconf 85' lang='lat' dir='ltr'>alioqui</span> <span class='ocrx_word' id='word_1_155' title='bbox 723 1549 944 1598; x_wconf 84' lang='lat' dir='ltr'>magnificus</span> <span class='ocrx_word' id='word_1_156' title='bbox 966 1554 1003 1583; x_wconf 87' lang='lat' dir='ltr'>et</span> <span class='ocrx_word' id='word_1_157' title='bbox 1023 1546 1237 1597; x_wconf 80' lang='lat' dir='ltr'>spectaculo</span> <span class='ocrx_word' id='word_1_158' title='bbox 1258 1553 1296 1582; x_wconf 87' lang='lat' dir='ltr'>et</span> <span class='ocrx_word' id='word_1_159' title='bbox 1313 1546 1416 1582; x_wconf 82' lang='lat' dir='ltr'>fama</span> 
     </span>
    </p>
   </div>
   <div class='ocr_carea' id='block_1_3' title="bbox 85 1610 1415 1792">
    <p class='ocr_par' dir='ltr' id='par_1_3' title="bbox 85 1610 1415 1792">
     <span class='ocr_line' id='line_1_23' title="bbox 87 1610 1413 1669; baseline -0.004 -19"><span class='ocrx_word' id='word_1_160' title='bbox 87 1619 244 1669; x_wconf 62' lang='lat' dir='ltr'>AEmilius</span> <span class='ocrx_word' id='word_1_161' title='bbox 303 1627 426 1651; x_wconf 84' lang='lat' dir='ltr'>rerum</span> <span class='ocrx_word' id='word_1_162' title='bbox 445 1615 658 1665; x_wconf 86' lang='lat' dir='ltr'>triumphus</span> <span class='ocrx_word' id='word_1_163' title='bbox 678 1614 763 1651; x_wconf 83' lang='lat' dir='ltr'>fuit.</span> <span class='ocrx_word' id='word_1_164' title='bbox 820 1612 946 1663; x_wconf 86' lang='lat' dir='ltr'>Hujus</span> <span class='ocrx_word' id='word_1_165' title='bbox 968 1611 1148 1661; x_wconf 88' lang='lat' dir='ltr'>triumphi</span> <span class='ocrx_word' id='word_1_166' title='bbox 1165 1611 1301 1647; x_wconf 89' lang='lat' dir='ltr'>minuit</span> <span class='ocrx_word' id='word_1_167' title='bbox 1316 1610 1413 1646; x_wconf 79' lang='lat' dir='ltr'>laeti-</span> 
     </span>
     <span class='ocr_line' id='line_1_24' title="bbox 86 1662 270 1745; baseline 0.011 -9"><span class='ocrx_word' id='word_1_168' title='bbox 86 1662 270 1745; x_wconf 44' lang='lat' dir='ltr'>{ruffin</span> 
     </span>
     <span class='ocr_line' id='line_1_25' title="bbox 85 1739 1415 1792; baseline -0.004 -13"><span class='ocrx_word' id='word_1_169' title='bbox 85 1749 205 1782; x_wconf 76' lang='lat' dir='ltr'>victus.</span> <span class='ocrx_word' id='word_1_170' title='bbox 305 1744 538 1787; x_wconf 66' lang='lat' dir='ltr'>Vastetaffls,</span> <span class='ocrx_word' id='word_1_171' title='bbox 559 1744 673 1780; x_wconf 88' lang='lat' dir='ltr'>ductu</span> <span class='ocrx_word' id='word_1_172' title='bbox 691 1743 738 1781; x_wconf 89' lang='lat' dir='ltr'>L.</span> <span class='ocrx_word' id='word_1_173' title='bbox 754 1742 902 1779; x_wconf 82' lang='lat' dir='ltr'>AEmilii</span> <span class='ocrx_word' id='word_1_174' title='bbox 919 1740 1170 1792; x_wconf 84' lang='lat' dir='ltr'>proconsulis,</span> <span class='ocrx_word' id='word_1_175' title='bbox 1191 1739 1289 1790; x_wconf 87' lang='lat' dir='ltr'>apud</span> <span class='ocrx_word' id='word_1_176' title='bbox 1307 1739 1415 1790; x_wconf 90' lang='lat' dir='ltr'>oppi-</span> 
     </span>
    </p>
   </div>
   <div class='ocr_carea' id='block_1_4' title="bbox 302 1804 1418 1921">
    <p class='ocr_par' dir='ltr' id='par_1_4' title="bbox 302 1804 1418 1921">
     <span class='ocr_line' id='line_1_26' title="bbox 305 1804 1417 1859; baseline -0.007 -12"><span class='ocrx_word' id='word_1_177' title='bbox 305 1810 395 1846; x_wconf 89' lang='lat' dir='ltr'>dum</span> <span class='ocrx_word' id='word_1_178' title='bbox 420 1809 615 1859; x_wconf 81' lang='lat' dir='ltr'>Lyconem</span> <span class='ocrx_word' id='word_1_179' title='bbox 635 1821 721 1845; x_wconf 90' lang='lat' dir='ltr'>cum</span> <span class='ocrx_word' id='word_1_180' title='bbox 745 1808 940 1858; x_wconf 78' lang='lat' dir='ltr'>Lusitanis</span> <span class='ocrx_word' id='word_1_181' title='bbox 961 1819 1027 1842; x_wconf 88' lang='lat' dir='ltr'>sex</span> <span class='ocrx_word' id='word_1_182' title='bbox 1051 1805 1167 1842; x_wconf 86' lang='lat' dir='ltr'>millia</span> <span class='ocrx_word' id='word_1_183' title='bbox 1186 1805 1229 1841; x_wconf 90' lang='lat' dir='ltr'>de</span> <span class='ocrx_word' id='word_1_184' title='bbox 1249 1804 1417 1840; x_wconf 88' lang='lat' dir='ltr'>exercitu</span> 
     </span>
     <span class='ocr_line' id='line_1_27' title="bbox 302 1867 1418 1921; baseline -0.007 -10"><span class='ocrx_word' id='word_1_185' title='bbox 302 1874 482 1912; x_wconf 84' lang='lat' dir='ltr'>Romano</span> <span class='ocrx_word' id='word_1_186' title='bbox 513 1873 703 1910; x_wconf 87' lang='lat' dir='ltr'>cecidisse.</span> <span class='ocrx_word' id='word_1_187' title='bbox 751 1873 922 1914; x_wconf 88' lang='lat' dir='ltr'>Ceteros,</span> <span class='ocrx_word' id='word_1_188' title='bbox 943 1875 1121 1921; x_wconf 88' lang='lat' dir='ltr'>paventes</span> <span class='ocrx_word' id='word_1_189' title='bbox 1151 1870 1252 1905; x_wconf 84' lang='lat' dir='ltr'>iutra</span> <span class='ocrx_word' id='word_1_190' title='bbox 1279 1867 1418 1905; x_wconf 88' lang='lat' dir='ltr'>vallum</span> 
     </span>
    </p>
   </div>
   <div class='ocr_carea' id='block_1_5' title="bbox 303 1675 1416 1729">
    <p class='ocr_par' dir='ltr' id='par_1_5' title="bbox 303 1675 1416 1729">
     <span class='ocr_line' id='line_1_28' title="bbox 303 1675 1416 1729; baseline -0.005 -13"><span class='ocrx_word' id='word_1_191' title='bbox 303 1680 396 1716; x_wconf 83' lang='lat' dir='ltr'>tiam</span> <span class='ocrx_word' id='word_1_192' title='bbox 415 1680 574 1716; x_wconf 86' lang='lat' dir='ltr'>nuncius</span> <span class='ocrx_word' id='word_1_193' title='bbox 603 1693 649 1715; x_wconf 84' lang='lat' dir='ltr'>ex</span> <span class='ocrx_word' id='word_1_194' title='bbox 675 1679 864 1729; x_wconf 81' lang='lat' dir='ltr'>Hispania</span> <span class='ocrx_word' id='word_1_195' title='bbox 889 1678 1022 1720; x_wconf 85' lang='lat' dir='ltr'>tristis,</span> <span class='ocrx_word' id='word_1_196' title='bbox 1044 1677 1197 1712; x_wconf 83' lang='lat' dir='ltr'>adversa</span> <span class='ocrx_word' id='word_1_197' title='bbox 1221 1687 1350 1725; x_wconf 82' lang='lat' dir='ltr'>pugna</span> <span class='ocrx_word' id='word_1_198' title='bbox 1377 1675 1416 1710; x_wconf 86' lang='lat' dir='ltr'>in</span> 
     </span>
    </p>
   </div>
   <div class='ocr_carea' id='block_1_6' title="bbox 302 1932 1417 2179">
    <p class='ocr_par' dir='ltr' id='par_1_6' title="bbox 302 1932 1417 2179">
     <span class='ocr_line' id='line_1_29' title="bbox 302 1932 1416 1989; baseline -0.006 -14"><span class='ocrx_word' id='word_1_199' title='bbox 302 1938 534 1989; x_wconf 86' lang='lat' dir='ltr'>compulsos,</span> <span class='ocrx_word' id='word_1_200' title='bbox 552 1950 650 1987; x_wconf 85' lang='lat' dir='ltr'>aegre</span> <span class='ocrx_word' id='word_1_201' title='bbox 666 1944 790 1974; x_wconf 80' lang='lat' dir='ltr'>castra</span> <span class='ocrx_word' id='word_1_202' title='bbox 804 1936 1029 1979; x_wconf 85' lang='lat' dir='ltr'>defendisse,</span> <span class='ocrx_word' id='word_1_203' title='bbox 1044 1942 1082 1971; x_wconf 90' lang='lat' dir='ltr'>et</span> <span class='ocrx_word' id='word_1_204' title='bbox 1099 1935 1136 1971; x_wconf 92' lang='lat' dir='ltr'>in</span> <span class='ocrx_word' id='word_1_205' title='bbox 1150 1933 1304 1970; x_wconf 88' lang='lat' dir='ltr'>modum</span> <span class='ocrx_word' id='word_1_206' title='bbox 1315 1932 1416 1982; x_wconf 86' lang='lat' dir='ltr'>fugi-</span> 
     </span>
     <span class='ocr_line' id='line_1_30' title="bbox 304 2000 1414 2054; baseline -0.005 -13"><span class='ocrx_word' id='word_1_207' title='bbox 304 2006 448 2042; x_wconf 87' lang='lat' dir='ltr'>entium</span> <span class='ocrx_word' id='word_1_208' title='bbox 461 2005 606 2054; x_wconf 81' lang='lat' dir='ltr'>magnis</span> <span class='ocrx_word' id='word_1_209' title='bbox 620 2003 817 2040; x_wconf 84' lang='lat' dir='ltr'>itineribus</span> <span class='ocrx_word' id='word_1_210' title='bbox 830 2003 868 2039; x_wconf 88' lang='lat' dir='ltr'>in</span> <span class='ocrx_word' id='word_1_211' title='bbox 885 2015 1016 2051; x_wconf 87' lang='lat' dir='ltr'>agrum</span> <span class='ocrx_word' id='word_1_212' title='bbox 1034 2007 1211 2052; x_wconf 83' lang='lat' dir='ltr'>pacatum</span> <span class='ocrx_word' id='word_1_213' title='bbox 1227 2000 1414 2036; x_wconf 85' lang='lat' dir='ltr'>reductos.</span> 
     </span>
     <span class='ocr_line' id='line_1_31' title="bbox 303 2063 1415 2119; baseline -0.005 -14"><span class='ocrx_word' id='word_1_214' title='bbox 303 2069 401 2105; x_wconf 83' lang='lat' dir='ltr'>Haec</span> <span class='ocrx_word' id='word_1_215' title='bbox 413 2082 458 2105; x_wconf 83' lang='lat' dir='ltr'>ex</span> <span class='ocrx_word' id='word_1_216' title='bbox 472 2069 662 2119; x_wconf 85' lang='lat' dir='ltr'>Hispania</span> <span class='ocrx_word' id='word_1_217' title='bbox 673 2069 863 2104; x_wconf 81' lang='lat' dir='ltr'>nunciata.</span> <span class='ocrx_word' id='word_1_218' title='bbox 885 2067 946 2104; x_wconf 88' lang='lat' dir='ltr'>Ex</span> <span class='ocrx_word' id='word_1_219' title='bbox 959 2066 1085 2103; x_wconf 82' lang='lat' dir='ltr'>Gallia</span> <span class='ocrx_word' id='word_1_220' title='bbox 1096 2065 1242 2114; x_wconf 84' lang='lat' dir='ltr'>legatos</span> <span class='ocrx_word' id='word_1_221' title='bbox 1255 2063 1415 2100; x_wconf 85' lang='lat' dir='ltr'>Placen-</span> 
     </span>
     <span class='ocr_line' id='line_1_32' title="bbox 303 2127 1417 2179; baseline -0.005 -10"><span class='ocrx_word' id='word_1_222' title='bbox 303 2133 470 2169; x_wconf 85' lang='lat' dir='ltr'>tinorum</span> <span class='ocrx_word' id='word_1_223' title='bbox 486 2139 523 2168; x_wconf 88' lang='lat' dir='ltr'>et</span> <span class='ocrx_word' id='word_1_224' title='bbox 539 2133 852 2169; x_wconf 84' lang='lat' dir='ltr'>Cremonensium</span> <span class='ocrx_word' id='word_1_225' title='bbox 872 2131 917 2168; x_wconf 93' lang='lat' dir='ltr'>L.</span> <span class='ocrx_word' id='word_1_226' title='bbox 930 2129 1207 2167; x_wconf 86' lang='lat' dir='ltr'>Aurunculeius</span> <span class='ocrx_word' id='word_1_227' title='bbox 1223 2134 1363 2179; x_wconf 75' lang='lat' dir='ltr'>praetor</span> <span class='ocrx_word' id='word_1_228' title='bbox 1378 2127 1417 2164; x_wconf 89' lang='lat' dir='ltr'>in</span> 
     </span>
    </p>
   </div>
   <div class='ocr_carea' id='block_1_7' title="bbox 300 2191 1454 2245">
    <p class='ocr_par' dir='ltr' id='par_1_7' title="bbox 300 2191 1454 2245">
     <span class='ocr_line' id='line_1_33' title="bbox 300 2191 1454 2245; baseline -0.006 -11"><span class='ocrx_word' id='word_1_229' title='bbox 300 2204 474 2234; x_wconf 79' lang='lat' dir='ltr'>senatum</span> <span class='ocrx_word' id='word_1_230' title='bbox 496 2197 727 2233; x_wconf 75' lang='lat' dir='ltr'>introduxit:</span> <span class='ocrx_word' id='word_1_231' title='bbox 761 2197 804 2232; x_wconf 90' lang='lat' dir='ltr'>iis</span> <span class='ocrx_word' id='word_1_232' title='bbox 834 2195 1077 2245; x_wconf 88' lang='lat' dir='ltr'>querentibus</span> <span class='ocrx_word' id='word_1_233' title='bbox 1108 2194 1277 2244; x_wconf 86' lang='lat' dir='ltr'>inopiam</span> <span class='ocrx_word' id='word_1_234' title='bbox 1307 2191 1412 2228; x_wconf 89' lang='lat' dir='ltr'>colo·</span> <span class='ocrx_word' id='word_1_235' title='bbox 1451 2202 1454 2206; x_wconf 85' lang='lat'>&#39;</span> 
     </span>
    </p>
   </div>
   <div class='ocr_carea' id='block_1_8' title="bbox 296 2257 1408 2374">
    <p class='ocr_par' dir='ltr' id='par_1_8' title="bbox 296 2257 1408 2374">
     <span class='ocr_line' id='line_1_34' title="bbox 300 2257 1405 2304; baseline -0.006 -5"><span class='ocrx_word' id='word_1_236' title='bbox 300 2274 451 2304; x_wconf 84' lang='lat' dir='ltr'>norum,</span> <span class='ocrx_word' id='word_1_237' title='bbox 485 2261 565 2297; x_wconf 78' lang='lat' dir='ltr'>aliis</span> <span class='ocrx_word' id='word_1_238' title='bbox 599 2261 688 2297; x_wconf 80' lang='lat' dir='ltr'>belli</span> <span class='ocrx_word' id='word_1_239' title='bbox 722 2261 884 2303; x_wconf 80' lang='lat' dir='ltr'>casibus,</span> <span class='ocrx_word' id='word_1_240' title='bbox 919 2260 1001 2296; x_wconf 85' lang='lat' dir='ltr'>aliis</span> <span class='ocrx_word' id='word_1_241' title='bbox 1036 2259 1170 2295; x_wconf 86' lang='lat' dir='ltr'>morbo</span> <span class='ocrx_word' id='word_1_242' title='bbox 1208 2257 1405 2298; x_wconf 84' lang='lat' dir='ltr'>absumtis,</span> 
     </span>
     <span class='ocr_line' id='line_1_35' title="bbox 296 2319 1408 2374; baseline -0.004 -13"><span class='ocrx_word' id='word_1_243' title='bbox 296 2325 479 2374; x_wconf 78' lang='lat' dir='ltr'>quosdam</span> <span class='ocrx_word' id='word_1_244' title='bbox 500 2325 610 2362; x_wconf 76' lang='lat' dir='ltr'>taedio</span> <span class='ocrx_word' id='word_1_245' title='bbox 631 2324 847 2361; x_wconf 75' lang='lat' dir='ltr'>adcolarum</span> <span class='ocrx_word' id='word_1_246' title='bbox 868 2323 1064 2360; x_wconf 83' lang='lat' dir='ltr'>Gallorum</span> <span class='ocrx_word' id='word_1_247' title='bbox 1085 2322 1282 2371; x_wconf 86' lang='lat' dir='ltr'>reliquisse</span> <span class='ocrx_word' id='word_1_248' title='bbox 1302 2319 1408 2357; x_wconf 89' lang='lat' dir='ltr'>colo-</span> 
     </span>
    </p>
   </div>
   <div class='ocr_carea' id='block_1_9' title="bbox 1502 2334 1516 2349">
    <p class='ocr_par' dir='ltr' id='par_1_9' title="bbox 1502 2334 1516 2349">
     <span class='ocr_line' id='line_1_36' title="bbox 1502 2334 1516 2349; baseline 0 0"><span class='ocrx_word' id='word_1_249' title='bbox 1502 2334 1516 2349; x_wconf 64' lang='lat' dir='ltr'>Q</span> 
     </span>
    </p>
   </div>
  </div>
 </body>
</html>
