1546 2648
293 125 452 155 LIBER
476 125 618 154 XLIV.
649 124 758 154 CAP.
780 124 935 154 XLIII·
1091 123 1176 169 475

66 224 207 261 donum
227 225 295 262 alae
318 226 476 274 integris
506 224 665 262 abibant
693 224 888 262 ordinibus
902 240 913 271 3
945 225 1031 275 quia
1063 225 1178 262 inter·
1191 228 1233 259 U.
1248 227 1374 260 (2⁵⁸4.

58 289 164 338 jecta
190 291 359 340 peditum
377 291 491 332 acies,
513 289 621 340 cujus
651 290 768 326 caedes
798 290 958 326 victores
981 290 1177 334 tenebant,
1190 272 1279 303 A'C'
1295 277 1368 302 ¹⁶⁸⁸

64 353 287 390 inmemores
306 353 449 390 fecerat
477 353 658 402 sequendi
688 353 846 402 equites.
902 352 982 389 Diu
1011 353 1179 403 phalanx

64 429 86 453 a
104 416 242 459 fronte,
262 430 286 453 a
302 416 499 461 lateribus,
519 417 567 453 ab
587 424 698 465 tergo
728 429 826 453 caesa
854 422 934 453 est:
966 424 1175 466 postremo,

63 480 126 529 qui
156 493 202 517 ex
230 480 400 518 hostium
428 480 603 517 manibus
637 480 753 531 elapsi
784 486 905 524 erant,
938 481 1100 517 inermes
1130 481 1177 517 ad

60 556 164 580 mare
182 544 387 593 fugientes,
409 546 562 594 quidam
591 558 727 594 aquam
757 546 872 581 etiam
900 545 1075 594 ingressi,
1095 558 1176 581 ma-

59 620 129 644 nus
149 608 195 645 ad
215 621 295 652 eos,
315 611 379 658 qui
398 610 437 645 in
457 609 577 645 classe
606 615 729 652 erant,
753 608 967 652 tendentes,
997 608 1177 659 supplici-

60 678 118 707 ter
136 672 252 708 vitam
271 673 434 709 orabant
452 688 459 708 τ
492 678 530 709 et
549 685 665 722 quum
685 672 844 722 scaphas
862 684 1087 708 concurrere
1106 684 1177 708 un-

59 735 170 784 dique
190 735 237 772 ab
256 737 415 773 navibus
436 742 647 780 cernerent,
668 736 716 772 ad
744 736 986 786 excipiendos
1014 748 1095 772 sese
1113 749 1176 772 ve-

56 800 139 835 nire
158 800 244 844 rati,
266 806 308 836 ut
327 807 506 851 caperent
531 801 672 850 potius,
694 813 809 849 quam
838 800 1069 843 occiderent,
1089 799 1175 836 Ion-

57 863 140 912 gius
170 864 210 900 in
240 877 390 913 aquam,
426 865 578 914 quidam
617 865 732 901 etiam
763 871 954 908 natantes,
986 864 1177 915 progressi

57 933 158 964 sunt.
215 927 288 963 Sed
325 940 441 976 quum
469 927 662 963 hostiliter
695 940 715 963 e
745 928 895 977 scaphis
928 928 1176 971 caederentur,

56 996 175 1033 retro,
213 991 278 1039 qui
314 996 507 1041 poterant,
545 991 674 1027 nando
703 997 919 1041 repetentes
951 997 1102 1033 terram,
1136 991 1178 1026 in

56 1053 170 1090 aliam
187 1054 386 1091 foediorem
401 1061 547 1104 pestem
565 1054 788 1091 incidebant
804 1068 813 1090 ς
845 1054 1038 1103 elephanti
1059 1054 1174 1097 enim,

59 1117 106 1154 ab
125 1118 338 1155 rectoribus
366 1119 414 1155 ad
433 1119 523 1155 litus
543 1120 633 1162 acti,
654 1124 834 1155 exeuntes
855 1117 1082 1154 obterebant
1108 1117 1176 1154 eli-

57 1180 284 1231 debantque.
339 1183 467 1219 Facile
487 1183 752 1226 conveniebat,
766 1182 953 1219 Romanis
969 1194 1178 1231 numquam

57 1258 133 1281 una
169 1247 250 1282 acie
282 1252 433 1283 tantum
465 1246 724 1284 Macedonum
754 1245 1011 1282 interfectum.
1069 1245 1177 1282 Caesa

56 1308 158 1345 enim
183 1309 228 1345 ad
249 1310 385 1358 viginti
418 1309 538 1346 millia
567 1310 766 1345 hominum
798 1317 910 1344 sunt:
943 1309 991 1345 ad
1008 1321 1073 1345 sex
1091 1308 1178 1344 mil-

55 1371 121 1415 lia,
138 1373 203 1422 qui
221 1373 393 1423 Pydnam
425 1386 474 1409 ex
502 1374 584 1410 acie
611 1372 872 1422 perfugerant,
893 1372 969 1407 vivi
989 1373 1027 1407 in
1046 1377 1176 1421 potes-

54 1443 174 1473 tatem
192 1444 470 1488 pervenerunt:
502 1443 541 1474 et
569 1437 657 1486 vagi
686 1450 707 1473 e
736 1436 829 1485 fuga
859 1436 1026 1485 quinque
1057 1434 1179 1473 millia

57 1502 256 1538 hominum
274 1509 398 1552 capta.
447 1502 509 1540 Ex
528 1501 738 1538 victoribus
759 1501 978 1538 ceciderunt
997 1513 1076 1536 non
1091 1499 1176 1550 plus
1218 1552 1225 1556 s

57 1573 224 1611 centum,
254 1573 292 1603 et
322 1580 453 1604 eorum
478 1567 601 1604 multo
628 1566 752 1617 major
770 1578 856 1617 pars
887 1565 1061 1614 Peligni:
1094 1565 1177 1601 vul-

56 1631 180 1667 nerati
211 1630 408 1680 aliquanto
444 1630 570 1682 plures
604 1637 706 1667 sunt.
772 1630 890 1668 Quod
926 1630 959 1665 si
990 1629 1175 1665 maturius

56 1695 219 1746 pugnari
250 1701 419 1745 coeptum
450 1701 563 1739 esset,
583 1701 628 1732 ut
659 1696 751 1732 satis
781 1694 856 1731 diei
887 1692 1093 1730 victoribus
1126 1693 1174 1730 ad

53 1759 354 1810 persequendum
387 1764 614 1809 superesset,
646 1758 778 1795 deletae
804 1770 936 1794 omnes
971 1757 1091 1807 copiae
1111 1756 1172 1793 fo-

57 1832 169 1859 rent:
213 1835 316 1860 nunc
348 1823 538 1860 inminens
571 1836 651 1860 nox
686 1829 724 1859 et
757 1822 948 1872 fugientes
985 1821 1097 1864 texit,
1135 1826 1174 1856 et

59 1885 249 1924 Romanis
275 1888 466 1938 pigritiem
494 1888 542 1925 ad
567 1887 797 1937 sequendum
823 1887 919 1923 locis
944 1885 1087 1934 ignotis
1115 1883 1172 1920 fe-

55 1951 124 1988 cit.

106 2015 262 2058 XLIII.
297 2016 455 2053 Perseus
481 2015 529 2053 ad
553 2015 718 2052 Pieriam
751 2013 884 2050 silvam
912 2011 1169 2055 viamilitari,
1184 2018 1277 2059 Regis
1291 2019 1377 2063 fuga.

54 2080 243 2129 frequenti
268 2081 419 2130 agmine
445 2082 616 2131 equitum
643 2086 681 2117 et
707 2080 814 2128 regio
844 2078 1041 2120 comitatu,
1059 2075 1172 2126 fugit.

56 2144 178 2182 Simul
194 2145 235 2181 in
261 2146 392 2184 silvam
416 2152 573 2183 ventum
595 2152 667 2190 est,
697 2144 763 2182 ubi
788 2144 913 2195 plures
939 2142 1093 2179 diversae
1114 2155 1173 2178 se-

55 2210 158 2247 mitae
178 2216 300 2253 erant,
321 2216 360 2246 et
383 2223 462 2247 nox
484 2208 838 2262 adpropinquabat3
871 2220 956 2244 cum
975 2206 1172 2257 perpaucis

53 2274 216 2313 maxime
228 2273 309 2312 fidis
321 2274 555 2314 via-divertit.
574 2274 748 2327 Equites,
763 2274 842 2311 sine
852 2272 946 2310 duce
958 2270 1096 2315 relicti,
1110 2269 1173 2307 alii
