1546 2648
307 203 394 249 342
497 174 502 181 ⁵
760 203 806 233 r.
830 200 964 233 mvn

119 304 162 336 u,
176 299 211 334 c,
225 310 297 336 530,
310 291 537 329 auctoritat'e
555 291 688 328 deinde
707 298 858 328 senatus
879 302 961 329 eam
982 291 1221 342 rogationem
1244 292 1415 344 promul-

117 348 160 378 Α·
172 344 209 378 c·
225 353 298 383 ¹⁷2·
310 361 461 405 garunt'.
503 355 726 404 Priusquam
746 355 1072 406 proficiscerentur
1087 356 1275 401 consules,
1292 357 1336 394 C.
1350 357 1416 393 Ci-

310 419 434 455 cereio
451 420 606 469 praetori
635 419 769 469 prioris
790 420 879 455 anni
907 419 952 455 ad
980 419 1096 455 aedem
1115 419 1286 456 Bellonae
1306 431 1417 456 sena-

308 488 369 519 tus
389 483 496 519 datus
517 490 584 520 est.
631 482 684 526 Is,
706 483 900 532 expositis,
922 484 1068 532 quasin
1089 484 1245 520 Corsica
1258 495 1317 520 res
1330 495 1417 532 ges-

309 547 431 590 sisset,
458 546 728 597 postulatoque
745 546 886 582 frustra
915 547 1122 597 triumpho,
1143 548 1181 584 in
1199 553 1329 584 monte
1348 547 1418 584 Al-

307 609 424 654 bano,
445 609 543 658 quod
557 608 640 659 jam
660 610 700 645 in
728 621 872 645 morem
900 616 1066 653 venerat,
1087 618 1128 646 ut
1156 611 1238 647 sine
1264 610 1419 660 publica

308 673 537 710 auctoritate
561 672 682 716 fieret,
708 673 969 723 triumphavit.
1023 673 1283 722 Rogationem
1308 673 1417 710 Mar·

306 736 405 772 ciam
424 735 470 771 de
486 735 693 784 Liguribus
711 748 850 784 magno
867 747 1052 771 consensu
1071 735 1199 786 plebes
1215 736 1324 772 scivit
1332 735 1418 786 jus-

307 800 430 849 sitque
446 814 452 835 :
486 812 531 836 ex
547 811 593 835 eo
607 798 809 849 plebiscito
825 799 868 836 C.
883 798 1055 836 Licinias
1074 806 1216 850 praetor
1227 799 1418 837 consuluit

307 867 495 906 senatum,
515 874 625 911 quem
638 875 804 911 quaerere
823 875 867 899 ea
885 863 1086 911 rogatione
1103 862 1229 901 vellet.
1283 862 1417 900 Patres

307 927 430 977 ipsum
451 938 536 962 eum
555 938 722 975 quaerere
735 925 945 976 jusserunt.

361 989 499 1027 XXII.
529 989 629 1026 Tum
644 990 793 1026 demum
814 989 988 1026 consules
1008 990 1047 1026 in
1072 990 1307 1040 provinciam
1325 1002 1415 1042 pro-

308 1053 399 1090 fecti
412 1059 513 1097 sunt,
531 1054 814 1102 exercitumque
829 1065 851 1090 a
865 1053 922 1090 M.
934 1053 1101 1103 Popillio
1116 1060 1308 1104 ceperunt.
1334 1053 1417 1091 Ne-

310 1129 382 1166 que
401 1123 529 1153 tamen
546 1117 604 1154 M.
620 1116 803 1167 Popillius
832 1118 969 1153 reverti
987 1117 1153 1154 Romam
1172 1117 1349 1162 audebat,
1369 1130 1418 1154 ne

309 1192 480 1217 caussam
500 1181 654 1224 diceret,
682 1180 838 1217 adverso
867 1186 1014 1224 senatu,
1035 1180 1231 1218 infestiore
1258 1180 1418 1232 populo,

309 1245 410 1295 apud
427 1251 642 1294 praetorem,
663 1245 726 1293 qui
750 1244 795 1280 de
814 1245 1023 1293 quaestione
1047 1245 1088 1281 in
1107 1257 1147 1281 se
1164 1245 1290 1294 posita
1309 1256 1419 1281 sena·

307 1314 390 1344 tum
419 1307 682 1345 consuluisset.
738 1307 842 1344 Huic
870 1308 1137 1345 detractationi
1165 1306 1245 1358 ejus
1271 1306 1417 1355 tribuni

308 1371 444 1423 plebis,
475 1371 628 1408 alterius
661 1372 871 1421 rogationis
901 1372 1207 1415 denunciatione,
1237 1370 1417 1408 obcurre-

307 1441 398 1472 runt
413 1449 420 1471 :
452 1441 508 1479 ut,
522 1436 553 1471 si
571 1447 650 1472 non
670 1442 757 1472 ante
773 1435 861 1472 Idus
876 1435 1112 1472 Novembres
1130 1436 1167 1471 in
1186 1434 1318 1471 urbem
1331 1433 1416 1471 Ro-

308 1511 410 1536 mam
429 1499 637 1543 introisset,
658 1500 704 1536 de
732 1499 889 1536 absente
907 1512 953 1536 eo
973 1500 1017 1536 C.
1032 1498 1203 1536 Licinius
1233 1504 1417 1536 statueret

309 1572 354 1600 ac
371 1562 574 1613 judicaret.
630 1562 719 1600 Hoc
748 1569 890 1601 tractus
921 1562 1072 1599 vinculo
1101 1574 1215 1611 quum
1243 1561 1416 1605 redisset,

309 1626 456 1675 ingenti
476 1638 561 1663 cum
576 1627 717 1663 invidia
735 1627 774 1663 in
794 1632 966 1663 senatum
981 1622 1096 1663 venitss
1152 1623 1213 1661 Ibi
1231 1637 1346 1674 quum
1360 1624 1419 1662 la-

309 1695 457 1726 ceratus
480 1689 618 1740 jurgiis
654 1689 862 1727 multorum
899 1695 1010 1732 esset,
1049 1687 1419 1725 senatusconsultum

306 1752 451 1789 factum
482 1760 553 1796 est,
587 1761 643 1797 ut,
677 1754 742 1803 qui
766 1753 952 1802 Ligurum
981 1758 1067 1803 post
1099 1753 1146 1791 Q.
1162 1751 1351 1794 Fulvium,
1370 1750 1417 1787 L.

307 1814 497 1852 Manlium
518 1817 690 1853 consules
710 1817 838 1853 hostes
858 1829 936 1852 non
951 1816 1124 1857 fuissent,
1141 1822 1184 1850 ut
1202 1827 1266 1851 eos
1288 1814 1330 1851 C.
1348 1813 1417 1851 Li-

309 1878 445 1922 einins,
462 1880 533 1916 Cn.
554 1880 717 1916 Sicinius
732 1886 912 1929 praetores
929 1880 966 1915 in
986 1878 1197 1914 libertatem
1214 1881 1418 1914 restituen-

307 1942 376 1980 dos
397 1950 585 1987 curarent,
607 1956 812 1994 agrumque
840 1944 885 1980 iis
915 1950 1018 1980 trans
1046 1942 1193 1979 Padum
1221 1942 1354 1980 consul
1373 1943 1418 1981 C.

305 2006 491 2057 Popillius
511 2008 627 2045 daret.
683 2007 810 2044 Multa
837 2007 955 2044 millia
981 2007 1179 2043 hominum
1207 2006 1282 2043 hoc
1307 2018 1416 2043 sena-

306 2070 546 2106 tusconsulto
575 2071 751 2107 restituta
777 2071 819 2107 in
851 2070 1080 2112 libertatem,
1113 2069 1418 2118 transductisque

305 2131 451 2168 Padum
471 2145 561 2180 ager
579 2139 636 2169 est
655 2133 886 2181 adsignatus.
940 2132 996 2169 M.
1012 2131 1196 2182 Popillius
1215 2133 1416 2181 rogatione

305 2194 454 2233 Marcia
472 2194 530 2231 bis
551 2195 650 2245 apud
670 2195 713 2232 C.
728 2195 922 2232 Licinium
951 2207 1121 2231 caussam
1151 2195 1270 2231 dixit:
1301 2196 1417 2231 tertio

305 2267 460 2310 praetor,
481 2260 604 2308 gratia
630 2259 794 2296 consulis
816 2259 982 2296 absentis
1003 2265 1041 2295 et
1071 2258 1244 2309 Popilliae
1261 2257 1414 2295 familiae

304 2322 478 2375 precibus
497 2323 632 2367 victus,
664 2322 794 2360 idibus
813 2322 964 2360 Martiis
995 2323 1125 2360 adesse
1153 2334 1258 2360 reum
1282 2320 1413 2372 jussit,
