1546 2648
434 150 646 190 mnno'n.
672 151 893 183 DEPERD.
1131 139 1215 188 545

107 257 289 310 Cornelius
309 249 444 289 Nasica
463 247 615 289 dicebat,
636 243 793 280 nondum
812 239 878 275 sibi
897 235 1035 284 justam
1055 244 1217 270 caussam

105 322 189 357 belli
217 318 342 358 videri,
368 314 521 363 placuit,
542 314 582 345 ut
610 308 700 344 bello
719 306 946 343 abstinerent,
966 302 997 336 si
1016 297 1216 344 Karthagi-

106 387 239 420 nienses
257 382 400 418 classem
419 375 637 414 exussissent,
651 375 686 406 et
703 369 893 406 exercitum
910 364 1146 401 dimisissent:
1161 352 1218 396 sin

108 450 236 488 minus,
265 443 420 492 proximi
456 438 613 475 consules
648 436 692 470 de
729 432 869 468 Punico
905 429 995 465 bello
1030 425 1217 474 referrent.

107 513 223 553 Quum
243 511 396 545 locatum
416 517 439 540 a
457 501 653 539 censoribus
673 498 854 534 theatrum
881 495 1124 530 exstrueretur
1136 506 1147 533 ,·
1169 489 1216 524 P.

106 574 269 610 Cornelio
285 572 419 607 Nasica
437 572 595 608 auctore,
612 569 795 612 tamquam
815 559 940 596 inutile
959 561 994 592 et
1012 557 1227 591 nociturum.

103 639 254 688 publicis
272 635 438 676 moribus,
455 645 496 669 ex
513 627 816 668 senatusconsulto
835 625 1051 660 destmctum
1070 623 1133 660 est,
1152 629 1219 665 po-

104 704 280 754 pulusque
298 698 523 748 aliquamdiu
550 701 648 731 stans
681 693 782 728 ludos
805 689 988 738 spectavit.
1018 682 1220 729 Karthagi-

106 773 239 808 nienses
271 779 378 817 quum
410 766 577 800 adversus
593 760 719 810 foedus
743 758 874 794 bellum
898 754 1098 790 Masinissoe
1123 751 1232 786 imm.

111 837 245 875 iissent,
278 831 364 868 victi
388 829 431 865 ab
451 841 504 870 eo,
526 837 638 862 annos
669 823 817 859 habente
839 819 1036 864 nonaginta
1064 815 1163 854 duos,
1188 815 1231 850 et,

111 902 186 936 sine
212 896 422 946 pulpamine
438 892 608 929 mandere
626 894 662 925 et
676 891 823 935 gustare
848 894 982 932 panem
1007 883 1150 916 tantum
1167 884 1228 913 εὀε

112 964 192 1006 lito,
212 963 354 1009 insuper
372 957 577 993 Romanurn
595 953 726 990 bellum
742 949 959 985 meruerunt.

596 1058 750 1098 XLIX.

118 1141 322 1194 TERTH
344 1153 474 1189 Punici
501 1150 585 1185 belli
608 1149 754 1184 initium
781 1144 896 1193 alt'ero
923 1145 960 1177 et
984 1139 1229 1176 sexcentesimo

116 1234 211 1260 anno
231 1220 274 1256 ab
289 1218 374 1256 urbe
388 1216 546 1256 condita,
563 1215 662 1249 intra
681 1212 844 1259 quintum
862 1218 1012 1248 annum,
1029 1215 1135 1252 quam
1150 1205 1230 1238 erat

116 1291 280 1335 coeptum,
308 1279 553 1319 consummati.
613 1275 714 1312 Inter
739 1273 794 1309 M.
811 1271 979 1308 Porcium
1005 1267 1174 1304 Catonem
1195 1269 1231 1300 et

117 1352 320 1399 Scipionem
340 1347 525 1386 Nasicam,
541 1352 692 1390 quorum
707 1339 802 1374 alter
818 1334 1100 1383 sapientissimus
1117 1332 1174 1366 vir
1191 1331 1230 1366 in

116 1417 262 1454 civitate
293 1411 499 1451 habebatur,
530 1407 624 1443 alter
653 1405 763 1440 etiam
791 1403 847 1437 vir
875 1400 1030 1447 optimus
1055 1408 1079 1431 a
1102 1398 1232 1430 senatu

108 1481 296 1529 judicatus
323 1480 414 1518 erat,
435 1474 580 1510 diversis
600 1472 777 1506 certatum
794 1464 975 1501 sententiis
992 1465 1043 1497 est
1054 1477 1065 1503 ,-
1097 1459 1233 1494 Catone

117 1546 286 1584 suadente
301 1540 444 1580 bellum,
459 1541 493 1573 et
508 1540 548 1572 ut
567 1535 753 1571 tolleretur
767 1530 1009 1574 delereturque
1019 1523 1210 1570 Karthago
1219 1537 1232 1565 ,·
1248 1564 1255 1569 γ

121 1611 256 1649 Nasica
275 1605 508 1643 dissuadente.
544 1600 695 1637 Placuit
715 1602 849 1637 tamen,
868 1593 962 1642 quod
981 1594 1106 1627 contra.
1110 1586 1235 1636 foedus

120 1685 228 1712 naves
256 1671 436 1709 haberent,
464 1666 560 1714 quod
590 1663 782 1700 exercitum
808 1663 910 1694 extra
926 1656 1022 1705 flues
1041 1653 1234 1692 duxissent,

121 1739 216 1788 quod
242 1737 338 1772 socio
362 1732 492 1782 populi
511 1729 670 1765 Romani
702 1730 737 1762 et
764 1724 879 1760 amico
903 1719 1104 1756 Masinissae
1132 1726 1237 1751 arma

121 1803 335 1841 intulissent,
356 1798 450 1846 quod
464 1796 589 1845 filium
609 1791 682 1839 ejus
704 1790 908 1828 Gulussam,
932 1785 992 1832 qui
1011 1793 1087 1818 cum
1109 1779 1238 1826 legatis

123 1865 298 1904 Romanis
314 1866 406 1904 erat,
430 1862 465 1896 in
491 1858 662 1907 oppidum
690 1865 762 1890 non
783 1851 1006 1898 recepissent,
1034 1845 1164 1881 bellum
1191 1843 1237 1878 iis

2 1928 6 1994 j
124 1931 246 1969 indici.
304 1928 520 1974 Priusquam
538 1923 623 1958 uuae
650 1921 759 1968 copiae
784 1918 820 1952 in
846 1925 951 1950 naves
969 1912 1237 1958 inponerentur,

132 1996 312 2032 Uticenses
342 1990 452 2038 legati
488 1988 641 2023 Romam
673 1984 858 2020 venerunt,
887 1989 923 2013 se
957 1985 1090 2022 suaque
1118 1971 1240 2007 omnia

127 2061 304 2097 dedentes.
361 2056 419 2091 Ea
449 2052 594 2100 legatio,
631 2049 743 2085 veluti
771 2056 885 2084 omen,
913 2044 1024 2090 grata
1053 2035 1239 2076 Patribus,

128 2122 255 2160 acerba
283 2114 642 2165 Karthaginiensibus
666 2111 763 2162 fuit.
835 2107 922 2144 Diti
949 2104 1048 2153 patri
1084 2100 1161 2136 ludi
1193 2098 1243 2134 ad

135 2188 339 2226 Terentum,
369 2195 411 2218 ex
436 2183 615 2230 praecepto
635 2177 805 2214 librorum
826 2172 1096 2220 Sibyllinorum,
1116 2163 1244 2213 facti.-

132 2254 194 2302 qui
221 2261 316 2287 anno
342 2248 542 2288 centesimo,
569 2244 687 2292 primo
717 2241 859 2278 Punico
882 2235 986 2276 bello,
1006 2226 1244 2280 quingentesi-

130 2329 188 2354 mo
207 2319 243 2352 et
261 2314 375 2350 altero
394 2322 488 2348 anno
508 2309 550 2346 ab
569 2307 656 2344 urbe
673 2307 832 2347 condita,
843 2302 946 2352 facti
963 2300 1078 2335 erant.
1114 2290 1247 2340 Legati
