1546 2648
126 261 216 293 U.C.
234 268 308 293 ⁵84.

124 307 166 337 A.
179 305 216 336 C.
235 310 308 337 168.

338 157 422 212 460
783 167 829 196 Τ.
855 167 988 197 mvn

597 269 623 294 ψ
786 268 811 292 ‹x-
975 268 999 292 {-
1164 268 1187 290 »ἡ

342 332 383 364 to
404 338 464 369 eo,
484 323 719 361 tradiderunt
738 334 790 359 se.

395 388 555 427 XXXI.
583 387 773 437 Deinceps
793 391 832 422 et
851 384 960 422 urbes
981 384 1145 434 regionis
1171 382 1250 434 ejus
1271 383 1369 420 idem
1386 382 1444 420 fa-

341 453 508 497 ciebant,
518 451 719 502 adjuvante
731 449 1017 486 inclinationem
1025 449 1236 484 animorum
1245 446 1447 484 clementia

340 520 382 557 in
401 530 530 556 omnes
551 523 589 553 et
596 515 749 567 justitia
763 514 934 564 praetoris
946 512 1125 549 Romani.
1179 512 1242 548 Ad
1264 511 1446 548 Scodram

341 583 429 620 inde
447 587 600 618 ventum
619 584 690 622 est,
710 578 748 614 id
766 577 867 627 quod
883 575 971 612 belli
993 583 1107 626 caput
1125 576 1247 612 fuerat
1261 591 1272 620 3
1303 587 1380 611 non
1401 587 1447 611 eo

342 647 479 689 solum,
509 644 611 694 quod
631 642 791 679 Gentius
820 653 903 677 eam
930 639 1003 676 sibi
1035 645 1184 689 ceperat
1211 638 1314 674 velut
1341 638 1446 687 regni

342 711 462 748 totius
482 722 619 751 arcem,
640 707 705 744 sed
724 706 837 742 etiam
857 704 959 754 quod
976 702 1202 740 Labeatium
1223 702 1345 751 gentis
1366 714 1449 738 mu-

344 775 532 813 nitissima
550 772 663 821 longe
689 776 747 807 est
770 775 808 806 et
826 767 984 805 difficilis
1004 767 1121 803 aditu.
1176 765 1267 802 Duo
1292 765 1451 814 cingunt

346 853 429 878 eam
446 838 616 881 flumina,
632 834 808 873 Clausala
821 833 938 870 latere
956 831 1073 875 urbis,
1089 831 1190 880 quod
1206 831 1246 867 in
1266 830 1450 866 orientem

346 910 468 956 patet,
486 901 696 954 praefluenS,
715 898 894 937 Barbatia
917 895 965 932 ab
991 895 1146 943 regione
1165 893 1386 936 occidentis,
1408 905 1454 929 ex

350 966 559 1006 Labeatide
577 963 713 1016 palude
731 962 855 999 oriens
871 975 879 996 ι
910 960 951 996 hi
969 959 1044 995 duo
1070 970 1196 994 amnes
1217 957 1450 994 confluentes

347 1032 520 1070 incidunt
548 1028 711 1066 Oriundi
734 1025 904 1070 flumini3
936 1023 1052 1073 qnod,
1085 1029 1210 1058 ortum
1242 1033 1289 1057 ex
1319 1026 1451 1057 monte

349 1095 508 1138 sondro,
526 1092 654 1130 multis
674 1099 713 1127 et
736 1089 818 1126 aliis
846 1093 997 1124 auctum
1017 1085 1138 1135 aquis,
1163 1084 1258 1120 mari
1288 1083 1452 1120 Hadria-

346 1160 426 1197 tico
451 1157 623 1195 infertur.
677 1153 794 1191 Mons
824 1151 999 1194 Scodrus,
1028 1149 1143 1198 longe
1172 1147 1374 1185 altissimus
1393 1159 1454 1183 re-

348 1222 473 1273 gionis
492 1219 588 1271 ejuS,
608 1218 655 1256 ab
676 1218 822 1254 oriente
839 1214 1072 1252 Dardaniam
1095 1210 1303 1262 subjectam
1322 1209 1452 1254 habet,

349 1301 374 1326 a
390 1286 546 1324 meridie
559 1282 839 1324 Macedoniam,
856 1279 904 1316 ab
924 1290 1060 1315 occasu
1076 1276 1280 1326 Illyricum.
1308 1274 1454 1315 Quam-

349 1364 463 1402 quam
481 1349 668 1387 munitum
687 1347 762 1384 situ
780 1342 943 1381 naturali
972 1340 1152 1391 oppidum
1172 1332 1265 1382 erat,
1287 1349 1454 1387 gensque

350 1416 390 1454 id
406 1421 491 1452 tota
501 1413 717 1464 lllyriorum
736 1415 774 1446 et
789 1421 854 1445 rex
872 1408 951 1457 ipse
966 1404 1156 1447 tuebatur,
1171 1409 1299 1440 tamen
1314 1407 1454 1452 praetor

349 1479 565 1522 Romanus,
585 1476 674 1527 quia
691 1474 812 1526 prima
831 1474 1087 1508 successerant
1112 1478 1303 1518 prospere,
1331 1465 1455 1501 fortu-

352 1556 443 1582 nam
470 1542 588 1579 totius
619 1540 675 1577 rei
706 1535 892 1588 principia
920 1539 1133 1570 secuturam
1162 1542 1242 1567 esse
1269 1535 1386 1572 ratus,
1417 1534 1455 1564 et

351 1607 593 1660 repentinum
617 1603 820 1640 valiturum
849 1605 1045 1640 terrorem,
1075 1596 1261 1632 instructo
1289 1592 1456 1630 exercitu

352 1672 402 1710 ad
429 1670 571 1709 moenia
589 1667 768 1706 succedit.
823 1663 938 1704 Quod
967 1663 998 1699 si
1025 1660 1160 1698 clausis
1189 1659 1309 1710 portis
1328 1669 1455 1694 muros

352 1743 623 1789 portarumque
641 1740 776 1775 turres,
793 1728 984 1780 dispositis
1004 1726 1171 1768 armatis,
1188 1723 1455 1766 defendissent,

352 1813 452 1838 vano
478 1812 563 1836 cum
592 1799 745 1846 incepto
771 1792 958 1830 moenibns
982 1789 1214 1842 pepulissent
1231 1787 1455 1824 Romanos:

352 1877 469 1908 nune,
504 1868 616 1913 porta
651 1858 804 1908 egressi,
842 1854 1017 1906 proelium
1049 1852 1135 1889 loco
1172 1863 1280 1901 aequo
1314 1848 1457 1900 majore

353 1929 482 1968 animo
498 1925 781 1964 commiserunt,
798 1932 909 1970 quam
928 1918 1199 1955 sustinuerunt.
1238 1914 1342 1951 Pulsi
1358 1915 1460 1951 enim

354 2000 393 2031 et
417 1993 509 2042 fuga
537 1986 770 2038 conglobati,
801 1997 914 2034 quum
944 1981 1095 2019 ducenti
1120 1979 1278 2030 amplius
1305 1980 1343 2016 in
1370 1977 1460 2029 ipsis

354 2058 526 2097 faucibus
552 2061 671 2106 portae
701 2051 936 2091 cecidissent,
966 2053 1115 2084 tantum
1143 2043 1353 2081 intulerunt
1381 2050 1457 2079 ter-

355 2133 493 2164 rorem,
516 2125 557 2156 ut
575 2124 744 2155 oratores
772 2112 960 2162 extemplo
991 2111 1037 2147 ad
1064 2115 1264 2159 praetorem
1292 2107 1460 2143 mitteret

356 2184 516 2221 Gentius
536 2181 737 2218 Teuticum
756 2184 793 2214 et
820 2175 984 2217 Bellum,
1013 2173 1199 2223 principes
1228 2171 1364 2221 gentis,
1394 2182 1461 2221 per

357 2260 451 2299 quos
471 2246 638 2283 inducias
658 2248 816 2294 peteret,
836 2245 878 2276 ut
903 2237 1109 2274 deliberare
1135 2236 1180 2272 de
1208 2242 1310 2272 statu
1336 2246 1459 2270 rerum

359 2324 509 2350 suarum
527 2315 667 2364 posset.
722 2306 866 2345 Triduo
899 2304 938 2340 in
966 2303 1040 2340 hoc
1063 2302 1166 2346 dato,
1196 2312 1310 2351 quum
1339 2304 1462 2336 castra
