1546 2648
328 169 410 214 170
499 184 503 191 -
780 172 828 200 T.
852 173 987 202 mvn

128 264 221 297 U.C.
238 270 311 298 ⁵66.
323 263 403 299 nati
410 261 553 312 forent,
577 261 753 309 (ipsorum
771 262 810 297 id
829 274 963 309 magna
980 273 1023 297 ex
1043 266 1151 309 parte
1170 262 1320 299 dedecus
1338 263 1437 310 erat)
1539 265 1546 325 J

126 309 167 340 A·
182 308 220 341 C·
239 314 310 341 ¹⁸6'
322 340 346 363 a
353 326 584 377 facinoribus
600 338 740 368 manus,
759 330 912 362 mentem
931 338 955 361 a
962 324 1161 374 fraudibus
1178 326 1438 364 abstinuissent.
1527 329 1546 375 Ἰ

322 393 528 440 Numquam
545 396 685 427 tantum.
700 391 838 427 malum
858 392 894 426 in
908 390 1090 439 republica
1096 389 1194 440 fuit,
1210 403 1274 428 nec
1289 393 1338 428 ad
1350 393 1438 440 plu·
1539 380 1542 386 ¹

319 468 388 499 res,
408 467 472 492 nec
485 456 533 492 ad
548 456 658 503 plura
680 456 887 503 pertinens:
916 456 1090 503 quidquid
1115 455 1170 491 his
1188 457 1291 493 annis
1317 456 1436 493 libidi-

317 532 375 563 ne,
397 521 572 569 quidquid
579 520 736 569 fraude,
756 522 932 569 quidquid
949 522 1080 557 scelere
1102 527 1291 570 peccatum
1309 527 1373 566 est,
1394 535 1437 559 ex

317 586 383 622 illo
401 597 471 622 uno
495 586 655 621 sacrario
677 586 804 621 scitote
828 590 946 622 ortum
971 598 1053 622 esse.
1110 586 1275 623 Necdum
1299 589 1435 631 omnia,

317 651 357 686 in
384 662 463 698 quae
494 648 782 696 conjuraverunt,
813 651 912 686 edita
936 649 1113 699 facinora
1135 651 1288 687 habent:
1316 651 1437 689 adhuc

314 715 468 762 privatis
494 714 621 756 noxiis,
652 715 739 761 quia
765 715 924 750 nondum
951 714 1001 749 ad
1029 714 1283 762 rempublicam
1314 715 1435 763 obpri-

315 777 485 813 mendam
511 778 600 813 satis
626 778 758 813 virium
777 781 841 819 est,
872 775 1071 824 conjuratio
1097 789 1168 814 sese
1186 779 1286 826 inpia
1315 782 1436 816 tenet.-

314 842 440 878 crescit
457 846 492 877 et
508 843 621 890 serpit
639 843 799 890 quotidie
821 843 957 879 malum
970 859 982 878 .·
1003 840 1086 889 jam
1103 841 1221 888 majus
1238 847 1303 886 est,
1324 855 1434 892 quam

313 910 355 942 ut
373 917 500 954 capere
516 907 556 942 id
570 907 719 954 privata
733 905 891 954 fortuna
906 907 1019 954 possit
1028 922 1042 950 ,·
1071 907 1119 942 ad
1142 918 1318 942 summam
1335 919 1431 944 rem·
1545 947 1546 954 ἶ

308 969 495 1018 publicam
511 974 661 1018 spectat.
718 970 800 1006 Nisi
818 971 1038 1018 praecavetis,
1061 970 1234 1013 Quirites,
1246 969 1328 1017 jam
1347 971 1431 1009 huic
1542 956 1546 1012 1⁵

313 1034 465 1076 diurnoe,
479 1034 636 1081 legitime
653 1033 697 1069 ab
713 1035 855 1069 consule
872 1039 1019 1076 vocatoe,
1033 1047 1103 1082 par
1120 1039 1294 1070 nocturna
1309 1037 1432 1072 concio
1542 1021 1546 1034 Α

311 1108 383 1134 esse
398 1099 558 1146 poterit:
585 1109 680 1133 nunc
700 1098 757 1133 illi
771 1109 831 1133 vos
847 1098 978 1145 singuli
994 1099 1172 1134 universos
1185 1099 1432 1135 concionantes

312 1162 465 1198 timent:
482 1161 580 1208 jam,
609 1161 670 1198 ubi
688 1174 749 1198 vos
777 1162 910 1210 dilapsi
929 1163 1051 1198 domos
1078 1166 1114 1197 et
1141 1162 1179 1197 in
1198 1173 1287 1198 rura
1314 1167 1432 1199 vestra

310 1227 425 1268 eritis,
446 1226 504 1262 illi
528 1226 688 1269 co‘ierint,
709 1225 958 1262 consultabunt
977 1227 1021 1262 de
1039 1238 1104 1262 sua
1127 1227 1246 1262 salute
1261 1227 1371 1263 simul
1387 1239 1431 1263 ac

309 1294 430 1327 vestra
461 1291 621 1339 pernicie
630 1306 644 1334 ,·
673 1294 750 1326 tum
783 1290 933 1337 singulis
967 1290 1061 1326 vobis
1091 1291 1244 1326 universi
1280 1292 1431 1328 timendi

309 1358 427 1391 erunt.
485 1354 620 1402 Optare
656 1355 768 1403 igitur
798 1355 1037 1401 unusquisque
1065 1352 1221 1389 vestram
1245 1353 1360 1398 debet,
1389 1359 1432 1392 ut

308 1418 401 1456 bona
419 1430 516 1454 mens
533 1420 606 1454 suis
623 1418 783 1454 omnibus
799 1417 930 1467 fuerit.
987 1417 1030 1453 Si
1047 1430 1150 1466 quem
1170 1418 1292 1470 libido,
1311 1420 1344 1455 si
1357 1419 1427 1466 fu-

307 1495 371 1520 ror
389 1485 427 1520 in
446 1483 551 1520 illum
566 1485 748 1531 gurgitem
771 1483 943 1531 abripuit,
965 1484 1111 1519 illorum
1135 1495 1230 1526 eum,
1251 1496 1332 1519 cum
1350 1485 1430 1532 qui-
1545 1527 1546 1539 χ

309 1547 371 1585 bus
387 1550 425 1584 in
444 1559 547 1584 omne
559 1548 753 1598 flagitium
771 1552 806 1583 et
823 1546 976 1596 facinus
994 1545 1206 1594 conjuravit,
1236 1559 1308 1583 non
1324 1560 1439 1585 suum·
1530 1547 1546 1602 ff

300 1610 445 1659 judicet
468 1623 550 1648 esse.
607 1611 664 1647 Ne
692 1613 771 1660 quis
798 1613 909 1647 etiam
938 1622 1057 1647 errore
1085 1610 1243 1653 labatur,
1272 1610 1430 1649 vestram
1479 1660 1481 1662 q

308 1688 448 1725 quoque
463 1687 535 1712 non
557 1687 636 1712 sum
653 1687 819 1711 securus:
846 1674 940 1711 nihil
969 1676 1062 1710 enim
1081 1675 1119 1710 in
1142 1674 1427 1724 speciemfalla·
1539 1684 1543 1727 ξ

307 1741 382 1778 cius
402 1744 466 1783 est,
482 1751 591 1788 quam
607 1751 724 1787 prava
739 1739 877 1786 religio.
921 1737 990 1774 Ubi
1003 1738 1171 1774 Deorum
1185 1750 1315 1774 numen
1329 1751 1426 1787 prae-
1540 1731 1542 1738 ¹

309 1807 468 1843 tenditur
491 1805 690 1847 sceleribus,
709 1804 801 1841 subit
829 1805 991 1840 animum
1016 1805 1136 1846 timor,
1162 1815 1207 1840 ne
1224 1803 1427 1853 fraudibus

307 1870 474 1907 humanis
491 1869 716 1906 vindicandis
734 1870 846 1905 divini
862 1867 959 1915 juris
978 1868 1118 1916 aliquid
1143 1869 1333 1906 inmirtum
1349 1872 1426 1906 vio·
1539 1830 1543 1897 ι

308 1935 431 1972 lemus.
486 1935 570 1971 Hac
587 1946 648 1971 vos
671 1934 844 1981 religione
870 1933 1146 1969 innumerabilia
1163 1934 1307 1970 decreta
1330 1947 1424 1983 pon·
1537 1920 1541 1971 ἶ

307 2001 455 2049 tifiwm,
487 1999 808 2041 senatusconsulta,
846 2000 1050 2047 aruspicum
1082 1999 1233 2047 denique
1258 2010 1427 2048 responsa

307 2065 470 2101 liberant.
529 2065 675 2105 Quoties
693 2063 758 2100 hoc
774 2068 929 2112 patrum
954 2075 1171 2112 avorumque
1188 2067 1294 2101 aetate
1317 2075 1425 2113 nego-

307 2131 399 2166 tium
427 2134 477 2166 est
504 2129 772 2177 vizagistratibus
799 2129 940 2171 datum,
969 2133 1011 2164 ut
1036 2140 1140 2164 sacra
1169 2133 1314 2165 externa
1337 2129 1427 2179 fieri
1515 2149 1519 2199 ἴ

305 2199 481 2237 vetarent,
500 2194 717 2244 sacrificulos
734 2198 900 2243 vatesque
907 2193 1012 2243 foro,
1033 2195 1140 2237 circo,
1160 2193 1246 2230 urbe
1257 2193 1422 2243 prohibe·
1512 2194 1535 2263 1}

302 2264 396 2303 rent,
416 2260 591 2297 vaticinos
610 2259 716 2296 libros
735 2260 983 2308 conquirerent
1002 2258 1328 2308 comburerentque‚
1344 2270 1418 2296 om·
1514 2278 1515 2281 =
1531 2279 1534 2306 5

1531 2319 1533 2342 4

1496 2327 1509 2342 Q
