1546 2648
323 172 409 219 520
775 177 822 207 Τ.
847 177 983 210 mvn

106 263 197 296 U·C·
217 269 291 297 ⁵8⁵·
325 266 497 304 Nomina
512 267 646 304 deinde
660 272 750 305 sunt
767 270 926 307 recitata
939 271 1155 323 principum
1167 272 1439 320 Macedonum,

106 307 291 401 ssiigcipgss·
327 342 421 380 quos
441 344 528 368 cum
546 331 688 376 liberis,
709 332 916 383 majoribus
940 346 1052 384 quam
1073 337 1288 387 quindecim
1319 351 1439 376 annos

108 405 303 456 ‘Macedtones
325 396 440 439 natis,
459 396 670 446 praecedere
689 397 728 433 in
749 396 900 435 Italiam
919 399 1096 450 placeret.
1141 401 1199 445 ld,
1219 405 1342 452 prima
1356 414 1442 454 spe-

107 449 286 533 ἰἶὲῒέἐὶῗη
325 460 383 496 cie
409 471 562 505 saevum,
593 473 682 498 mox
713 462 887 512 adparuit
920 464 1155 502 multitudini
1181 465 1440 505 Macedonum

323 535 394 576 pro
412 523 588 562 libertate
613 538 681 562 sua
700 537 782 562 esse
801 526 945 564 factum
965 544 972 565 :
1005 531 1193 567 nominati
1223 537 1312 568 sunt
1335 532 1437 569 enim

323 588 423 638 regis
453 589 564 626 amici
593 590 881 640 purpuratique,
915 591 1027 629 duces
1061 595 1311 639 exercituum,
1341 604 1439 646 prae-

322 652 414 690 fecti
441 653 595 689 navium
625 661 692 690 aut
724 654 1010 704 praesidiorum3
1044 659 1182 694 servire
1206 659 1286 708 regi
1313 659 1441 696 humi-

321 713 424 760 liter,
445 716 526 753 aliis
547 716 707 768 superbe
726 719 910 769 imperare
929 720 1076 757 adsueti
1094 735 1101 756 :
1124 722 1338 772 praedivites
1359 723 1438 768 alii,

324 779 402 824 alii,
420 792 514 829 quos
533 779 690 818 fortuna
705 793 783 818 non
802 788 1010 831 aequarent,
1025 785 1084 820 his
1104 784 1289 822 sumtibus
1304 796 1413 837 pares
1428 801 1438 823 :

324 845 449 894 regius
470 845 646 883 omnibus
665 846 785 883 victus
812 848 1045 898 vestitusque
1064 863 1072 886 ε
1103 849 1197 886 nulli
1217 850 1336 887 civilis
1357 850 1441 888 ani-

325 922 422 954 muS,
453 923 575 961 neque
603 911 731 961 legum
767 924 889 963 neque
920 912 1107 952 libertatis
1141 928 1256 964 aequae
1276 916 1438 967 patiens,

326 974 469 1011 Omnes
500 976 630 1025 igitur,
661 977 725 1025 qui
760 977 799 1012 in
833 975 1021 1026 aliquibus
1057 979 1276 1015 ministeriis
1309 981 1439 1028 regiis,

327 1039 441 1076 etiam
471 1041 536 1089 qui
573 1041 611 1076 in
644 1041 808 1078 minimis
841 1041 1095 1091 legationibus
1133 1042 1296 1087 fuerant,
1339 1043 1439 1093 jussi

326 1102 556 1141 Macedonia
584 1105 778 1149 excedere,
802 1113 915 1155 atque
937 1107 975 1142 in
997 1104 1148 1143 Italiam
1168 1107 1244 1143 ire:
1277 1107 1340 1156 qui
1361 1120 1439 1146 non

111 1167 208 1207 Leges
224 1170 279 1217 dat⁴
326 1169 513 1219 paruisset
531 1169 705 1220 imperio,
726 1183 826 1208 mors
847 1171 1087 1208 denunciata.
1124 1170 1438 1221 LegesMacedo-

109 1210 310 1287 ἕῖἳῗέξωέ
323 1233 396 1269 niae
416 1233 517 1270 dedit
550 1245 636 1271 cum
665 1241 773 1272 tanta
798 1247 900 1279 cura,
929 1242 970 1272 ut
1000 1247 1078 1272 non
1107 1235 1281 1273 hostibus
1312 1237 1435 1282 victis,

325 1297 390 1334 sed
410 1298 521 1334 sociis
540 1297 639 1335 bene
664 1300 821 1343 meritis,
853 1300 942 1337 dare
967 1300 1178 1338 videretur:
1211 1308 1249 1337 et
1278 1310 1370 1351 quas
1389 1313 1438 1338 ne

325 1373 412 1398 usus
443 1362 594 1412 quidem
626 1362 745 1413 longo
777 1371 948 1415 tempore
980 1365 1060 1414 (qui
1091 1377 1186 1401 unus
1224 1371 1281 1402 est
1309 1365 1434 1414 legum

325 1427 542 1473 conrector)
577 1429 803 1478 experiendo
837 1436 1023 1478 argueret.
1088 1429 1150 1466 Ab
1184 1430 1290 1466 seriis
1321 1430 1432 1466 rebus

324 1489 524 1535 ludicrum,
544 1491 646 1541 quod
665 1505 711 1528 ex
727 1492 846 1529 multo
867 1500 954 1529 ante
973 1499 1200 1544 praeparato,
1221 1500 1259 1530 et
1278 1495 1316 1530 in
1332 1493 1434 1530 Asiae

325 1555 512 1600 civitates,
533 1563 571 1593 et
603 1557 650 1593 ad
683 1569 788 1607 reges
820 1558 956 1601 missis,
988 1559 1052 1608 qui
1082 1557 1368 1602 denunciarent,
1398 1565 1435 1595 et

323 1631 440 1669 quum
474 1621 689 1658 circumiret
720 1623 801 1673 ipse
837 1622 994 1660 Graeciae
1028 1623 1214 1666 civitates,
1248 1623 1434 1659 indixerat

323 1684 572 1736 principibus,
589 1699 728 1736 magno
744 1687 926 1737 adparatu
945 1686 1168 1738 Amphipoli
1185 1686 1289 1724 fecit.
1330 1686 1433 1723 Nam

324 1754 363 1783 et
382 1749 566 1786 artificum
588 1751 710 1786 omnis
732 1751 892 1799 generis,
925 1751 988 1800 qni
1018 1750 1200 1786 ludicram
1232 1755 1350 1786 artem
1376 1749 1434 1786 fa-

324 1810 489 1856 ciebant,
511 1825 557 1849 ex
576 1820 660 1850 toto
680 1814 770 1850 orbe
791 1821 973 1850 terrarum
996 1814 1212 1857 multitudo,
1243 1819 1280 1849 et
1310 1813 1432 1849 athle-

322 1884 461 1922 tarum,
482 1884 519 1914 et
537 1878 723 1915 nobilium
743 1891 923 1927 equorum
941 1879 1117 1915 convenit
1132 1893 1140 1914 :
1164 1886 1202 1914 et
1220 1877 1431 1926 legationes

317 1956 409 1979 cum
427 1943 604 1986 victim1s‚
624 1932 662 1980 et
688 1944 866 1993 quidquid
893 1944 993 1980 aliud
1021 1943 1190 1980 Deorum
1215 1943 1431 1980 hominum-

321 2019 393 2055 que
413 2019 546 2043 caussa
564 2007 643 2044 fieri
671 2008 816 2057 maguis
847 2007 942 2043 ludis
972 2008 1011 2043 in
1037 2007 1185 2043 Graecia
1203 2006 1313 2043 solet.
1371 2005 1432 2042 Ita

318 2070 463 2107 factum
480 2077 550 2114 est,
571 2077 613 2107 ut
631 2081 707 2107 non
725 2071 1045 2120 magnificentiam
1065 2078 1229 2114 tantum,
1256 2069 1320 2106 sed
1340 2076 1430 2120 pru-

319 2135 488 2173 dentiam
514 2137 554 2172 in
587 2136 717 2172 dandis
749 2137 986 2186 spectaculis,
1019 2137 1065 2173 ad
1095 2148 1177 2185 quae
1210 2136 1321 2172 rudes
1349 2141 1430 2171 tum

317 2198 486 2236 Romani
521 2207 641 2245 erant,
672 2201 958 2238 admirarentur.
1024 2200 1158 2251 Epulce
1191 2210 1342 2250 qnoque
1375 2198 1428 2236 le-

316 2263 535 2313 gationibus
554 2271 695 2315 paratae
715 2271 753 2301 et
773 2264 968 2316 opulentia
987 2271 1023 2302 et
1045 2277 1134 2302 cura
1153 2264 1294 2302 eadem.
1334 2261 1428 2299 Vui-
