1546 2648
318 163 403 203 '106
477 218 481 225 Δ
779 175 824 205 τ.
849 175 982 206 mvn

140 262 182 293 U.
196 263 233 294 C.
249 267 323 294 ⁵63.

139 307 180 336 Α.
197 307 233 337 C.
252 313 325 339 189.

143 592 183 623 111
198 592 314 623 Tecto-

142 645 235 674 sagos
251 645 322 674 pro-

143 678 297 709 ficiscitur

143 729 210 751 cos.

144 900 278 932 Gallicae

143 944 276 983 captivae

143 987 279 1018 facinus.

334 261 444 298 eione
471 274 601 299 omnes
630 269 732 306 sunt,
761 263 966 313 donatique
1001 276 1070 314 pro
1098 263 1234 300 merito
1260 262 1441 312 quisque;

335 332 424 363 ante
436 339 565 363 omnes
578 327 744 370 Attalus,
758 340 904 364 summo
918 334 1128 364 ceterorum
1147 327 1309 364 adsensu
1323 340 1330 362 :
1352 337 1442 362 nam

336 389 534 439 singularis
562 389 641 440 ejus
663 389 815 440 juvenis
835 404 951 439 quum
979 391 1097 427 virtus
1126 398 1165 427 et
1191 390 1377 426 industria
1404 388 1444 424 in

337 455 512 492 omnibus
531 454 724 492 laboribus
744 454 1008 505 periculisque,
1024 462 1106 492 tum
1125 455 1310 493 modestia
1329 453 1443 489 etiam

336 519 472 556 fuerat.

390 581 544 619 XXIV,
588 581 789 632 Supererat
816 581 957 620 bellum
979 584 1170 633 integrum
1199 595 1282 619 cum
1303 580 1444 617 Tecto-

338 647 451 696 sagiS.
507 646 568 682 Ad
583 659 646 682 eos
663 646 854 696 profectus
871 648 1017 690 consul,
1033 648 1154 683 tertiis
1171 646 1301 683 castris
1317 645 1446 693 Ancy-

337 722 432 753 ram,
461 709 630 746 nobilem
659 709 696 745 in
727 709 799 745 illis
828 709 920 746 locis
958 710 1104 753 urbem,
1134 709 1318 759 pervenit,
1348 706 1447 742 unde

337 775 466 810 hostes
486 773 614 824 paullo
633 772 716 823 plus
736 773 865 810 decem
884 774 1003 811 millia
1021 774 1191 811 aberant.
1235 772 1313 809 Ubi
1332 782 1447 820 quum

339 838 476 874 stativa
496 844 634 880 essent,
655 837 801 873 facinus
822 838 1066 875 memorabile
1093 852 1116 875 a
1134 837 1283 888 captiva
1301 835 1445 872 factum

338 908 407 939 est.
463 901 701 950 Ortiagontis
721 901 841 950 reguli
857 916 953 939 uxor
968 903 1090 939 forma
1106 902 1242 938 eximia
1255 899 1446 936 custodie-

335 965 448 1002 batur
475 967 573 1002 inter
593 965 718 1015 plures
752 967 935 1016 captivos,
969 968 1028 1002 cui
1062 965 1241 1003 custodiae
1274 962 1451 1000 centurio

333 1035 507 1081 praeerat,
529 1036 566 1065 et
584 1028 750 1065 libidinis
771 1037 809 1065 et
827 1030 992 1065 avaritiae
1015 1029 1200 1065 militaris.
1258 1027 1294 1063 Is
1322 1026 1446 1077 primo

334 1093 414 1143 ejus
445 1094 613 1130 animum
638 1094 823 1129 tentavit:
856 1106 966 1142 quem
997 1106 1111 1142 quum
1139 1092 1405 1128 abhorrentem
1425 1101 1448 1125 a·

332 1157 549 1193 voluntario
568 1156 709 1191 videret
729 1162 874 1205 stupro,
897 1157 1061 1205 corpori,
1083 1154 1184 1204 quod
1203 1166 1350 1190 servum
1365 1151 1446 1188 for·

333 1227 428 1256 tuna
447 1226 540 1262 erat,
562 1220 636 1255 vim
656 1219 758 1255 fecit.
805 1219 968 1263 Deinde,
990 1220 1035 1256 ad
1052 1218 1264 1255 leniendam
1279 1215 1445 1265 indigni-

335 1290 454 1321 tatem
473 1283 634 1334 injiu·iae,
649 1295 752 1334 spem
771 1284 912 1320 reditus
933 1284 978 1320 ad
999 1296 1086 1320 suos
1106 1282 1254 1319 mulieri
1269 1281 1383 1326 facit3
1407 1284 1446 1315 et

334 1361 384 1385 ne
414 1361 496 1384 eam
524 1347 688 1396 quidem,
719 1354 761 1383 ut
793 1360 937 1390 amanS,
968 1348 1196 1395 gratuitam:
1229 1351 1332 1381 certo
1361 1343 1445 1380 auri

333 1411 501 1462 pondere
521 1416 666 1461 pactus,
687 1423 734 1448 ne
755 1423 865 1460 quem
885 1412 1079 1447 conscium
1099 1422 1251 1446 suorum
1269 1408 1444 1450 haberet,

332 1476 405 1526 ipsi
421 1475 620 1525 permittit,
638 1480 692 1517 ut,
709 1487 819 1523 quem
836 1474 961 1518 vellet,
979 1487 1095 1511 unum
1111 1486 1157 1511 ex
1173 1472 1330 1523 captivis
1344 1482 1445 1507 nun-

335 1539 435 1574 cium
455 1538 501 1574 ad
519 1550 606 1573 suos
635 1538 814 1576 mitteret.
870 1538 1018 1574 Locum
1046 1550 1164 1589 prope
1183 1537 1322 1573 fiumen
1352 1547 1443 1570 con-

334 1602 483 1647 stituit3
516 1613 591 1650 quo
616 1601 706 1644 duo,
735 1613 783 1637 ne
815 1601 913 1651 plus,
942 1601 1144 1638 necessarii
1173 1599 1330 1650 eaptivae
1359 1608 1445 1634 cum

336 1679 429 1703 auro
446 1665 615 1701 venirent
635 1671 747 1702 nocte
766 1665 981 1714 insequenti
1000 1666 1048 1701 ad
1072 1678 1154 1701 eam
1174 1661 1443 1714 accipiendam.

333 1730 451 1768 Forte
471 1730 589 1779 ipsius
618 1728 784 1765 mulieris
804 1742 930 1766 servus
959 1731 1057 1766 inter
1078 1730 1248 1779 captivos
1278 1725 1446 1777 ejusdem

336 1794 518 1830 custodiae
539 1800 641 1829 erat:
673 1793 774 1829 hunc
797 1795 977 1830 nuncium
996 1795 1125 1844 primis
1152 1792 1317 1829 tenebris
1337 1797 1445 1827 extra

335 1860 520 1896 stationes
538 1859 709 1894 centurio
738 1859 877 1897 educit.
931 1859 1058 1895 Nocte
1077 1858 1290 1907 insequenti
1312 1862 1350 1893 et
1368 1856 1444 1892 duo

334 1922 536 1959 necessarii
553 1921 718 1957 mulieris
735 1922 781 1958 ad
795 1923 1045 1959 constitutum
1061 1922 1200 1964 locum,
1219 1928 1255 1956 et
1271 1920 1446 1957 centurio

334 2000 420 2024 cum
446 1987 596 2036 captiva
622 1987 748 2024 venit:
786 1987 850 2023 ubi
876 2000 991 2037 quum
1024 1999 1156 2024 aurum
1186 1985 1443 2028 ostenderent,

333 2051 436 2100 quod
465 2063 649 2087 summam
675 2050 808 2087 talenti
829 2052 951 2087 Attici
973 2052 1086 2098 (tanti
1107 2051 1207 2086 euim
1226 2047 1438 2099 pepigerat)

335 2113 526 2164 expleret3
558 2114 691 2150 mulier
724 2114 854 2163 lingua.
879 2128 959 2159 sua,
988 2117 1199 2163 stringerent
1212 2113 1375 2162 ferrum,
1408 2117 1443 2149 et

331 2180 572 2214 centurionem
596 2183 806 2226 pensantem
832 2191 961 2215 aurum
993 2180 1202 2221 occiderent,
1231 2175 1440 2226 imperavit.

330 2241 502 2290 Jugulati
515 2242 711 2291 praecisum
727 2249 840 2292 caput
856 2244 935 2293 ipsa
955 2243 1165 2280 involutum
1186 2247 1287 2278 veste
1299 2240 1439 2282 ferens,

330 2305 377 2343 ad
396 2307 515 2343 virum
536 2305 819 2357 Ortiagontem,
834 2308 897 2357 qui
917 2307 964 2344 ab
983 2307 1148 2360 Olympo
1168 2308 1322 2345 domum
1338 2303 1440 2342 refu-
