1546 2648
307 184 463 215 LIBER
485 182 692 213 xxxvu.
725 181 833 211 CAP.
857 183 986 212 LVII.
1152 181 1202 226 71

84 276 382 326 prcficisceretur,
409 287 521 324 eaque
547 276 580 311 ei
611 275 797 320 provincia
822 279 920 310 esset.
977 273 1066 311 Hoc
1097 286 1205 311 sena-
1219 283 1313 314 uc.
1329 289 1402 316 563.

89 340 367 376 tusconsultum
391 340 584 389 literaeque
611 353 633 376 a
660 339 723 390 Sp.
746 339 946 378 Postumio
975 347 1138 390 praetore
1167 341 1206 376 in
1222 328 1309 359 ΑὈ·
1329 334 1402 362 ¹⁸9·

86 405 280 442 Etruriam
311 407 434 442 missae
461 413 579 442 sunt:
612 405 882 456 profectusque
910 405 948 441 in
978 405 1207 455 Hispaniam

88 476 145 506 est
178 471 220 508 P.
247 471 385 508 Junius
416 477 638 522 propraetor.
697 471 741 506 In
773 483 846 520 qua
878 471 1075 519 provincia
1102 471 1205 520 prius
1221 465 1376 515 AEnfflius

87 534 299 585 aliquanto,
321 549 433 586 quam
455 548 650 572 successor
661 536 820 578 veniret,
837 535 883 571 L.
898 535 1078 571 AEmilius
1094 535 1208 572 Paul·
1220 511 1390 585 &itsssgffinoe

85 600 159 645 lus,
190 602 253 651 qui
286 608 418 651 postea
451 614 578 651 regem
609 601 749 637 Persea
783 614 923 649 magua
955 599 1077 649 gloria
1102 601 1208 645 vicit,

86 678 202 715 quum
231 666 358 716 priore
377 678 478 701 anuo
507 665 607 701 haud
637 678 816 715 prospere
836 678 915 701 rem
935 665 1126 714 ge=sisset,
1148 672 1210 702 tu-

85 729 291 766 multuario
329 731 497 766 exercitu
536 729 725 772 conlecto,
765 729 882 778 siguis
924 729 1085 765 conlatis
1124 741 1211 766 cum

84 793 281 830 Lusitanis
314 794 511 845 pugnavit.
567 793 658 830 Fusi
698 793 894 842 fugatique
928 800 1015 829 sunt
1048 794 1207 830 hostes:

87 870 185 894 caesa
210 858 337 895 decem
366 865 404 895 et
433 865 522 896 octo
552 858 670 894 millia
698 864 958 904 armatorum3
992 858 1066 895 tria
1092 857 1211 895 millia

85 924 247 959 trecenti
276 923 392 973 capti,
424 929 463 959 et
495 930 619 959 castra
650 929 880 973 expugnata.
937 923 1065 973 Hujus
1087 923 1209 959 victo-

85 989 152 1025 riae
171 989 273 1026 fama
291 989 573 1039 tranquilliores
594 989 632 1024 in
664 988 854 1039 Hispania
883 1000 941 1025 res
967 988 1071 1025 fecit.
1127 989 1208 1026 Eo-

88 1053 174 1090 dem
208 1067 310 1090 anno
340 1061 429 1090 ante
460 1054 560 1090 diem
593 1054 747 1089 tertium
779 1053 975 1090 Kalendas
1005 1053 1207 1091 Januarias

87 1117 306 1155 Bononiam
325 1118 507 1155 Latinam
527 1118 719 1155 coloniam
740 1132 786 1155 ex
806 1118 1140 1155 senatusconsulto
1159 1119 1206 1156 L.

88 1181 260 1219 Valerius
287 1182 460 1227 Flaccus,
490 1183 548 1219 M.
568 1183 709 1219 Atilius
741 1183 937 1227 Serranus,
966 1183 1012 1220 L.
1032 1183 1206 1221 Valerius

87 1247 242 1298 Tappus
269 1248 455 1284 triumviri
483 1248 742 1285 deduxerunt:
775 1248 849 1284 tria
869 1248 987 1284 millia
1009 1249 1209 1285 hominum

86 1319 175 1348 sunt
197 1312 384 1348 deducta:
418 1311 608 1361 equitibus
639 1320 873 1362 septuagena
899 1311 1050 1362 jugera,
1072 1313 1207 1349 ceteris

87 1375 233 1412 colonis
268 1377 537 1426 quinquagena
573 1383 662 1412 sunt
694 1377 794 1413 (lata.
852 1378 956 1426 Ager
993 1386 1125 1427 captus
1163 1378 1208 1414 de

89 1440 209 1479 Gallis
229 1441 336 1478 Boiis
359 1441 484 1478 fuerat
503 1457 510 1479 ι
545 1440 647 1477 Galli
666 1441 812 1477 Tuscos
834 1442 1069 1492 expulerant.
1126 1442 1206 1479 Eo-

87 1505 172 1543 dem
203 1519 303 1542 anno
337 1519 535 1543 censuram
566 1507 676 1543 multi
707 1514 745 1544 et
770 1506 861 1543 clari
886 1507 956 1543 viri
983 1508 1175 1559 petierunt
1195 1514 1391 1548 :Certamen

87 1583 170 1621 quae
198 1583 271 1613 reg,
300 1577 491 1620 tamquam
526 1572 566 1607 in
599 1584 638 1607 se
671 1584 803 1621 parum
834 1572 963 1621 magni
988 1573 1205 1610 certaminis
1219 1559 1257 1589 de
1271 1568 1419 1594 censum*

88 1647 260 1671 caussam
278 1635 449 1679 haberet,
473 1635 584 1672 aliam
616 1638 901 1674 contentionem
932 1637 1054 1674 multo
1084 1637 1207 1689 majo-

89 1712 168 1737 rem
199 1700 389 1737 excitavit.
447 1699 637 1737 Petebant
662 1701 707 1738 T.
730 1701 934 1741 Quinctius
954 1702 1206 1746 Flamininus,
1244 1738 1250 1744 ,

89 1763 132 1802 P,
154 1764 352 1801 Cornelius
375 1765 446 1801 Cn.
468 1765 509 1802 F.
532 1767 674 1816 Scipio,
696 1766 742 1803 L.
764 1767 936 1804 Valerius
955 1767 1129 1812 Flaccus,
1149 1767 1207 1806 M.

89 1828 247 1867 Porcius
280 1830 391 1873 Cato,
424 1830 479 1867 M.
508 1830 689 1868 Claudius
720 1831 942 1875 Marcellus,
971 1832 1040 1871 Μ’.
1062 1833 1207 1870 Acilius

90 1893 263 1937 Glabrio,
295 1895 359 1942 qui
389 1895 625 1933 Aniiochum
656 1896 701 1931 atl
730 1896 1006 1946 Thermopylas
1032 1897 1208 1936 AEtolos-

90 1970 164 2009 que
193 1959 404 1997 devicerat:
438 1961 476 1995 in
506 1961 606 1996 hunc
638 1962 816 2003 maxime,
838 1963 938 2011 quod
969 1962 1088 1998 multa
1117 1975 1210 1999 con-

91 2023 211 2071 giaria
238 2022 440 2066 habuerat,
468 2024 604 2072 quibus
635 2037 813 2073 magnam
838 2012 982 2074 partem
1010 2026 1209 2063 hominum

91 2086 340 2134 obligaverat,
371 2086 479 2123 favor
510 2088 638 2137 populi
672 2101 710 2125 se
744 2088 965 2127 inclinabat,
1024 2089 1069 2127 Id
1094 2103 1210 2138 quum

93 2162 191 2198 aegre
216 2157 435 2204 paterentur
463 2158 522 2188 tot
551 2153 713 2196 nobiles,
746 2165 884 2190 novum
914 2153 984 2189 sibi
1015 2154 1209 2193 hominem

89 2220 239 2251 tantum
276 2216 467 2264 praeferri3
501 2216 543 2254 P,
576 2218 821 2267 Sempronius
861 2217 1055 2256 Gracchus
1093 2224 1131 2258 et
1165 2218 1210 2256 C.

92 2278 336 2328 Sempronius
369 2279 538 2324 Rutilus,
571 2282 714 2320 tribuni
745 2282 879 2335 plebis,
908 2283 943 2318 ei
972 2282 1072 2322 diem
1104 2283 1210 2321 dixe·

89 2349 193 2387 runt,
224 2343 327 2394 quod
359 2346 530 2396 pecuniae
559 2346 673 2399 regiae
709 2348 920 2400 praedaeque
958 2347 1207 2400 aliquantum,
