1546 2648
290 159 376 217 380
455 165 459 171 “
740 169 785 202 Τ.
811 171 918 202 L1v1
929 169 946 201 1

100 260 142 290 U·
157 260 194 291 C·
208 260 476 312 subpeditum,
497 260 599 298 mille
624 262 806 311 equitum,
827 263 873 300 ad
899 261 1091 300 consulem
1111 262 1225 299 venit.
1283 259 1399 299 Chal-

102 303 193 335 A.C.
210 310 376 362 1⁷¹‘cide
404 324 536 361 relicta
564 325 639 362 duo
668 325 785 363 millia
813 327 996 376 peditum,
1027 326 1161 376 quibus
1191 326 1396 362 Athenaeus

293 388 531 439 praepositus.
585 388 638 425 Et
675 386 749 426 alia
784 390 917 426 eodem
954 389 1094 426 auxilia
1129 389 1315 426 Romanis
1352 401 1400 425 ex

295 453 470 491 omnibus
491 455 653 504 undique
670 454 826 492 Graeciae
845 455 995 506 populis
1015 462 1288 497 convenerunt,
1305 467 1400 503 quo-

297 529 379 553 rum
393 517 571 568 pleraque
583 519 694 566 (adeo
706 531 822 569 parva
830 520 956 563 erant)
967 519 1004 554 in
1017 518 1248 555 oblivionem
1261 518 1401 554 adduc-

296 587 358 618 ta:
390 582 647 632 Apolloniatae
671 589 861 619 trecentos
891 583 1051 631 equites,
1077 590 1229 618 centum
1257 582 1403 632 pedites

296 646 493 683 miserunt.
547 645 769 682 AEtolorum
790 645 858 682 alae
878 646 988 682 unius
1008 647 1141 688 instar,
1163 651 1344 694 quantum
1364 646 1404 681 in

297 715 380 745 tota
398 717 510 758 gente
530 711 700 760 equitum
719 716 813 754 erat,
833 716 1038 755 venerant3
1070 718 1108 745 et
1136 708 1406 745 Thessalorum

298 773 420 809 omnis
441 774 630 822 equitatus
651 780 844 825 separatus
865 779 968 810 erat:
996 785 1075 809 non
1095 773 1177 823 plus
1198 785 1309 822 quam
1329 779 1406 809 tre-

299 837 400 873 centi
419 845 527 874 erant
546 839 690 888 equites
710 839 748 874 iu
773 839 904 875 castris
932 838 1132 874 Romanis.
1187 838 1317 874 Achaei
1340 836 1408 887 ju-

301 901 464 937 ventutis
492 914 582 946 suae,
604 902 756 939 Cretico
783 903 946 938 maxime
974 908 1135 945 armatu,
1157 901 1203 938 ad
1223 899 1323 938 mille
1343 901 1408 938 de-

300 965 448 1003 derunt.

355 1030 460 1067 LVI.
491 1030 568 1067 Sub
597 1030 696 1067 idem
725 1036 873 1081 tempus
903 1036 942 1066 et
970 1030 1014 1066 C.
1033 1029 1233 1066 Lucretius
1257 1035 1410 1079 praetor,

303 1095 366 1143 qui
394 1094 552 1131 navibus
578 1102 739 1145 praeerat
765 1095 810 1131 ad
835 1094 1134 1144 Cephalleniam,
1154 1093 1212 1129 M.
1231 1093 1412 1130 Lucretio

111 1151 277 1199 Lucretius
303 1157 422 1194 fratre
449 1170 533 1194 cum
563 1157 682 1194 classe
711 1170 823 1208 super
849 1156 1017 1194 Maleam
1052 1155 1272 1193 Chalcidem
1300 1155 1412 1206 jusso

111 1202 273 1268 ἓῗὲῧῖῃ
304 1230 447 1273 petere,
466 1222 547 1272 ipse
566 1222 756 1260 triremem
777 1222 1011 1265 conscendit,
1027 1222 1151 1257 sinum
1171 1221 1412 1257 Corinthium

303 1292 436 1337 petens
456 1286 502 1323 ad
521 1287 839 1338 praeoccupandas
858 1287 896 1323 in
916 1286 1070 1322 Boeotia
1097 1297 1154 1322 res
1171 1300 1178 1321 :
1211 1284 1354 1321 tardiffl·
1379 1285 1413 1321 ei

305 1350 500 1399 navigatio
535 1360 691 1401 propter
723 1351 980 1387 infirmitatem
1013 1350 1183 1399 corporis
1215 1348 1299 1385 fuit.
1355 1347 1413 1385 M.

306 1413 521 1457 Lucretius,
543 1413 763 1450 Chalcidem
782 1414 999 1457 adveniens,
1016 1426 1131 1462 quum
1151 1426 1172 1449 a
1193 1412 1415 1450 P.·Lentulo

308 1476 527 1514 Haliartum
559 1477 772 1528 obpugnari
805 1478 984 1521 audisset,
1012 1478 1208 1520 nuncium,
1243 1476 1415 1527 praetoris

307 1540 447 1584 verbis,
468 1542 530 1590 qui
551 1541 752 1578 abscedere
771 1554 855 1578 eum
876 1542 963 1578 inde
975 1540 1145 1592 juberet,
1164 1541 1279 1577 misit.
1325 1540 1418 1577 Boe-

311 1609 463 1642 otorum
484 1604 701 1655 juventute,
721 1619 804 1655 quae
833 1618 918 1655 pars
948 1618 1033 1642 cum
1061 1604 1247 1641 Romanis
1277 1602 1417 1648 stabat,

312 1680 395 1704 eam
427 1681 506 1705 rem
538 1670 736 1718 adgressus
765 1669 927 1718 legatu8‚
958 1682 980 1705 a
1008 1668 1196 1705 moenibus
1227 1667 1421 1704 abscessit.

314 1731 410 1768 Haec
429 1732 555 1769 soluta
573 1733 722 1770 obsidio
741 1733 867 1769 locum
886 1732 993 1768 alteri
1014 1745 1120 1768 novae
1141 1730 1328 1767 obsidioni
1356 1730 1419 1766 de-

315 1796 393 1832 dit:
426 1809 588 1846 namque
615 1797 807 1847 extemplo
835 1797 893 1833 M.
912 1796 1111 1833 Lucretius
1141 1807 1225 1831 curn
1255 1795 1423 1831 exercitu

315 1860 456 1903 navali,
477 1861 606 1898 decem
635 1861 800 1898 millibus
830 1868 1074 1903 armatorum,
1097 1860 1142 1896 ad
1171 1860 1245 1896 hoc
1274 1858 1421 1895 duobus

317 1923 482 1960 millibus
502 1925 707 1974 regiorum,
728 1925 791 1974 qui
818 1924 888 1961 sub
913 1925 1102 1960 Athenaeo
1127 1928 1247 1965 erant,
1269 1922 1423 1959 Haliar-

317 1996 398 2025 tum
436 1989 698 2026 circumsedit:
744 1989 1038 2040 parantibusque
1069 1987 1151 2037 jam
1189 1987 1424 2038 obpugnare,
1530 1990 1542 2025 ζ’

320 2053 536 2101 supervenit
563 2065 584 2088 a
612 2053 755 2089 Creusa
780 2059 931 2103 praetor.
987 2052 1047 2088 Ad
1066 2052 1161 2088 idem
1181 2051 1259 2087 fere
1278 2059 1426 2101 tempus
1531 2055 1542 2116 π

320 2121 358 2150 ct
392 2115 438 2151 ab
472 2116 583 2151 sociis
617 2129 730 2152 naves
765 2116 982 2153 Chalcidem
1017 2121 1297 2152 convenerunt:
1343 2115 1425 2152 duae

321 2177 474 2214 Punicae
503 2179 803 2227 qiiiiiquereme5‚
824 2179 905 2215 duae
934 2178 982 2215 ab
1012 2178 1200 2215 Heraclea
1229 2190 1275 2215 ex
1298 2178 1425 2215 Ponto

321 2243 506 2287 triremes,
527 2249 689 2293 quatuor
719 2244 973 2287 Chalcedone,
1003 2243 1163 2280 totidem
1191 2242 1320 2285 Samo,
1346 2248 1428 2278 tum

325 2306 493 2357 quinque
523 2306 688 2346 Rhodiae
716 2307 983 2358 quadriremes.
1037 2307 1198 2350 Praetor,
1228 2306 1316 2356 quia
1342 2317 1433 2342 uus·
