1546 2648
484 393 549 447 T.
587 390 802 446 LIVII
848 391 1251 448 PATAVINI

638 566 705 604 LI
718 566 851 604 BER
888 568 1090 607 XXXIX.

699 713 1003 732 *—

123 825 167 858 U.
178 824 214 857 c.
232 830 306 858 56⁵.
424 821 509 861 UM
526 823 608 861 haec
636 824 685 873 (si
705 825 819 861 modo
837 825 911 861 hoc
931 837 1031 861 anno
1054 830 1140 862 acta
1160 824 1265 872 sunt)
1285 823 1420 862 Romae

121 871 163 954 ἓξ
176 869 304 954 c'rels87‘
448 896 625 940 aguntur,
658 890 830 927 consules
861 891 973 927 ambo
1002 890 1042 926 in
1074 889 1278 939 Liguribus
1316 902 1422 940 gere-

123 933 304 1006 hgtloepef-
315 954 408 992 bant
426 954 579 992 bellum.
637 954 674 991 Is
693 955 813 991 hostis
835 955 936 991 velut
953 961 1064 991 natus
1085 954 1132 991 ad
1152 954 1422 991 continendam

122 1012 209 1084 {33¹³
223 1020 297 1051 ΡΟΡ·
315 1020 414 1056 inter
436 1032 659 1068 magnorum
685 1019 882 1056 intervalla
903 1019 1090 1056 bellorum
1115 1019 1302 1055 Romanis
1322 1018 1422 1055 mili-

212 1074 220 1084 ·
314 1090 434 1120 tarem
459 1083 694 1134 disciplinam
724 1090 827 1129 erat3
859 1096 928 1120 nec
949 1082 1021 1119 alia
1044 1083 1240 1133 provincia
1263 1082 1422 1119 militem

314 1148 435 1196 magis
452 1147 499 1183 ad
512 1147 689 1183 virtutem
709 1146 888 1183 acuebat:
912 1159 999 1182 nam
1019 1147 1125 1189 Asia,
1143 1152 1181 1182 et
1200 1147 1422 1183 amoenitate

314 1211 479 1254 urbium,
513 1217 551 1247 et
583 1212 693 1261 copia
723 1211 955 1247 terrestrium
988 1210 1334 1259 maritimarumque
1363 1223 1422 1247 re-

315 1289 412 1320 rum,
433 1266 475 1312 et‘
489 1275 649 1312 mollitia
672 1275 838 1311 hostium
866 1275 1052 1324 regiisque
1080 1274 1230 1325 opibus,
1251 1274 1420 1318 ditiores,

314 1354 428 1391 quam
462 1341 654 1384 fortiores,
685 1340 870 1376 exercitus
902 1339 1086 1376 faciebat:
1125 1340 1313 1390 praecipue
1350 1339 1419 1376 sub

313 1405 474 1456 imperio
489 1405 558 1442 Cn.
570 1405 707 1442 Manlii
724 1404 845 1441 solute
862 1418 904 1441 ac
919 1403 1154 1453 negligenter
1168 1403 1290 1455 habiti
1309 1413 1417 1440 sunt:

313 1470 442 1518 itaque
468 1470 632 1520 asperius
663 1468 790 1518 paullo
814 1469 886 1504 iter
916 1469 952 1503 in
979 1468 1157 1511 Thracia,
1179 1473 1216 1504 et
1235 1468 1419 1505 exercita-

312 1533 390 1570 tior
407 1534 527 1570 hostis
555 1546 693 1582 magna
716 1533 820 1570 clade
847 1547 910 1569 eos
932 1534 1143 1582 castigavit.
1200 1533 1246 1569 In
1266 1533 1420 1583 Liguri-

309 1597 382 1635 bus
402 1599 530 1635 omnia
545 1605 666 1642 erant,
683 1610 763 1648 quae
784 1597 942 1634 militem
960 1598 1186 1634 excitarent:
1209 1597 1294 1634 loca
1307 1611 1418 1635 mon·

311 1670 404 1699 tana
423 1669 461 1699 et
479 1675 624 1713 aspera,
646 1675 728 1712 quae
750 1669 788 1698 et
812 1662 902 1712 ipsis
923 1674 1055 1713 capere
1074 1661 1183 1698 labor
1201 1668 1295 1706 erat,
1316 1669 1354 1699 et
1372 1675 1418 1700 ex

311 1727 585 1778 praeoccupatis
622 1726 780 1776 dejicere
813 1726 961 1762 hostem
978 1740 984 1760 :
1016 1725 1154 1761 itinera
1185 1726 1314 1768 ardua,
1349 1739 1417 1763 an-

312 1797 438 1840 gusta,
459 1789 596 1826 infesta
615 1789 782 1825 insidiis.-
814 1789 934 1825 hostis
961 1789 1066 1832 levis,
1094 1795 1131 1825 et
1156 1789 1280 1832 velox,
1301 1796 1338 1826 et
1357 1803 1416 1826 re-

311 1856 503 1906 pentinus,
525 1854 588 1903 qui
607 1853 751 1890 nullum
773 1866 927 1903 usquam
946 1860 1107 1904 tempus,
1128 1853 1272 1889 nullum
1291 1853 1416 1891 locum

308 1920 478 1970 quietum
506 1925 570 1955 aut
593 1931 765 1955 securum
795 1931 875 1954 esse
901 1919 1059 1955 sineret:
1092 1918 1329 1967 obpugnatio
1348 1932 1416 1956 ne·

308 1984 471 2020 cessaria
489 1984 720 2019 munitorum
741 1981 994 2025 castellorum,
1010 1981 1201 2018 laboriosa
1220 1982 1330 2018 simul
1349 1995 1415 2033 pe-

306 2047 543 2096 riculosaque
559 2061 566 2082 ε
595 2047 703 2096 inops
721 2046 839 2095 regio,
857 2058 938 2095 quae
955 2046 1184 2096 parsimonia
1203 2045 1415 2095 adstringe-

307 2118 366 2149 ret
384 2111 536 2154 milites,
558 2111 691 2161 praedae
719 2110 819 2147 haud
841 2110 1001 2146 multum
1028 2109 1224 2160 praeberet.
1281 2109 1416 2160 Itaque

306 2188 384 2213 non
404 2175 480 2212 lixa
501 2174 740 2225 sequebatur,
770 2187 849 2211 non
872 2174 1135 2225 jumentorum
1160 2174 1297 2223 longus
1320 2175 1414 2213 ordo

307 2253 442 2290 agmen
463 2239 713 2277 extendebat:
745 2239 854 2282 nihil,
875 2247 1011 2289 praeter
1031 2252 1135 2276 arma
1154 2246 1191 2275 et
1210 2240 1310 2276 viros
1330 2252 1413 2276 om·

305 2317 390 2342 nem
411 2317 516 2357 spem
529 2305 568 2342 in
589 2304 701 2342 armis
720 2304 919 2351 habentes,
940 2311 1032 2342 erat.
1078 2304 1162 2342 Nec
1182 2304 1310 2342 deerat
1330 2316 1415 2343 um·
