1546 2648
372 136 529 167 unssn
553 134 683 164 xm1.
715 134 823 163 cAP.
843 135 889 163 v,
1107 132 1189 178 325

71 234 233 279 tempus,
254 239 329 277 quo
357 227 438 263 haec
467 224 691 275 agebantur,
711 222 828 272 legati
858 235 904 258 ex
923 221 1072 259 AEtolia
1095 222 1178 259 Ro·
1193 232 1235 261 U.
1249 231 1285 262 C.
1300 237 1373 266 579·

72 305 172 329 mam
191 298 374 328 venerunt
397 290 442 326 de
461 288 658 325 discordiis
679 286 1001 334 seditionibusque
1021 288 1112 331 suis,
1142 293 1181 323 et
1192 275 1233 305 A·
1247 275 1283 304 C·
1300 280 1372 309 ¹⁷³·

71 356 244 392 Thessali
273 355 402 404 legati,
431 353 671 396 nunciantes,
693 364 775 401 quae
804 351 844 386 in
866 349 1097 387 Macedonia
1115 363 1180 400 ge·-

73 427 255 457 rerentur.

125 483 173 520 V.
202 483 376 525 Perseus,
401 481 483 532 jam
511 479 653 517 bellum
682 479 767 514 vivo
787 483 894 528 patre
914 478 1124 526 cogitatum
1144 479 1181 514 in
1197 482 1401 512 Perseusani-

74 546 202 582 animo
230 545 398 588 volvens,
426 556 572 586 omnes,
603 555 681 578 non
708 548 839 591 gentes
868 541 981 577 modo
1012 525 1388 597 GraeCiae'aefflgrsaiessi

75 611 137 646 sed
159 611 329 647 civitates
350 610 479 651 etiam,
500 606 755 657 legationibus
776 606 984 648 mittendis,
1002 605 1184 656 pollicen-
1199 610 1358 641 coneihat.
1402 650 1408 653 .

75 675 124 711 do
152 675 274 725 plura,
292 686 403 723 quam
423 672 653 723 praestando,
675 671 747 707 sibi
767 670 1008 707 conciliabat.
1064 660 1188 707 Erant

76 746 204 775 tamen
234 750 373 787 magna
393 749 439 773 ex
468 743 575 786 parte
605 736 802 771 hominum
833 735 880 771 ad
908 734 1076 770 favorem
1106 734 1186 784 ejus

76 803 247 839 inclinati
264 802 395 844 animi,
413 807 450 836 et
470 800 665 848 aliquanto
681 812 793 848 quam
810 799 847 834 in
868 799 1080 835 Eumenem
1099 810 1189 848 pro-

74 867 294 918 pensiores:
327 877 442 913 quum
471 864 652 900 Eumenis
682 863 876 899 beneficiis
896 862 1189 911 muneribusque

77 943 206 966 omnes
227 929 384 965 Graeciae
414 928 585 964 civitates
613 933 652 962 et
670 926 838 976 plerique
859 927 1071 975 principum
1091 925 1188 962 obli-

76 994 155 1044 gati
175 1000 327 1038 essent,
360 999 398 1028 et
426 993 480 1027 ita
503 1003 542 1026 se
561 991 600 1026 in
620 1002 739 1038 regno
760 1002 828 1025 suo
848 996 1007 1038 gereret,
1029 995 1084 1032 ut,
1106 1003 1189 1038 quae

79 1057 147 1094 sub
168 1057 312 1093 ditione
332 1055 427 1106 ejus,
450 1054 559 1090 urbes
576 1053 716 1090 nullius
736 1053 863 1089 libera}
884 1053 1046 1088 civitatis
1066 1052 1189 1089 fortu-

81 1134 168 1158 nam
197 1133 324 1157 secum
342 1125 528 1156 mutatam
557 1117 708 1154 vellent.
768 1118 913 1153 Contra
931 1117 1070 1153 Persea
1088 1116 1190 1153 fama

80 1190 162 1220 erat
194 1190 282 1234 post
310 1183 428 1233 patris
462 1188 624 1218 mortem
656 1193 813 1216 uxorem
847 1193 960 1215 manu
991 1193 1058 1216 sua
1087 1182 1189 1217 occi-

81 1249 177 1284 disse
197 1262 204 1283 :
236 1246 424 1297 Apellem,
449 1247 661 1282 ministrum
682 1245 873 1293 quondam
892 1243 1033 1279 fraudis
1054 1245 1092 1280 in
1111 1244 1188 1280 fra-

81 1320 138 1348 tre
165 1311 350 1353 tollendo,
381 1317 494 1359 atque
520 1309 569 1345 ob
596 1309 634 1345 id
659 1309 881 1357 requisitum
901 1321 922 1344 a
942 1308 1119 1357 Philippo
1143 1309 1190 1344 ad

81 1375 320 1426 supplicium,
342 1373 593 1416 exsulantem,
614 1372 834 1408 arcessitum
851 1377 939 1421 post
954 1372 1071 1420 patris
1088 1384 1190 1407 mor-

81 1447 156 1475 tem
186 1438 403 1487 ingentibus
432 1436 627 1485 promissis
658 1435 703 1471 ad
732 1435 886 1485 praemia
911 1440 1027 1470 tantae
1057 1447 1190 1484 perpe-

82 1510 190 1538 tratae
222 1503 276 1537 rei
309 1501 405 1537 clam
438 1500 672 1536 interfecisse
689 1514 697 1534 :
730 1499 919 1534 intestinis
953 1499 1195 1548 externisque

83 1572 264 1616 praeterea
279 1564 406 1600 multis
427 1563 589 1600 caedibus
609 1562 803 1604 infamem,
820 1574 889 1596 nec
905 1561 982 1597 ullo
1000 1575 1192 1598 commen-

85 1628 247 1665 dabilem
286 1628 434 1670 merito,
468 1626 719 1676 praeferebant
755 1625 869 1673 vulgo
908 1625 1077 1661 civitates
1115 1632 1205 1664 tam„

83 1693 148 1742 pio
168 1704 257 1739 erga
275 1692 523 1741 propinquos,
544 1696 620 1725 tam
641 1688 750 1739 justo
769 1689 808 1723 in
828 1688 941 1729 cives,
961 1694 1039 1724 tam
1069 1690 1194 1725 muni-

84 1756 158 1792 fico
179 1767 268 1803 erga
287 1766 417 1790 omnes
434 1754 607 1789 homines
625 1753 719 1801 regi,
736 1765 802 1787 seu
820 1752 921 1788 fama
939 1759 976 1787 et
995 1751 1195 1802 majestate

83 1819 341 1857 Macedonum
360 1830 488 1866 regum
510 1816 765 1866 praeoccupati
785 1815 831 1851 ad
851 1815 1101 1865 spernendam
1118 1817 1194 1852 ori-

85 1887 211 1936 ginem
227 1886 315 1921 novi
331 1885 462 1933 regni,
491 1896 555 1919 seu
577 1884 798 1919 mutationis
819 1895 942 1918 rerum
959 1883 1108 1931 cupidi5
1129 1895 1195 1919 seu

85 1951 174 1999 quia
192 1962 277 1986 eum
297 1947 490 1998 objectum
511 1960 592 1983 esse
610 1947 796 1982 Romanis
824 1946 1015 1982 volebant.
1071 1946 1195 1982 Erant

86 2019 212 2050 autem
231 2025 310 2048 non
329 2011 454 2048 AEtoli
473 2011 586 2046 modo
610 2011 648 2045 in
677 2009 941 2051 seditionibus,
962 2015 1118 2058 propter
1136 2011 1195 2046 in·

87 2083 237 2125 gentem
257 2077 332 2111 vim
351 2076 433 2110 aeris
454 2074 581 2117 alieni,
599 2074 664 2110 sed
682 2072 855 2109 Thessali
876 2074 989 2108 etiam
1009 2088 1016 2109 ε
1041 2085 1084 2109 ea
1105 2086 1197 2109 con-

87 2139 257 2187 tagione,
275 2138 379 2174 velut
397 2138 518 2181 tabes,
540 2138 579 2173 in
599 2137 856 2190 Perrhaebia‘m
875 2148 1026 2185 quoque
1055 2136 1093 2172 id
1112 2149 1198 2186 per-

86 2207 236 2238 vaserat
267 2201 418 2239 malum.
474 2202 604 2241 Quum
640 2200 844 2237 Thessalos
889 2200 928 2235 in
967 2200 1078 2235 armis
1117 2212 1203 2236 esse

84 2266 310 2314 nunciatum
329 2272 399 2311 est,
415 2266 489 2318 Ap.
503 2266 702 2304 Claudium
717 2265 886 2315 legatum
906 2265 954 2302 ad
973 2277 1036 2302 eas
1055 2276 1117 2301 res
1134 2265 1201 2301 ad-
