1546 2648
305 126 389 170 322
502 109 506 115 ’
758 128 804 157 ⁷1².
833 127 963 158 mvn

110 214 159 248 Ὀ.
174 216 211 248 C.
223 223 296 254 ⁵79·
307 215 391 258 tim,
406 214 550 252 factum
566 227 589 252 a
606 214 848 252 Praenestinis
866 223 977 260 esset,
993 215 1211 266 priusquam
1226 215 1274 254 ab
1288 214 1415 256 Roma

115 262 156 291 Α·
172 261 208 291 C'
225 267 622 329 ¹⁷3·p1·oficisceretur‚
651 278 777 315 literas
808 280 999 316 Praeneste
1027 280 1143 324 misit,
1164 287 1206 317 ut
1234 281 1307 318 sibi
1334 286 1415 319 ma-

310 343 490 390 gistratus
519 342 670 379 obviam
699 343 832 385 exiret5
852 342 976 380 locum
996 343 1146 393 publice
1165 350 1328 394 pararet,
1350 345 1415 382 ubi

307 407 568 451 diverteretur,
592 408 856 458 jumentaque,
877 422 993 457 quum
1018 410 1138 446 exiret
1155 410 1256 454 inde,
1275 416 1415 460 praesto

308 476 445 507 essent.
501 472 603 507 Ante
621 471 723 508 hunc
749 471 956 515 consulem,
972 484 1086 509 nemo
1105 485 1282 523 umquam
1302 473 1414 510 sociis

113 535 282 577 Magistra-
306 534 346 570 in
369 534 446 571 ulla
469 547 509 571 re
535 535 641 571 oneri
670 541 735 571 aut
763 536 902 571 sumtui
928 535 1027 572 fuit:
1060 537 1146 573 ideo
1172 537 1412 586 magistratus

110 585 297 663 {ffiffpris-
307 598 417 635 mulis
438 598 765 647 tabernaculisque
786 605 823 634 et
852 599 956 634 omni
976 599 1052 635 alio
1071 600 1323 637 instrumento
1343 602 1413 637 mi-

111 673 151 712 ca
168 667 294 698 modes·
305 662 407 699 litari
436 661 683 704 ornabantur,
710 675 758 698 ne
787 662 877 710 quid
907 661 981 698 tale
1014 664 1243 712 imperarent
1271 664 1411 699 sociis:

112 713 165 738 ῃ·
305 726 454 777 privata
480 725 647 776 hospitia
675 725 868 762 habebant
883 742 894 770 3
926 738 971 762 ea
998 725 1163 775 benigne
1182 727 1415 776 comiterque

306 789 483 826 colebant
499 805 509 834 3
541 789 750 837 domusque
770 801 900 825 eorum
919 788 1054 825 Romae
1072 789 1289 840 hospitibus
1306 797 1413 840 pate·

305 853 414 896 bant,
444 853 544 904 'apud
572 865 665 901 quos
696 852 785 902 ipsis
816 853 949 889 diverti
981 865 1062 890 mos
1093 858 1202 890 esset'.
1259 853 1411 903 Legati,

305 918 369 967 qui
389 923 543 967 repente
563 915 690 965 aliquo
710 917 964 961 mitterentur,
985 917 1134 966 singula
1151 916 1328 967 jumenta
1347 930 1413 968 per

305 981 458 1031 oppida,
480 981 552 1017 iter
571 993 642 1029 qua
660 980 879 1016 faciundum
900 987 994 1024 erat,
1015 980 1274 1031 imperabant:
1299 981 1412 1018 aliam

304 1045 501 1094 inpensam
521 1044 614 1080 socii
640 1044 678 1079 in
708 1044 950 1092 magistratus
979 1043 1177 1080 Romanos
1197 1056 1274 1080 non
1295 1044 1411 1081 facie·

303 1109 409 1146 bant.
465 1108 612 1158 Injuria
626 1107 806 1150 consulis,
823 1108 970 1143 etiamsi
984 1106 1107 1156 justa,
1127 1119 1204 1143 non
1224 1114 1352 1144 tamen
1372 1109 1411 1145 in

303 1173 528 1221 magistratu
557 1172 778 1215 exercenda,
809 1178 847 1207 et
875 1171 1082 1214 silentium,
1103 1171 1213 1208 nimis
1243 1178 1308 1208 aut
1328 1184 1412 1209 mo-

305 1237 466 1279 destum,
483 1243 548 1272 aut
567 1235 754 1278 timidum,
771 1235 1091 1271 Praenestinorum
1103 1233 1184 1284 jus,
1201 1234 1302 1271 velut
1321 1248 1409 1286 pro-

304 1300 396 1337 bato
417 1299 603 1349 exemplo,
624 1298 906 1347 magistratibus
926 1298 1018 1335 fecit
1039 1299 1255 1348 graviorum
1273 1300 1312 1336 in
1332 1301 1409 1337 dies

306 1364 391 1401 talis
411 1365 558 1413 generis
579 1364 834 1413 imperiorum.

359 1428 412 1465 Π.
441 1428 635 1477 Principio
664 1427 776 1476 hujus
804 1427 894 1463 anni
921 1426 1052 1475 legati,
1073 1427 1136 1475 qui
1164 1427 1204 1463 in
1224 1426 1411 1465 AEtoliam

305 1500 343 1529 et
352 1492 620 1530 Macedoniam
639 1492 743 1528 missi
762 1498 883 1534 erant,
899 1490 1183 1533 renunciatum,
1203 1491 1268 1527 sibi
1286 1505 1411 1529 conve-

306 1558 425 1593 niendi
452 1558 543 1604 regis
561 1556 698 1598 Persei,
719 1568 826 1603 quam
845 1556 913 1592 alii.
939 1555 1054 1591 abesse
1080 1567 1174 1598 eum,
1195 1556 1261 1591 alii
1279 1569 1412 1604 aegwm

303 1634 386 1664 esse,
396 1621 500 1670 falso
518 1621 923 1668 utrumque,fingerent,
943 1623 1156 1668 potestatem
1173 1631 1243 1656 non
1251 1619 1412 1668 factam.

306 1687 424 1721 Facile
453 1690 571 1721 tamen
598 1685 807 1732 adparuisse
825 1684 902 1727 sibi,
923 1684 1055 1720 bellum
1068 1685 1212 1731 parari,
1232 1696 1296 1720 nec
1313 1686 1414 1721 ultra

304 1752 353 1786 ad.
377 1761 481 1785 arma
510 1751 562 1784 ire
591 1749 801 1785 dilaturum.
858 1749 951 1784 Item
978 1749 1016 1784 in
1033 1747 1180 1784 AEtolia
1206 1748 1419 1789 seditionem*

302 1816 451 1862 gliscere
471 1814 503 1848 in
525 1813 612 1854 dies,
633 1823 744 1860 neque
773 1813 1031 1848 discordiarum
1056 1812 1237 1859 principes
1255 1815 1412 1849 auctori-

307 1884 381 1915 tate
397 1890 462 1914 sua
482 1877 630 1913 co‘e‘rceri
656 1878 822 1924 potuisse.
879 1876 1008 1914 Quum
1026 1874 1167 1911 bellum
1185 1874 1411 1913 Macedoni·

306 1955 390 1978 cum
410 1942 449 1977 in
469 1941 752 1990 exspectatione
781 1947 892 1984 esset,
910 1939 1126 1989 priusquam
1147 1939 1184 1976 id
1203 1940 1411 1991 suscipere-

305 2012 380 2047 tur,
409 2004 583 2053 prodigia
611 2003 768 2053 expiari,
798 2015 1003 2054 pacemque
1030 2002 1159 2040 Deum
1182 2003 1260 2053 peti
1280 2016 1412 2054 preca»
1462 2014 1467 2015 ⁷

304 2067 487 2109 tionibus,
509 2079 591 2115 quae
620 2066 729 2102 editae
759 2079 805 2103 ex
834 2065 1011 2103 fatalibus
1041 2065 1146 2103 libris
1167 2073 1306 2111 essent,
1327 2067 1410 2117 pla·

303 2133 394 2169 cuit.
449 2130 612 2168 Lanuvii
641 2130 769 2167 classis
799 2143 945 2180 magnae
974 2131 1115 2181 species
1136 2131 1175 2168 in
1195 2130 1293 2168 coelo
1321 2132 1410 2170 visae

304 2195 526 2232 dicebantur
541 2211 552 2241 5
585 2201 623 2231 et
651 2193 821 2231 Priverni
848 2195 932 2232 lana
960 2195 1064 2245 pulla
1082 2202 1183 2233 terra
1201 2202 1313 2233 enata
1328 2212 1339 2241 ;
1371 2201 1409 2233 et

305 2261 345 2296 in
363 2259 513 2296 Veienti
533 2259 632 2310 apud
651 2257 877 2297 Rementem
896 2258 1103 2311 lapidatum
1118 2275 1131 2308 5
1162 2258 1409 2311 Pomptinum
