1546 2648
264 137 354 183 ⁵44
572 146 578 153 ·
701 134 949 164 EPITOMAE

265 229 404 265 sulares
427 236 566 262 necasse
594 226 910 270 insimulabantur,
941 228 1083 275 cognita
1108 240 1246 273 caussa,
1276 242 1385 278 quum

263 292 414 340 praetori
441 302 510 337 pro
539 301 576 325 se
607 291 712 326 vades
745 291 938 333 dedissent,
979 296 1212 338 cognatorum
1245 294 1384 331 decreto

266 359 402 391 necatae
430 358 523 389 sunt.
585 353 752 395 Gulussa,
774 353 974 390 Masinissae
987 355 1108 403 filius,
1139 357 1381 400 denunciavit,

268 418 496 466 Karthagine
527 417 681 453 delectus
704 418 778 464 agi,
810 418 956 453 classem
984 421 1202 466 comparari,
1232 424 1267 456 et
1285 420 1384 456 haud

266 483 411 519 dubium
444 481 573 517 bellum
604 483 706 517 strui.
781 482 900 522 Quum
935 482 1024 518 Cato
1059 485 1239 526 suaderet,
1273 489 1315 521 ut
1343 486 1386 521 iis

268 546 396 583 bellum
426 547 657 588 indiceretur,
690 545 734 581 P.
754 545 918 581 Cornelio
944 547 1079 582 Nasica
1111 549 1261 591 dicente,
1294 548 1386 585 nihil

268 615 398 647 temere
404 610 638 659 faciundum,
665 610 818 656 placuit,
849 610 966 645 decem
985 612 1082 646 mitti
1106 611 1242 658 legatos
1260 614 1382 660 emplo-

265 680 397 711 ratum.
439 675 483 711 L.
504 673 667 710 Licinius
698 673 888 716 Lucullus,
926 675 972 710 A.
1001 675 1208 711 Postumius
1231 677 1383 712 Albinus

264 738 434 778 consules,
456 749 564 785 quum
584 738 757 772 delectum
776 748 892 772 severe
911 743 1070 784 agerent,
1088 750 1152 774 nec
1170 751 1382 788 quemquam

261 802 385 849 gratia
415 801 650 842 dimitterent,
679 799 723 836 ab
746 800 894 836 tribunis
924 801 1049 848 plebis,
1077 803 1138 850 qui
1161 815 1230 850 pro
1257 805 1383 840 amicis

261 867 335 901 suis
364 866 586 900 vacationem
615 866 796 912 inpetrare
827 876 897 900 non
926 870 1108 912 poterant,
1142 868 1180 902 in
1205 879 1381 904 carcerem

263 927 413 975 conjecti
431 933 523 965 sunt.
575 929 692 970 Quum
713 929 951 976 Hispaniense
968 929 1110 972 bellum,
1130 943 1261 978 parum
1278 943 1381 979 pros-

260 1005 348 1042 pere
372 994 562 1041 aliquoties
587 998 738 1040 gestum,
770 995 823 1029 ita
853 993 1072 1041 confudisset
1103 997 1285 1032 civitatem
1306 997 1379 1032 Ro-

252 1069 425 1099 manam,
446 1061 487 1093 ut
505 1069 549 1092 ne
566 1058 594 1092 ii
613 1058 752 1104 quidem
772 1059 1024 1100 invenirentur,
1054 1060 1115 1106 qui
1136 1064 1202 1095 aut
1221 1061 1380 1096 tribuna-

264 1128 341 1159 tum
373 1125 585 1171 exciperent,
624 1127 688 1158 aut
721 1123 832 1170 legati
865 1124 915 1158 ire
944 1124 1087 1166 vellent,
1124 1124 1169 1159 P.
1197 1124 1381 1160 Cornelius

262 1187 488 1224 AEmilianus
511 1188 697 1235 processit,
719 1192 753 1222 et
777 1193 1006 1235 excepturum
1032 1199 1068 1223 se
1098 1188 1236 1224 militia:
1251 1200 1375 1235 genus,

261 1253 503 1299 quodcumque
532 1253 749 1299 imperatum
781 1257 882 1294 esset,
910 1251 1090 1300 professus
1121 1257 1199 1288 est:
1228 1264 1297 1300 quo
1315 1264 1377 1288 esc-
1493 1247 1511 1282 ’ἵ

258 1317 375 1363 emplo
410 1327 529 1351 omnes
564 1316 612 1350 acl
652 1316 811 1351 studium
849 1317 1029 1352 militandi
1066 1317 1265 1353 concitavit.
1328 1315 1374 1352 L.

260 1379 436 1416 Lucullus
454 1380 590 1421 consul,
612 1380 673 1427 qui
699 1379 753 1415 M.
777 1379 930 1415 Claudio
950 1380 1128 1416 Marcello
1148 1384 1372 1423 successerat,

260 1456 370 1492 quum
404 1430 571 1479 lacessere
606 1455 723 1479 omnes
761 1443 958 1480 Celtiberiae
990 1444 1119 1492 populi
1154 1445 1372 1488 viderentur,

266 1507 440 1549 Vaccaeos,
461 1512 495 1543 et
510 1506 720 1550 Cantabros,
741 1511 776 1543 et
794 1508 886 1543 alias
905 1508 1022 1543 adhuc
1050 1509 1248 1555 incognitas
1275 1509 1373 1544 nati-

260 1573 398 1608 anesin
418 1571 600 1619 Hispania
624 1571 770 1619 subegit.
828 1572 883 1607 Ibi
912 1573 956 1608 P.
980 1572 1164 1608 Cornelius
1179 1571 1374 1620 Africanus

261 1636 384 1684 Scipio
402 1636 642 1677 AEmilianus‚
677 1635 722 1671 L.
755 1636 884 1672 Paulli
912 1637 1032 1686 filius,
1053 1636 1223 1686 Africani
1249 1648 1369 1684 nepos,

256 1701 318 1736 sed
346 1701 547 1748 adoptivus,
575 1705 846 1747 provocatorem
875 1701 1063 1737 barbarum
1090 1701 1249 1736 tribunus
1274 1701 1370 1737 mili-

258 1768 334 1800 tum
353 1765 507 1800 occidit:
531 1769 566 1800 et
581 1766 617 1800 in
632 1765 892 1812 obpugnatione
911 1765 1116 1801 Intercatiae
1134 1765 1240 1807 urbis,
1256 1762 1371 1810 majus

256 1830 367 1864 etiam
391 1829 592 1876 periculum
612 1829 728 1864 adiit:
755 1841 841 1864 nam
860 1840 1000 1865 inarum
1024 1831 1163 1877 primus
1189 1833 1369 1864 transcen-

256 1893 322 1928 dit.
380 1892 456 1928 Ser.
474 1891 656 1938 Sulpicius
681 1893 797 1927 Galba
823 1898 956 1940 proetor
986 1893 1081 1928 male
1105 1893 1273 1929 adversus
1290 1892 1367 1928 Lu-

252 1960 390 1995 sitanos
419 1960 606 2006 pugnavit.
668 1959 784 1999 Quum
806 1959 916 2006 legati
934 1970 975 1994 ex
993 1957 1124 2007 Africa
1137 1971 1222 1995 -cum
1248 1963 1368 1995 orato-

252 2022 346 2058 ribus
379 2022 749 2069 Karthaginiensium,
781 2027 816 2058 et
849 2022 1004 2058 Gulussa
1037 2022 1235 2058 Masinissa:
1263 2021 1364 2070 filio,

250 2087 436 2128 redissent,
461 2088 696 2133 dicerentque,
719 2091 755 2122 et
779 2088 970 2122 exercitum
995 2098 1030 2122 se
1048 2090 1082 2122 et
1101 2086 1246 2122 classem
1267 2085 1366 2121 Kar-

249 2149 396 2196 thagine
435 2150 717 2196 deprehendisse,
756 2151 943 2197 perrogari
985 2151 1178 2186 sententias
1211 2150 1363 2197 placuit.

245 2211 384 2248 Catone
413 2217 448 2248 et
476 2214 557 2248 aliis
585 2213 801 2260 principibus
827 2214 968 2250 senatui
994 2213 1235 2256 suadentibus,
1263 2217 1304 2248 ut
1327 2213 1366 2249 in

244 2275 412 2325 Africam
432 2276 618 2326 confestim
645 2282 954 2326 transportaretur,
981 2279 1166 2321 exercitus,
1194 2277 1290 2326 quod
1316 2276 1361 2314 P.
