1546 2648
356 117 512 148 mmm
537 116 666 146 an.
699 115 806 145 cAP.
831 115 919 145 111.
1092 114 1174 158 323

68 220 181 246 omne
207 206 307 245 velut
327 207 490 245 nubibus
509 206 740 243 locustarum
760 209 982 256 coopertum
1002 216 1081 241 esse
1093 219 1105 250 3
1137 204 1175 240 in
1190 205 1364 240 U.C.579.

68 273 218 310 Gallico
244 285 350 321 agro,
377 284 452 321 qua
479 271 720 307 induceretur
749 275 931 311 aratrum,
962 268 1030 304 sub
1061 268 1177 304 exsis-
1189 249 1277 281 A‘C’
1293 253 1366 284 ηδ’

68 337 236 373 tentibus
257 336 376 385 glebis
405 335 527 385 pisces
557 334 764 370 emersisse.
820 331 883 368 Ob
905 332 987 368 haec
1006 331 1181 381 prodigia

68 401 155 438 libri
183 400 317 437 fatales
346 399 522 450 inspecti,
552 398 771 447 editumque
800 396 847 433 ab
868 396 1087 432 decemviris
1108 401 1179 438 est,

68 472 106 501 et
135 464 270 514 quibus
299 463 400 508 Diis,
431 463 643 514 quibusque
670 462 805 499 hostiis
835 460 1123 503 sacrificaretur,
1143 466 1181 496 et

67 535 109 564 ut
145 527 371 578 supplicatio
408 527 598 578 prodigiis·
628 525 825 577 expiandis
862 524 969 561 fieret
986 539 994 561 :
1045 523 1177 567 altera,

66 605 150 641 quae
169 593 295 642 priore
321 604 421 628 anno
452 591 676 628 valetudinis
705 589 837 641 populi
858 602 990 626 caussa
1008 594 1100 625 vota
1118 601 1177 625 es-

68 664 138 698 set,
159 669 203 692 ea
222 656 277 692 uti
297 655 474 704 feriaeque
504 661 654 691 essent:
688 655 814 703 itaque
835 653 1086 690 sacrificatum
1106 658 1177 696 est,

69 726 109 756 ut
129 721 328 756 decemviri
344 720 524 769 scriptum
544 719 753 755 ediderunt.

119 783 195 820 ΙΙΙ,
225 783 372 819 Eodem
401 795 504 819 anno
534 782 621 818 aedis
641 782 666 818 J
670 782 805 818 unonis
824 780 993 817 Laciniae
1013 780 1176 817 detecta.

65 848 115 887 Q.
130 847 283 884 Fulvius
299 846 457 882 Flaccus
478 858 612 882 censor
633 847 750 882 aedem
768 845 948 881 Fortunae
963 844 1177 894 Equestris,

67 924 180 961 quam
208 912 247 947 iu
267 910 457 961 Hispania
474 916 615 960 praetor
634 909 736 946 bello
757 909 986 946 Celtiberico
1005 915 1177 952 voverat,

67 974 232 1012 faciebat
261 975 366 1010 eniso
396 974 536 1017 studio,
558 986 606 1009 ne
635 973 753 1009 ullum
778 972 913 1008 Romae
933 971 1092 1022 amplius
1113 979 1180 1008 aut

67 1039 370 1089 magnificentius
389 1038 573 1089 templum
602 1045 712 1074 esset.
768 1037 956 1086 Magnum
977 1048 1181 1072 ornamen-

68 1111 149 1140 tum
169 1116 207 1139 se
236 1102 379 1153 templo
398 1108 502 1139 ratus
523 1101 772 1152 adjecturum,
793 1102 823 1137 si
849 1099 985 1149 tegulae
1013 1113 1180 1137 marmo-

66 1181 139 1203 reae
177 1173 315 1209 essent,
347 1166 538 1216 profectus
570 1167 610 1202 in
644 1166 832 1208 Bruttios,
866 1165 982 1201 aedem
1014 1164 1039 1200 J
1043 1165 1178 1201 unonis

67 1231 234 1267 Laciniae
264 1231 311 1266 ad
339 1236 485 1280 partem
505 1230 700 1265 dimidiam
722 1230 886 1278 detegit:
919 1229 958 1265 id
977 1229 1067 1265 satis
1097 1228 1181 1265 fore

68 1301 170 1331 ratus
200 1294 247 1330 ad
276 1293 494 1342 tegendum,
515 1293 617 1341 quod
647 1293 905 1330 aedificaretur.
961 1292 1089 1328 Naves
1113 1305 1181 1342 pa-

68 1366 158 1395 ratae
177 1358 344 1401 fuerunt,
367 1370 448 1406 quae
473 1356 653 1393 tollerent
681 1365 795 1406 atque
816 1362 1069 1407 asportarent,
1090 1369 1180 1393 auc-

65 1423 223 1459 toritate
243 1422 416 1458 censoria
435 1421 546 1458 sociis
567 1421 757 1457 deterritis
777 1421 815 1457 id
834 1420 1073 1469 sacrilegium
1089 1433 1180 1470 pro-

66 1485 207 1522 hibere.
264 1485 474 1534 Postquam
502 1496 638 1521 censor
665 1485 791 1528 rediit,
820 1483 972 1534 tegulae,
996 1485 1180 1535 expositae

68 1551 113 1586 de
141 1548 315 1592 navibus,
336 1549 384 1584 ad
412 1548 595 1598 templum
624 1549 902 1598 portabantur:
935 1561 1179 1598 quamquam,

67 1613 165 1650 unde
201 1618 340 1655 essent,
375 1611 571 1655 silebatur,
609 1624 688 1647 non
724 1618 852 1648 tamen
889 1611 1003 1648 celari
1039 1613 1202 1665 potuit„

66 1677 254 1713 Fremitus
273 1677 391 1724 igitur
406 1676 445 1712 in
465 1676 569 1713 curia
588 1682 693 1712 ortus
714 1682 771 1712 est
789 1690 797 1712 :
830 1689 876 1712 ex
896 1676 1071 1713 omnibus
1091 1689 1178 1726 par-

67 1741 167 1778 tibus
183 1740 463 1791 postulabatur,
483 1746 526 1776 ut
546 1739 720 1776 consules
741 1752 823 1776 eam
838 1752 917 1775 rem
938 1740 986 1776 ad
1003 1746 1179 1777 senatum

64 1805 259 1841 referrent.
317 1803 372 1841 Ut
390 1816 480 1840 vero
500 1804 700 1840 arcessitus
730 1803 771 1839 in
790 1803 932 1839 curiam
953 1815 1096 1846 censor,
1114 1816 1179 1839 ve-

65 1870 136 1912 nit,
166 1868 287 1905 multo
316 1867 491 1905 infestius
521 1867 661 1916 singuli
690 1867 928 1916 universique
954 1874 1179 1917 praesentem

65 1933 230 1969 lacerare
247 1947 254 1968 ε
293 1934 481 1981 Templum
500 1934 789 1980 augustissimum
806 1934 962 1979 regionis
980 1930 1067 1977 ejus,
1084 1933 1196 1980 quod<

64 2009 132 2043 non
163 1997 338 2045 Pyrrhus,
357 1997 635 2033 nonHannibal
659 1998 864 2038 violassent,
884 1997 1020 2032 violare
1042 2008 1180 2044 parum

66 2061 236 2104 habuisse,
252 2062 320 2098 nisi
338 2062 523 2097 detexisset
540 2059 721 2109 foede‚7‹1c
734 2071 846 2108 prope
861 2060 1039 2096 diruisset.
1095 2060 1177 2096 De·
1191 2094 1194 2095 ⁷

66 2128 224 2160 tractum
242 2126 380 2162 culmen
400 2125 545 2173 templo,
566 2125 743 2163 nudatum
763 2129 894 2160 tectum
910 2128 1037 2172 patere
1054 2123 1178 2160 imbri-

65 2189 127 2225 bus
143 2188 455 2238 putrefaciendum
468 2206 480 2227 :
509 2201 700 2233 censorem,
721 2189 876 2226 moribus
894 2190 1056 2236 regendis
1077 2200 1178 2225 crea·

66 2257 155 2298 tum,
189 2254 245 2290 cui
275 2257 376 2290 sarta
404 2257 510 2297 tecta,
531 2255 671 2301 exigere
701 2255 812 2293 sacris
836 2252 1002 2303 publicis,
1032 2256 1067 2290 et
1101 2253 1180 2290 loca

564 2317 596 2354 P
616 2317 638 2353 6
