1546 2648
326 213 481 244 mmm
504 212 633 241 xmx.
665 211 772 240 CAP.
798 211 926 240 Lxu.
1100 200 1200 256 387¹

76 302 271 354 Mopsium
289 305 417 356 posuit
431 309 555 341 castra
570 317 577 339 :
609 301 776 339 tumulus
791 302 854 338 hic
870 301 971 339 inter
983 302 1129 355 Tempe
1146 309 1186 340 et
1196 308 1288 342 U.C.
1307 316 1381 342 5⁸1.

76 367 268 405 Larissam
287 368 430 405 medius
451 373 519 404 est.
1197 354 1239 386 Α·
1254 352 1291 384 c·
1312 358 1387 388 ¹⁷²⁴

131 428 264 470 LXII.
292 431 474 475 Romani,
504 443 583 467 non
614 429 858 467 abscedentes
879 428 926 466 ab
956 429 1039 481 ripa
1057 430 1189 475 Penei,

79 486 352 532 transtulerunt
366 495 407 532 in
421 495 547 532 locum
564 495 744 531 tutiorem
760 500 897 531 castra.
943 493 1004 530 Eo
1020 493 1190 544 Misage-

78 570 145 596 nes
164 559 333 597 Numida
350 560 454 597 venit
474 572 558 596 cum
578 557 682 596 mille
700 558 906 609 equitibus,
921 559 1004 610 pari
1022 559 1193 610 peditum

79 635 252 668 numero,
273 624 321 661 ad
341 624 416 661 hoc
444 623 655 674 elephantis
681 621 830 660 duobus
860 628 898 659 et
915 621 1065 671 viginti.
1119 622 1195 661 Per

82 697 147 724 eos
180 687 257 725 dies
286 689 488 726 consilium
516 687 675 725 habenti
703 687 785 736 regi
813 687 859 723 de
887 699 1046 730 summa,
1077 699 1194 737 quum

76 748 160 801 jam
179 754 411 790 consedisset
429 753 572 790 ferocia
601 752 649 789 ab
678 764 718 788 re
735 750 834 788 bene
853 757 974 800 gesta,
998 751 1080 787 ausi
1105 757 1196 789 sunt

81 815 233 864 quidam
246 819 454 855 amicorum
470 816 671 854 consilium
688 815 790 859 dare,
804 822 847 851 ut
861 815 1198 866 secundafortuna

83 878 122 915 in
142 880 362 917 conditione
390 881 561 917 honestae
589 879 701 930 pacis
719 884 887 915 uteretur
905 878 1047 929 potius,
1068 891 1198 928 quam,
1215 905 1218 908 ι

84 953 150 992 spe
166 955 265 980 vana
293 950 457 987 evectus,
478 944 518 980 in
538 956 667 980 casum
696 941 991 979 inrevocabilem
1021 955 1060 979 se
1079 938 1199 981 daret.

84 1006 237 1043 Modum
256 1010 425 1057 inponere
453 1009 613 1045 secundis
629 1007 744 1049 rebus,
774 1017 838 1042 nec
861 1007 969 1042 nimis
987 1008 1128 1042 credere
1144 1018 1200 1043 se-

84 1073 235 1108 renitati
259 1075 443 1121 proesentis
461 1072 639 1122 fortunae,
667 1072 857 1120 prudentis
884 1070 1035 1107 hominis
1062 1075 1098 1106 et
1124 1084 1200 1107 me-

86 1137 157 1171 rito
175 1135 301 1185 felicis
327 1149 409 1174 esse.
466 1137 632 1173 Mitteret
650 1137 701 1171 ad
726 1135 918 1178 consulem,
939 1137 1000 1183 qui
1012 1134 1137 1183 foedus
1164 1137 1203 1171 in

86 1201 228 1236 easdem
257 1201 349 1249 leges
376 1205 604 1243 renovarent,
633 1199 756 1248 quibus
774 1199 970 1247 Philippus
992 1204 1103 1247 pater
1130 1198 1205 1246 ejus

84 1276 213 1312 pacem
242 1277 266 1300 a
290 1267 330 1301 T.
343 1266 511 1307 Quinctio
538 1267 671 1301 victore
697 1265 898 1313 accepisset.
955 1264 1080 1311 Neque
1095 1264 1207 1313 finiri

87 1330 217 1366 bellum
237 1331 530 1380 magnificentius,
551 1342 657 1379 quam
679 1342 703 1365 α
719 1335 794 1365 tam
812 1329 1038 1365 memorabili
1052 1341 1178 1377 pugna
1188 1346 1204 1374 ς

88 1408 201 1445 neque
216 1409 313 1445 spem
329 1397 531 1447 firmiorem
548 1398 650 1444 pacis
672 1400 855 1444 perpetuae
874 1397 970 1439 dari,
990 1407 1099 1444 quam
1126 1407 1206 1444 quoe

88 1460 268 1507 perculsos
285 1461 433 1497 adverso
450 1461 576 1509 proelio
596 1459 778 1495 Romanos
794 1459 976 1495 molliores
982 1458 1141 1507 factura
1158 1460 1208 1495 sit

91 1524 139 1560 ad
159 1526 425 1572 paciscendum.
484 1525 590 1566 Quod
609 1526 640 1560 si
659 1524 819 1560 Romani
848 1528 924 1559 tum
943 1535 1080 1572 quoque
1098 1524 1206 1560 insita

89 1589 293 1635 pertinacia
320 1601 422 1637 aequa
450 1589 766 1636 adspernarentur,
790 1588 890 1623 Deos
917 1587 1144 1635 hominesque
1170 1590 1206 1623 ct
1227 1595 1229 1599 ⁴

93 1651 350 1688 moderationis
367 1652 504 1693 Persei,
518 1656 554 1687 et
571 1652 714 1687 illorum
731 1652 930 1699 pervicacis
942 1651 1125 1699 superbioe,
1133 1649 1205 1699 fu·
1250 1683 1253 1685 ,

97 1719 194 1749 turos
212 1719 324 1751 testes.
381 1714 600 1762 Numquam
616 1714 663 1750 ab
680 1713 820 1750 talibus
836 1713 1004 1750 consiliis
1024 1713 1207 1750 abhorre-

93 1781 162 1818 bat
179 1782 278 1831 regis
295 1783 466 1820 animus:
499 1783 628 1832 itaque
655 1782 821 1833 plurium
849 1782 1010 1819 adsensu
1030 1795 1208 1833 compro-

95 1845 186 1882 bata
203 1852 262 1882 est
279 1847 481 1883 sententia.
536 1845 690 1895 Legati,
713 1846 760 1883 ad
782 1845 976 1882 consulem
996 1846 1114 1890 missi,
1143 1845 1209 1882 ad-

95 1907 220 1945 thito
238 1908 426 1958 frequenti
446 1909 620 1952 consilio,
642 1909 761 1945 auditi
780 1915 881 1947 sunt.
923 1910 1058 1946 Pacem
1073 1915 1207 1958 petere,
1220 1916 1351 1948 Perseus
1362 1925 1417 1955 pa.-

97 1973 261 2020 vectigal,
278 1977 451 2021 quantum
465 1973 659 2021 Philippus
669 1977 800 2021 pactus
815 1977 915 2015 esset,
932 1974 1103 2009 daturum
1119 1973 1210 2009 Per·
1222 1969 1293 1991 cem
1308 1959 1396 2001 petit.

97 2047 155 2074 sea
175 2036 348 2073 Romanis
365 2035 608 2087 pollicentes:
641 2037 796 2080 urbibus,
817 2038 926 2084 agris,
948 2038 1114 2085 locisque,
1132 2039 1211 2085 qui-

101 2099 162 2134 bus
181 2100 371 2149 Philippus
390 2102 553 2143 cessisset,
575 2112 749 2136 cessurum
768 2102 929 2149 primum
942 2116 954 2137 .·
982 2101 1064 2137 haec
1083 2100 1212 2149 legati.

103 2161 294 2199 Submotis
312 2164 387 2208 his,
407 2177 520 2213 quum
541 2163 814 2207 consultarent,
834 2164 1013 2201 Romana
1031 2171 1213 2200 constan-

104 2228 157 2264 tia
177 2227 268 2264 vicit
285 2229 324 2264 in
347 2230 518 2266 consilio.
575 2229 638 2266 Ita
656 2236 737 2266 tum
766 2242 847 2266 mos
868 2236 963 2273 erat,
980 2230 1020 2266 in
1049 2230 1214 2266 adversis

104 2290 246 2328 vultum
267 2293 439 2330 secundae
457 2293 621 2330 fortunae
640 2307 784 2343 gerere,
806 2294 993 2331 moderari
1013 2295 1159 2332 animos
1176 2294 1215 2330 in

107 2357 288 2395 secundis.
343 2357 582 2409 Responderi
601 2358 758 2410 placuit,
780 2359 839 2395 Ita
861 2370 989 2408 pacem
1008 2358 1104 2401 dari,
1123 2360 1154 2394 si
1173 2359 1216 2394 de
1228 2375 1365 2408 psum„

625 2421 693 2458 82
