1546 2648
276 148 361 203 548
700 158 947 193 EP1T0MAE

282 249 426 284 tandem
458 249 506 284 ibi
536 250 708 296 originem
739 263 855 294 suam,
878 251 1061 301 faisaeque
1092 258 1203 292 matri
1237 257 1395 294 libellum

279 314 420 355 datum,
440 314 541 361 signo
555 312 679 349 Persei
693 316 785 362 regis
802 317 996 363 signatum,
1016 330 1120 365 quem
1137 319 1203 355 sibi
1223 322 1393 364 traderet,

278 388 386 424 quum
414 377 463 412 ad
487 375 654 424 puberem
684 382 826 414 <etatem
857 382 1027 424 venisset,·
1074 382 1390 432 obtestationesque

279 441 427 476 ultimas
444 439 614 487 adjectas,
635 446 676 477 ut
694 454 749 477 res
767 444 804 478 in
824 445 962 480 occulto
981 446 1030 480 ad
1056 447 1095 481 id
1117 452 1253 494 tempus
1272 459 1393 483 serva-

279 509 404 541 retur:
430 505 632 554 pubescenti
650 506 806 542 libellum
830 509 1004 544 traditum
1017 525 1028 545 .·
1053 511 1089 546 in
1108 522 1176 557 quo
1195 513 1311 547 relicti
1326 512 1391 547 sibi

281 570 351 605 duo
371 569 529 605 thesauri
550 582 572 604 α
595 575 700 617 patre
718 572 921 607 dicerentur
938 587 950 608 .·
981 577 1055 608 tum
1080 576 1247 610 scientem
1265 577 1396 612 mulie-

279 645 354 670 rem
372 633 549 669 subditum
568 645 605 669 se
629 645 711 675 esse,
732 645 853 670 veram
877 636 1024 682 stirpem
1044 638 1226 683 ignor-anti
1243 640 1392 675 edidisse

277 709 411 744 genus;
439 701 546 745 atque
575 697 799 740 obtestatum,
819 704 859 734 ut
887 700 1000 746 prius,
1032 713 1140 747 quam
1161 707 1326 738 manaret
1345 703 1392 738 ad

280 762 475 798 Eumenem
493 773 561 803 res,
582 761 713 797 Perseo
730 763 926 805 inimicum,
955 765 1139 800 excederet
1167 766 1210 801 iis
1229 765 1328 808 iocis,
1348 776 1392 802 ne

279 825 534 874 interficeretur
546 841 558 861 .·
586 837 626 861 eo
652 837 689 861 se
714 828 935 871 exterritum,
965 829 1073 864 simul
1095 834 1296 877 sperantem
1323 831 1393 866 ali-

280 890 376 937 quod
403 901 427 925 a
446 890 636 926 Demetrio
667 891 855 934 auxilium,
886 893 922 927 in
949 892 1094 940 Syriam
1117 905 1154 930 se
1181 894 1394 930 contulisse?

279 957 388 1002 atque
405 953 452 989 ibi
465 954 638 1002 primum,
661 955 740 1002 quis
757 959 856 998 esset,
882 956 1009 1003 palam
1028 968 1234 1004 est-promere
1253 969 1393 994 ausum.

809 1061 862 1099 L.

285 1131 611 1192 THESSALIA‚
640 1160 748 1197 quum
776 1153 812 1185 et
836 1149 940 1184 illam
959 1149 1126 1184 invadere
1154 1150 1264 1184 armis
1288 1152 1397 1197 atque

279 1224 455 1260 occupare
472 1213 796 1261 Pseudophilippus
821 1213 941 1254 vellet,
967 1224 1033 1259 per
1058 1213 1193 1259 legatos
1211 1211 1394 1249 Romano-

280 1288 360 1312 rum
386 1277 532 1312 auxiliis
549 1277 759 1313 Achaeorum
787 1275 933 1325 defensa
960 1281 1022 1312 est.
1079 1276 1230 1312 Prusias
1241 1283 1310 1312 'rex
1328 1276 1395 1312 Bi·

281 1339 424 1388 tliyniae,
454 1342 682 1389 omniumque
715 1340 996 1376 humillimorum
1014 1341 1197 1382 vitiorum,
1229 1352 1252 1375 a
1280 1340 1396 1376 Nico-

280 1404 382 1439 mede
406 1404 507 1453 fllio,
536 1403 731 1450 adjuvante
762 1405 891 1440 Attalo
926 1415 1008 1451 rege
1040 1403 1225 1457 Pergami‚'
1262 1405 1395 1440 occisus

280 1473 344 1505 est.
398 1469 565 1505 Habebat
582 1471 695 1505 alium
711 1469 850 1518 filium,
873 1470 946 1516 qui,
973 1480 1042 1516 pro
1067 1469 1248 1516 superiore
1269 1469 1394 1505 ordine

282 1533 455 1576 dentium,
482 1539 625 1570 enatum
655 1534 816 1570 habuisse
843 1545 953 1569 unum
985 1545 1023 1568 os
1047 1534 1230 1568 continens
1249 1533 1394 1570 dicitur.

284 1597 405 1638 Quum'
422 1597 558 1645 legatos
575 1598 623 1633 ad
648 1609 773 1646 pacem
799 1583 893 1632 inter
918 1597 1146 1632 Nicomedem
1172 1600 1207 1632 et
1226 1596 1396 1632 Prusiam

270 1659 487 1710 faciendam
506 1661 663 1697 Romani
693 1663 880 1702 misissent,
901 1665 935 1696 et
959 1671 1050 1696 ulnus
1067 1671 1109 1695 ex
1133 1661 1176 1696 iis
1202 1660 1325 1696 multis
1342 1661 1394 1696 ci·

283 1725 473 1761 catricibus
495 1738 657 1773 sparsum
683 1731 792 1773 caput
823 1725 977 1766 haberet,
1008 1725 1103 1760 alter
1131 1723 1280 1771 pedibus
1305 1735 1397 1771 eger

283 1793 383 1830 esset,
406 1790 531 1824 tertius
548 1791 689 1836 ingenio
707 1800 824 1824 socors
843 1789 1029 1824 haberetur
1040 1805 1050 1829 ,·
1081 1788 1172 1822 dixit
1193 1785 1297 1827 Cato,
1315 1798 1395 1822 eam

287 1851 498 1898 legationem
527 1863 590 1887 nec
614 1856 735 1898 caput,
764 1863 827 1887 nec
853 1852 972 1899 pedes,
994 1861 1056 1886 nec
1075 1861 1135 1885 cor
1153 1849 1290 1884 habere.
1349 1849 1395 1885 In

284 1915 407 1962 Syria,
428 1927 506 1963 quae
530 1927 570 1952 eo
599 1919 756 1963 tempore
784 1926 825 1950 ex
852 1916 964 1962 stirpe
984 1915 1123 1962 generis
1150 1913 1283 1954 Persei,
1303 1914 1397 1960 regis

283 1981 538 2024 Macedonum,
560 1982 689 2016 inertia
706 1982 936 2028 socordiaque
952 1981 1102 2016 similem
1119 1979 1257 2014 Prusioe
1274 1989 1393 2025 regem

284 2043 445 2087 habebat,
454 2042 600 2089 jacente
617 2055 657 2080 eo
676 2045 712 2080 in
730 2055 847 2092 ganea
872 2048 908 2079 et
933 2044 1065 2085 lustris,
1082 2042 1294 2077 Ammonius
1313 2053 1394 2088 reg-

282 2109 419 2152 nabat‚·
444 2121 510 2158 per
528 2121 630 2158 quem
646 2115 681 2146 et
699 2111 807 2145 amici
833 2121 952 2145 omnes
978 2109 1083 2156 regis.
1102 2112 1137 2143 et
1157 2107 1315 2146 Laodice
1337 2117 1395 2142 re·

280 2175 383 2220 gina,
405 2178 439 2208 et
458 2175 672 2221 Antigonus,
689 2173 872 2209 Demetrii
887 2173 1005 2222 fitius,
1027 2173 1143 2207 occisi.
1186 2170 1400 2214 Masinissa.

285 2231 466 2272 Numidiae
500 2248 574 2279 rex,
604 2235 720 2283 major
747 2240 942 2286 nonaginta
966 2239 1070 2273 annis
1092 2237 1253 2273 decessit.
1269 2237 1326 2272 vir
1344 2237 1406 2273 h-

281 2301 402 2349 signis.
460 2301 562 2338 Inter
579 2306 698 2338 cetera
715 2313 826 2351 opera
846 2301 1038 2349 juvenilia,
1062 2313 1139 2349 quae
1158 2300 1207 2337 ad
1231 2300 1399 2337 ultimum
