<?xml version="1.0" encoding="UTF-8"?>
<!DOCTYPE html PUBLIC "-//W3C//DTD XHTML 1.0 Transitional//EN"
    "http://www.w3.org/TR/xhtml1/DTD/xhtml1-transitional.dtd">
<html xmlns="http://www.w3.org/1999/xhtml" xml:lang="en" lang="en">
 <head>
  <title>
</title>
<meta http-equiv="Content-Type" content="text/html;charset=utf-8" />
  <meta name='ocr-system' content='tesseract 3.04.00' />
  <meta name='ocr-capabilities' content='ocr_page ocr_carea ocr_par ocr_line ocrx_word'/>
</head>
<body>
  <div class='ocr_page' id='page_1' title='image "./historiarumquaes04livyuoft/historiarumquaes04livyuoft_0256.png"; bbox 0 0 1546 2648; ppageno 0'>
   <div class='ocr_carea' id='block_1_1' title="bbox 127 251 310 327">
    <p class='ocr_par' dir='ltr' id='par_1_1' title="bbox 127 251 310 327">
     <span class='ocr_line' id='line_1_1' title="bbox 129 251 309 289; baseline 0.011 -7"><span class='ocrx_word' id='word_1_1' title='bbox 129 251 218 282; x_wconf 88' lang='lat' dir='ltr'>U.C.</span> <span class='ocrx_word' id='word_1_2' title='bbox 237 259 309 289; x_wconf 75' lang='lat'>³71-</span> 
     </span>
     <span class='ocr_line' id='line_1_2' title="bbox 127 295 310 327; baseline 0.005 -1"><span class='ocrx_word' id='word_1_3' title='bbox 127 297 165 327; x_wconf 82' lang='grc' dir='ltr'>Δ.</span> <span class='ocrx_word' id='word_1_4' title='bbox 182 295 217 326; x_wconf 91' lang='lat' dir='ltr'>C.</span> <span class='ocrx_word' id='word_1_5' title='bbox 238 302 310 327; x_wconf 80' lang='lat'>181.</span> 
     </span>
    </p>
   </div>
   <div class='ocr_carea' id='block_1_2' title="bbox 123 892 308 1055">
    <p class='ocr_par' dir='ltr' id='par_1_2' title="bbox 123 892 308 1055">
     <span class='ocr_line' id='line_1_3' title="bbox 123 892 308 926; baseline 0.005 -1"><span class='ocrx_word' id='word_1_6' title='bbox 123 892 308 926; x_wconf 85' lang='lat' dir='ltr'>Demetrius</span> 
     </span>
     <span class='ocr_line' id='line_1_4' title="bbox 124 938 291 976; baseline 0.006 -9"><span class='ocrx_word' id='word_1_7' title='bbox 124 938 236 976; x_wconf 73' lang='lat' dir='ltr'>fugam</span> <span class='ocrx_word' id='word_1_8' title='bbox 253 939 291 968; x_wconf 88' lang='lat' dir='ltr'>ad</span> 
     </span>
     <span class='ocr_line' id='line_1_5' title="bbox 126 979 292 1011; baseline 0.006 -1"><span class='ocrx_word' id='word_1_9' title='bbox 126 979 292 1011; x_wconf 82' lang='lat' dir='ltr'>Romanos</span> 
     </span>
     <span class='ocr_line' id='line_1_6' title="bbox 123 1025 305 1055; baseline 0.005 -1"><span class='ocrx_word' id='word_1_10' title='bbox 123 1025 305 1055; x_wconf 83' lang='lat' dir='ltr'>meditatur.</span> 
     </span>
    </p>
   </div>
   <div class='ocr_carea' id='block_1_3' title="bbox 325 151 983 202">
    <p class='ocr_par' dir='ltr' id='par_1_3' title="bbox 325 151 983 202">
     <span class='ocr_line' id='line_1_7' title="bbox 325 151 983 202; baseline -0.002 -9"><span class='ocrx_word' id='word_1_11' title='bbox 325 151 405 202; x_wconf 82' lang='lat'>246</span> <span class='ocrx_word' id='word_1_12' title='bbox 779 164 824 192; x_wconf 84' lang='lat' dir='ltr'>T.</span> <span class='ocrx_word' id='word_1_13' title='bbox 849 163 983 192; x_wconf 79' lang='lat' dir='ltr'>mvn</span> 
     </span>
    </p>
   </div>
   <div class='ocr_carea' id='block_1_4' title="bbox 316 248 1434 1963">
    <p class='ocr_par' dir='ltr' id='par_1_4' title="bbox 319 248 1433 555">
     <span class='ocr_line' id='line_1_8' title="bbox 323 248 1433 301; baseline 0.003 -16"><span class='ocrx_word' id='word_1_14' title='bbox 323 248 545 285; x_wconf 86' lang='lat' dir='ltr'>dediderunt</span> <span class='ocrx_word' id='word_1_15' title='bbox 564 261 663 287; x_wconf 83' lang='lat' dir='ltr'>sese:</span> <span class='ocrx_word' id='word_1_16' title='bbox 687 250 814 294; x_wconf 90' lang='lat' dir='ltr'>iidem,</span> <span class='ocrx_word' id='word_1_17' title='bbox 834 257 1035 301; x_wconf 85' lang='lat' dir='ltr'><strong>postquam</strong></span> <span class='ocrx_word' id='word_1_18' title='bbox 1063 252 1247 288; x_wconf 84' lang='lat' dir='ltr'>exercitus</span> <span class='ocrx_word' id='word_1_19' title='bbox 1263 252 1433 294; x_wconf 79' lang='lat' dir='ltr'><strong>recessit,</strong></span> 
     </span>
     <span class='ocr_line' id='line_1_9' title="bbox 323 312 1431 356; baseline 0.003 -8"><span class='ocrx_word' id='word_1_20' title='bbox 323 312 434 349; x_wconf 87' lang='lat' dir='ltr'>obliti</span> <span class='ocrx_word' id='word_1_21' title='bbox 447 312 634 355; x_wconf 82' lang='lat' dir='ltr'>obsidum,</span> <span class='ocrx_word' id='word_1_22' title='bbox 651 312 782 350; x_wconf 87' lang='lat' dir='ltr'>relicta</span> <span class='ocrx_word' id='word_1_23' title='bbox 797 314 904 356; x_wconf 87' lang='lat' dir='ltr'>urbe,</span> <span class='ocrx_word' id='word_1_24' title='bbox 918 315 955 351; x_wconf 88' lang='lat' dir='ltr'>in</span> <span class='ocrx_word' id='word_1_25' title='bbox 974 315 1058 352; x_wconf 86' lang='lat' dir='ltr'>loca</span> <span class='ocrx_word' id='word_1_26' title='bbox 1072 316 1217 352; x_wconf 83' lang='lat' dir='ltr'>munita</span> <span class='ocrx_word' id='word_1_27' title='bbox 1231 322 1270 352; x_wconf 86' lang='lat' dir='ltr'>et</span> <span class='ocrx_word' id='word_1_28' title='bbox 1281 321 1431 351; x_wconf 85' lang='lat' dir='ltr'>montes</span> 
     </span>
     <span class='ocr_line' id='line_1_10' title="bbox 319 376 1431 428; baseline 0.002 -15"><span class='ocrx_word' id='word_1_29' title='bbox 319 376 554 426; x_wconf 85' lang='lat' dir='ltr'>refugerunt.</span> <span class='ocrx_word' id='word_1_30' title='bbox 583 376 797 428; x_wconf 88' lang='lat' dir='ltr'>Philippus,</span> <span class='ocrx_word' id='word_1_31' title='bbox 814 379 919 414; x_wconf 92' lang='lat' dir='ltr'>omni</span> <span class='ocrx_word' id='word_1_32' title='bbox 939 391 1076 428; x_wconf 87' lang='lat' dir='ltr'>genere</span> <span class='ocrx_word' id='word_1_33' title='bbox 1095 378 1236 415; x_wconf 86' lang='lat' dir='ltr'>laboris</span> <span class='ocrx_word' id='word_1_34' title='bbox 1255 379 1336 415; x_wconf 86' lang='lat' dir='ltr'>sine</span> <span class='ocrx_word' id='word_1_35' title='bbox 1352 378 1431 415; x_wconf 82' lang='lat' dir='ltr'>ullo</span> 
     </span>
     <span class='ocr_line' id='line_1_11' title="bbox 319 441 1430 493; baseline 0.002 -16"><span class='ocrx_word' id='word_1_36' title='bbox 319 441 455 477; x_wconf 87' lang='lat' dir='ltr'>effectu</span> <span class='ocrx_word' id='word_1_37' title='bbox 479 441 649 490; x_wconf 86' lang='lat' dir='ltr'>fatigatis</span> <span class='ocrx_word' id='word_1_38' title='bbox 676 441 873 486; x_wconf 85' lang='lat' dir='ltr'>militibus,</span> <span class='ocrx_word' id='word_1_39' title='bbox 901 450 939 478; x_wconf 85' lang='lat' dir='ltr'>et</span> <span class='ocrx_word' id='word_1_40' title='bbox 966 442 1098 479; x_wconf 85' lang='lat' dir='ltr'>fraude</span> <span class='ocrx_word' id='word_1_41' title='bbox 1122 443 1295 493; x_wconf 69' lang='lat' dir='ltr'>pra-,toris</span> <span class='ocrx_word' id='word_1_42' title='bbox 1317 442 1430 479; x_wconf 75' lang='lat' dir='ltr'>Didae</span> 
     </span>
     <span class='ocr_line' id='line_1_12' title="bbox 319 499 1431 555; baseline 0.002 -15"><span class='ocrx_word' id='word_1_43' title='bbox 319 504 438 541; x_wconf 83' lang='lat' dir='ltr'>auctis</span> <span class='ocrx_word' id='word_1_44' title='bbox 459 505 498 541; x_wconf 89' lang='lat' dir='ltr'>in</span> <span class='ocrx_word' id='word_1_45' title='bbox 513 504 631 541; x_wconf 86' lang='lat' dir='ltr'>filiurn</span> <span class='ocrx_word' id='word_1_46' title='bbox 651 505 946 555; x_wconf 86' lang='lat' dir='ltr'>suspicionibus,</span> <span class='ocrx_word' id='word_1_47' title='bbox 968 507 1006 542; x_wconf 91' lang='lat' dir='ltr'>in</span> <span class='ocrx_word' id='word_1_48' title='bbox 1021 506 1290 543; x_wconf 88' lang='lat' dir='ltr'>Macedoniam</span> <span class='ocrx_word' id='word_1_49' title='bbox 1307 499 1431 543; x_wconf 84' lang='lat' dir='ltr'>rediit.</span> 
     </span>
    </p>

    <p class='ocr_par' dir='ltr' id='par_1_5' title="bbox 316 567 1434 1963">
     <span class='ocr_line' id='line_1_13' title="bbox 371 567 1428 617; baseline 0 -12"><span class='ocrx_word' id='word_1_50' title='bbox 371 567 533 606; x_wconf 87' lang='lat' dir='ltr'>XXIII.</span> <span class='ocrx_word' id='word_1_51' title='bbox 562 568 704 604; x_wconf 90' lang='lat' dir='ltr'>Missus</span> <span class='ocrx_word' id='word_1_52' title='bbox 728 568 789 605; x_wconf 84' lang='lat' dir='ltr'>hic</span> <span class='ocrx_word' id='word_1_53' title='bbox 818 582 959 613; x_wconf 77' lang='lat' dir='ltr'>comeS,</span> <span class='ocrx_word' id='word_1_54' title='bbox 984 572 1043 617; x_wconf 87' lang='lat' dir='ltr'>(ut</span> <span class='ocrx_word' id='word_1_55' title='bbox 1061 577 1152 606; x_wconf 87' lang='lat' dir='ltr'>ante</span> <span class='ocrx_word' id='word_1_56' title='bbox 1177 571 1321 607; x_wconf 83' lang='lat' dir='ltr'>dictum</span> <span class='ocrx_word' id='word_1_57' title='bbox 1352 570 1428 614; x_wconf 84' lang='lat' dir='ltr'>est)</span> 
     </span>
     <span class='ocr_line' id='line_1_14' title="bbox 318 630 1431 683; baseline 0.001 -14"><span class='ocrx_word' id='word_1_58' title='bbox 318 645 434 681; x_wconf 89' lang='lat' dir='ltr'>quum</span> <span class='ocrx_word' id='word_1_59' title='bbox 453 630 735 683; x_wconf 85' lang='lat' dir='ltr'>simplicitatem</span> <span class='ocrx_word' id='word_1_60' title='bbox 747 631 900 682; x_wconf 76' lang='lat' dir='ltr'>juvenis</span> <span class='ocrx_word' id='word_1_61' title='bbox 921 634 1079 678; x_wconf 84' lang='lat' dir='ltr'>incauti,</span> <span class='ocrx_word' id='word_1_62' title='bbox 1098 642 1137 671; x_wconf 86' lang='lat' dir='ltr'>et</span> <span class='ocrx_word' id='word_1_63' title='bbox 1156 635 1232 670; x_wconf 92' lang='lat' dir='ltr'>suis</span> <span class='ocrx_word' id='word_1_64' title='bbox 1250 634 1353 670; x_wconf 88' lang='lat' dir='ltr'>haud</span> <span class='ocrx_word' id='word_1_65' title='bbox 1371 634 1431 670; x_wconf 86' lang='lat' dir='ltr'>in-</span> 
     </span>
     <span class='ocr_line' id='line_1_15' title="bbox 318 696 1433 747; baseline 0.001 -15"><span class='ocrx_word' id='word_1_66' title='bbox 318 697 456 732; x_wconf 86' lang='lat' dir='ltr'>merito</span> <span class='ocrx_word' id='word_1_67' title='bbox 488 696 760 739; x_wconf 86' lang='lat' dir='ltr'>succensentis,</span> <span class='ocrx_word' id='word_1_68' title='bbox 787 696 1024 734; x_wconf 86' lang='lat' dir='ltr'>adsentando</span> <span class='ocrx_word' id='word_1_69' title='bbox 1055 697 1364 747; x_wconf 84' lang='lat' dir='ltr'>indignandoque</span> <span class='ocrx_word' id='word_1_70' title='bbox 1393 702 1433 733; x_wconf 80' lang='lat' dir='ltr'>et</span> 
     </span>
     <span class='ocr_line' id='line_1_16' title="bbox 318 757 1430 810; baseline 0.001 -15"><span class='ocrx_word' id='word_1_71' title='bbox 318 759 400 809; x_wconf 89' lang='lat' dir='ltr'>ipse</span> <span class='ocrx_word' id='word_1_72' title='bbox 418 759 539 796; x_wconf 90' lang='lat' dir='ltr'>vicem</span> <span class='ocrx_word' id='word_1_73' title='bbox 558 757 653 809; x_wconf 82' lang='lat' dir='ltr'>ejuS,</span> <span class='ocrx_word' id='word_1_74' title='bbox 670 765 854 810; x_wconf 84' lang='lat' dir='ltr'>captaret,</span> <span class='ocrx_word' id='word_1_75' title='bbox 872 760 911 796; x_wconf 91' lang='lat' dir='ltr'>in</span> <span class='ocrx_word' id='word_1_76' title='bbox 927 761 1057 797; x_wconf 90' lang='lat' dir='ltr'>omnia</span> <span class='ocrx_word' id='word_1_77' title='bbox 1075 761 1176 798; x_wconf 85' lang='lat' dir='ltr'>ultro</span> <span class='ocrx_word' id='word_1_78' title='bbox 1195 773 1301 796; x_wconf 88' lang='lat' dir='ltr'>suam</span> <span class='ocrx_word' id='word_1_79' title='bbox 1321 759 1430 796; x_wconf 89' lang='lat' dir='ltr'>obfe-</span> 
     </span>
     <span class='ocr_line' id='line_1_17' title="bbox 317 822 1430 875; baseline 0.001 -16"><span class='ocrx_word' id='word_1_80' title='bbox 317 834 403 859; x_wconf 88' lang='lat' dir='ltr'>rens</span> <span class='ocrx_word' id='word_1_81' title='bbox 424 835 593 873; x_wconf 83' lang='lat' dir='ltr'>operam,</span> <span class='ocrx_word' id='word_1_82' title='bbox 612 823 685 859; x_wconf 87' lang='lat' dir='ltr'>fide</span> <span class='ocrx_word' id='word_1_83' title='bbox 705 822 806 867; x_wconf 87' lang='lat' dir='ltr'>data,</span> <span class='ocrx_word' id='word_1_84' title='bbox 828 836 966 861; x_wconf 86' lang='lat' dir='ltr'>arcana</span> <span class='ocrx_word' id='word_1_85' title='bbox 986 823 1066 875; x_wconf 90' lang='lat' dir='ltr'>ejus</span> <span class='ocrx_word' id='word_1_86' title='bbox 1087 825 1228 862; x_wconf 89' lang='lat' dir='ltr'>elicuit.</span> <span class='ocrx_word' id='word_1_87' title='bbox 1282 824 1430 873; x_wconf 81' lang='lat' dir='ltr'>Fugam</span> 
     </span>
     <span class='ocr_line' id='line_1_18' title="bbox 320 886 1431 925; baseline 0.001 -3"><span class='ocrx_word' id='word_1_88' title='bbox 320 886 366 922; x_wconf 86' lang='lat' dir='ltr'>ad</span> <span class='ocrx_word' id='word_1_89' title='bbox 393 886 591 923; x_wconf 88' lang='lat' dir='ltr'>Romanos</span> <span class='ocrx_word' id='word_1_90' title='bbox 617 886 836 923; x_wconf 87' lang='lat' dir='ltr'>Demetrius</span> <span class='ocrx_word' id='word_1_91' title='bbox 865 887 1144 925; x_wconf 83' lang='lat' dir='ltr'>meditabatur:</span> <span class='ocrx_word' id='word_1_92' title='bbox 1177 888 1238 924; x_wconf 89' lang='lat' dir='ltr'>cui</span> <span class='ocrx_word' id='word_1_93' title='bbox 1270 886 1431 924; x_wconf 87' lang='lat' dir='ltr'>consilio</span> 
     </span>
     <span class='ocr_line' id='line_1_19' title="bbox 318 950 1432 1002; baseline 0.001 -14"><span class='ocrx_word' id='word_1_94' title='bbox 318 950 471 1002; x_wconf 86' lang='lat' dir='ltr'>adjutor</span> <span class='ocrx_word' id='word_1_95' title='bbox 498 951 627 989; x_wconf 78' lang='lat' dir='ltr'>Defim</span> <span class='ocrx_word' id='word_1_96' title='bbox 644 952 831 990; x_wconf 90' lang='lat' dir='ltr'>beneficio</span> <span class='ocrx_word' id='word_1_97' title='bbox 859 953 1009 990; x_wconf 89' lang='lat' dir='ltr'>oblatus</span> <span class='ocrx_word' id='word_1_98' title='bbox 1041 954 1240 991; x_wconf 86' lang='lat' dir='ltr'>videbatur</span> <span class='ocrx_word' id='word_1_99' title='bbox 1266 952 1432 989; x_wconf 77' lang='lat' dir='ltr'>Paeoniae</span> 
     </span>
     <span class='ocr_line' id='line_1_20' title="bbox 317 1014 1432 1068; baseline 0 -17"><span class='ocrx_word' id='word_1_100' title='bbox 317 1020 471 1066; x_wconf 83' lang='lat' dir='ltr'>praetor,</span> <span class='ocrx_word' id='word_1_101' title='bbox 501 1028 568 1066; x_wconf 89' lang='lat' dir='ltr'>per</span> <span class='ocrx_word' id='word_1_102' title='bbox 598 1014 705 1065; x_wconf 89' lang='lat' dir='ltr'>cujus</span> <span class='ocrx_word' id='word_1_103' title='bbox 738 1017 973 1066; x_wconf 86' lang='lat' dir='ltr'>provinciam</span> <span class='ocrx_word' id='word_1_104' title='bbox 1009 1029 1115 1068; x_wconf 88' lang='lat' dir='ltr'>spem</span> <span class='ocrx_word' id='word_1_105' title='bbox 1148 1022 1300 1067; x_wconf 89' lang='lat' dir='ltr'>ceperat</span> <span class='ocrx_word' id='word_1_106' title='bbox 1332 1015 1432 1052; x_wconf 82' lang='lat' dir='ltr'>elabi</span> 
     </span>
     <span class='ocr_line' id='line_1_21' title="bbox 317 1079 1432 1131; baseline -0.001 -15"><span class='ocrx_word' id='word_1_107' title='bbox 317 1086 403 1116; x_wconf 82' lang='lat' dir='ltr'>tuto</span> <span class='ocrx_word' id='word_1_108' title='bbox 428 1091 551 1130; x_wconf 86' lang='lat' dir='ltr'>posse.</span> <span class='ocrx_word' id='word_1_109' title='bbox 608 1079 697 1116; x_wconf 92' lang='lat' dir='ltr'>Hoc</span> <span class='ocrx_word' id='word_1_110' title='bbox 726 1080 927 1117; x_wconf 84' lang='lat' dir='ltr'>consilium</span> <span class='ocrx_word' id='word_1_111' title='bbox 947 1080 1140 1131; x_wconf 87' lang='lat' dir='ltr'>extemplo</span> <span class='ocrx_word' id='word_1_112' title='bbox 1159 1088 1197 1117; x_wconf 91' lang='lat' dir='ltr'>et</span> <span class='ocrx_word' id='word_1_113' title='bbox 1215 1079 1323 1117; x_wconf 83' lang='lat' dir='ltr'>fratri</span> <span class='ocrx_word' id='word_1_114' title='bbox 1341 1092 1432 1130; x_wconf 85' lang='lat' dir='ltr'>pro-</span> 
     </span>
     <span class='ocr_line' id='line_1_22' title="bbox 317 1142 1433 1195; baseline -0.003 -15"><span class='ocrx_word' id='word_1_115' title='bbox 317 1144 432 1187; x_wconf 83' lang='lat' dir='ltr'>ditur,</span> <span class='ocrx_word' id='word_1_116' title='bbox 463 1149 515 1187; x_wconf 86' lang='lat' dir='ltr'>et,</span> <span class='ocrx_word' id='word_1_117' title='bbox 536 1150 691 1180; x_wconf 85' lang='lat' dir='ltr'>auctore</span> <span class='ocrx_word' id='word_1_118' title='bbox 721 1156 780 1187; x_wconf 90' lang='lat' dir='ltr'>eo,</span> <span class='ocrx_word' id='word_1_119' title='bbox 802 1145 990 1181; x_wconf 86' lang='lat' dir='ltr'>indicatur</span> <span class='ocrx_word' id='word_1_120' title='bbox 1017 1144 1130 1195; x_wconf 85' lang='lat' dir='ltr'>patri.</span> <span class='ocrx_word' id='word_1_121' title='bbox 1185 1143 1326 1180; x_wconf 83' lang='lat' dir='ltr'>Literae</span> <span class='ocrx_word' id='word_1_122' title='bbox 1354 1142 1433 1193; x_wconf 81' lang='lat' dir='ltr'>pri-</span> 
     </span>
     <span class='ocr_line' id='line_1_23' title="bbox 317 1205 1433 1245; baseline -0.002 -1"><span class='ocrx_word' id='word_1_123' title='bbox 317 1219 419 1244; x_wconf 87' lang='lat' dir='ltr'>mum</span> <span class='ocrx_word' id='word_1_124' title='bbox 437 1208 484 1244; x_wconf 85' lang='lat' dir='ltr'>ad</span> <span class='ocrx_word' id='word_1_125' title='bbox 499 1208 737 1244; x_wconf 86' lang='lat' dir='ltr'>obsidentem</span> <span class='ocrx_word' id='word_1_126' title='bbox 752 1207 905 1245; x_wconf 83' lang='lat' dir='ltr'>Petram</span> <span class='ocrx_word' id='word_1_127' title='bbox 922 1208 1057 1244; x_wconf 88' lang='lat' dir='ltr'>adlatae</span> <span class='ocrx_word' id='word_1_128' title='bbox 1074 1213 1181 1244; x_wconf 87' lang='lat' dir='ltr'>sunt:</span> <span class='ocrx_word' id='word_1_129' title='bbox 1202 1207 1290 1243; x_wconf 82' lang='lat' dir='ltr'>inde</span> <span class='ocrx_word' id='word_1_130' title='bbox 1304 1205 1433 1242; x_wconf 85' lang='lat' dir='ltr'>Hero·</span> 
     </span>
     <span class='ocr_line' id='line_1_24' title="bbox 316 1270 1433 1322; baseline -0.003 -14"><span class='ocrx_word' id='word_1_131' title='bbox 316 1271 429 1309; x_wconf 85' lang='lat' dir='ltr'>dorus</span> <span class='ocrx_word' id='word_1_132' title='bbox 470 1273 662 1322; x_wconf 80' lang='lat' dir='ltr'>(princeps</span> <span class='ocrx_word' id='word_1_133' title='bbox 691 1272 754 1308; x_wconf 87' lang='lat' dir='ltr'>hic</span> <span class='ocrx_word' id='word_1_134' title='bbox 791 1273 1000 1309; x_wconf 86' lang='lat' dir='ltr'>amicorum</span> <span class='ocrx_word' id='word_1_135' title='bbox 1037 1272 1226 1308; x_wconf 81' lang='lat' dir='ltr'>Demetrii</span> <span class='ocrx_word' id='word_1_136' title='bbox 1262 1270 1360 1318; x_wconf 84' lang='lat' dir='ltr'>erat)</span> <span class='ocrx_word' id='word_1_137' title='bbox 1391 1270 1433 1306; x_wconf 85' lang='lat' dir='ltr'>in</span> 
     </span>
     <span class='ocr_line' id='line_1_25' title="bbox 318 1333 1433 1385; baseline -0.002 -14"><span class='ocrx_word' id='word_1_138' title='bbox 318 1335 531 1372; x_wconf 82' lang='lat' dir='ltr'>custodiam</span> <span class='ocrx_word' id='word_1_139' title='bbox 550 1341 607 1371; x_wconf 89' lang='lat' dir='ltr'>est</span> <span class='ocrx_word' id='word_1_140' title='bbox 627 1334 836 1385; x_wconf 84' lang='lat' dir='ltr'>conjectus,</span> <span class='ocrx_word' id='word_1_141' title='bbox 858 1341 896 1372; x_wconf 87' lang='lat' dir='ltr'>et</span> <span class='ocrx_word' id='word_1_142' title='bbox 914 1335 1134 1372; x_wconf 83' lang='lat' dir='ltr'>Demetrius</span> <span class='ocrx_word' id='word_1_143' title='bbox 1154 1333 1433 1371; x_wconf 85' lang='lat' dir='ltr'>dissimulanter</span> 
     </span>
     <span class='ocr_line' id='line_1_26' title="bbox 319 1392 1434 1451; baseline -0.001 -16"><span class='ocrx_word' id='word_1_144' title='bbox 319 1399 504 1436; x_wconf 82' lang='lat' dir='ltr'>adservari</span> <span class='ocrx_word' id='word_1_145' title='bbox 526 1392 669 1449; x_wconf 83' lang='lat' dir='ltr'>jussuS.</span> <span class='ocrx_word' id='word_1_146' title='bbox 726 1399 822 1436; x_wconf 85' lang='lat' dir='ltr'>Haec</span> <span class='ocrx_word' id='word_1_147' title='bbox 852 1411 963 1451; x_wconf 86' lang='lat' dir='ltr'>super</span> <span class='ocrx_word' id='word_1_148' title='bbox 982 1406 1108 1436; x_wconf 85' lang='lat' dir='ltr'>cetera</span> <span class='ocrx_word' id='word_1_149' title='bbox 1125 1399 1274 1437; x_wconf 86' lang='lat' dir='ltr'>tristem</span> <span class='ocrx_word' id='word_1_150' title='bbox 1293 1397 1434 1435; x_wconf 84' lang='lat' dir='ltr'>adven-</span> 
     </span>
     <span class='ocr_line' id='line_1_27' title="bbox 317 1462 1433 1513; baseline -0.002 -13"><span class='ocrx_word' id='word_1_151' title='bbox 317 1470 397 1500; x_wconf 89' lang='lat' dir='ltr'>tum</span> <span class='ocrx_word' id='word_1_152' title='bbox 419 1464 458 1500; x_wconf 88' lang='lat' dir='ltr'>in</span> <span class='ocrx_word' id='word_1_153' title='bbox 486 1462 755 1500; x_wconf 83' lang='lat' dir='ltr'>Macedoniam</span> <span class='ocrx_word' id='word_1_154' title='bbox 785 1464 866 1513; x_wconf 84' lang='lat' dir='ltr'>regi</span> <span class='ocrx_word' id='word_1_155' title='bbox 894 1464 1090 1501; x_wconf 85' lang='lat' dir='ltr'>fecerunt:</span> <span class='ocrx_word' id='word_1_156' title='bbox 1121 1462 1328 1500; x_wconf 79' lang='lat' dir='ltr'>movebant</span> <span class='ocrx_word' id='word_1_157' title='bbox 1346 1474 1433 1498; x_wconf 88' lang='lat' dir='ltr'>eum</span> 
     </span>
     <span class='ocr_line' id='line_1_28' title="bbox 318 1526 1433 1578; baseline -0.002 -15"><span class='ocrx_word' id='word_1_158' title='bbox 318 1533 357 1564; x_wconf 87' lang='lat' dir='ltr'>et</span> <span class='ocrx_word' id='word_1_159' title='bbox 374 1528 576 1578; x_wconf 84' lang='lat' dir='ltr'>praesentia</span> <span class='ocrx_word' id='word_1_160' title='bbox 595 1528 753 1564; x_wconf 84' lang='lat' dir='ltr'>crimina</span> <span class='ocrx_word' id='word_1_161' title='bbox 769 1543 779 1574; x_wconf 82' lang='lat'>3</span> <span class='ocrx_word' id='word_1_162' title='bbox 812 1527 1086 1578; x_wconf 86' lang='lat' dir='ltr'>exspectandos</span> <span class='ocrx_word' id='word_1_163' title='bbox 1107 1533 1250 1569; x_wconf 88' lang='lat' dir='ltr'>tamen,</span> <span class='ocrx_word' id='word_1_164' title='bbox 1271 1537 1365 1574; x_wconf 92' lang='lat' dir='ltr'>quos</span> <span class='ocrx_word' id='word_1_165' title='bbox 1385 1526 1433 1562; x_wconf 85' lang='lat' dir='ltr'>ad</span> 
     </span>
     <span class='ocr_line' id='line_1_29' title="bbox 319 1589 1432 1643; baseline -0.003 -15"><span class='ocrx_word' id='word_1_166' title='bbox 319 1591 550 1643; x_wconf 86' lang='lat' dir='ltr'>exploranda</span> <span class='ocrx_word' id='word_1_167' title='bbox 568 1592 699 1628; x_wconf 88' lang='lat' dir='ltr'>omnia</span> <span class='ocrx_word' id='word_1_168' title='bbox 726 1591 894 1628; x_wconf 87' lang='lat' dir='ltr'>Romam</span> <span class='ocrx_word' id='word_1_169' title='bbox 921 1593 1090 1634; x_wconf 89' lang='lat' dir='ltr'>miserat,</span> <span class='ocrx_word' id='word_1_170' title='bbox 1110 1590 1301 1627; x_wconf 87' lang='lat' dir='ltr'>censebat.</span> <span class='ocrx_word' id='word_1_171' title='bbox 1358 1589 1432 1625; x_wconf 84' lang='lat' dir='ltr'>His</span> 
     </span>
     <span class='ocr_line' id='line_1_30' title="bbox 319 1653 1432 1706; baseline -0.002 -14"><span class='ocrx_word' id='word_1_172' title='bbox 319 1656 453 1693; x_wconf 88' lang='lat' dir='ltr'>anxius</span> <span class='ocrx_word' id='word_1_173' title='bbox 483 1657 580 1692; x_wconf 85' lang='lat' dir='ltr'>curis</span> <span class='ocrx_word' id='word_1_174' title='bbox 611 1669 728 1705; x_wconf 87' lang='lat' dir='ltr'>quum</span> <span class='ocrx_word' id='word_1_175' title='bbox 756 1655 903 1706; x_wconf 89' lang='lat' dir='ltr'>aliquot</span> <span class='ocrx_word' id='word_1_176' title='bbox 931 1668 1078 1692; x_wconf 87' lang='lat' dir='ltr'>menses</span> <span class='ocrx_word' id='word_1_177' title='bbox 1109 1655 1262 1704; x_wconf 84' lang='lat' dir='ltr'>egisset,</span> <span class='ocrx_word' id='word_1_178' title='bbox 1278 1653 1432 1690; x_wconf 87' lang='lat' dir='ltr'>tandem</span> 
     </span>
     <span class='ocr_line' id='line_1_31' title="bbox 318 1716 1432 1771; baseline -0.004 -13"><span class='ocrx_word' id='word_1_179' title='bbox 318 1721 450 1770; x_wconf 86' lang='lat' dir='ltr'>legati,</span> <span class='ocrx_word' id='word_1_180' title='bbox 464 1719 547 1771; x_wconf 89' lang='lat' dir='ltr'>jam</span> <span class='ocrx_word' id='word_1_181' title='bbox 567 1726 655 1757; x_wconf 88' lang='lat' dir='ltr'>ante</span> <span class='ocrx_word' id='word_1_182' title='bbox 673 1721 940 1771; x_wconf 79' lang='lat' dir='ltr'>praemeditatis</span> <span class='ocrx_word' id='word_1_183' title='bbox 960 1721 1000 1756; x_wconf 89' lang='lat' dir='ltr'>in</span> <span class='ocrx_word' id='word_1_184' title='bbox 1018 1719 1261 1761; x_wconf 85' lang='lat' dir='ltr'>Macedonia,</span> <span class='ocrx_word' id='word_1_185' title='bbox 1281 1729 1364 1767; x_wconf 81' lang='lat' dir='ltr'>quae</span> <span class='ocrx_word' id='word_1_186' title='bbox 1383 1716 1432 1754; x_wconf 83' lang='lat' dir='ltr'>ab</span> 
     </span>
     <span class='ocr_line' id='line_1_32' title="bbox 318 1784 1432 1834; baseline -0.005 -12"><span class='ocrx_word' id='word_1_187' title='bbox 318 1784 447 1823; x_wconf 87' lang='lat' dir='ltr'>Roma</span> <span class='ocrx_word' id='word_1_188' title='bbox 482 1786 762 1829; x_wconf 84' lang='lat' dir='ltr'>renunciarent,</span> <span class='ocrx_word' id='word_1_189' title='bbox 799 1791 1007 1822; x_wconf 86' lang='lat' dir='ltr'>venerunt:</span> <span class='ocrx_word' id='word_1_190' title='bbox 1049 1785 1127 1834; x_wconf 92' lang='lat' dir='ltr'>qui,</span> <span class='ocrx_word' id='word_1_191' title='bbox 1163 1795 1274 1833; x_wconf 79' lang='lat' dir='ltr'>super</span> <span class='ocrx_word' id='word_1_192' title='bbox 1306 1788 1432 1818; x_wconf 82' lang='lat' dir='ltr'>cetera</span> 
     </span>
     <span class='ocr_line' id='line_1_33' title="bbox 319 1844 1430 1898; baseline -0.005 -12"><span class='ocrx_word' id='word_1_193' title='bbox 319 1850 475 1894; x_wconf 87' lang='lat' dir='ltr'>scelera,</span> <span class='ocrx_word' id='word_1_194' title='bbox 513 1849 625 1886; x_wconf 86' lang='lat' dir='ltr'>falsas</span> <span class='ocrx_word' id='word_1_195' title='bbox 659 1851 774 1886; x_wconf 89' lang='lat' dir='ltr'>etiam</span> <span class='ocrx_word' id='word_1_196' title='bbox 810 1849 952 1892; x_wconf 81' lang='lat' dir='ltr'>literas,</span> <span class='ocrx_word' id='word_1_197' title='bbox 990 1849 1100 1898; x_wconf 86' lang='lat' dir='ltr'>signo</span> <span class='ocrx_word' id='word_1_198' title='bbox 1134 1846 1347 1884; x_wconf 83' lang='lat' dir='ltr'>adulterino</span> <span class='ocrx_word' id='word_1_199' title='bbox 1383 1844 1430 1882; x_wconf 92' lang='lat' dir='ltr'>T.</span> 
     </span>
     <span class='ocr_line' id='line_1_34' title="bbox 319 1910 1433 1963; baseline -0.006 -11"><span class='ocrx_word' id='word_1_200' title='bbox 319 1915 492 1954; x_wconf 87' lang='lat' dir='ltr'>Quinctii</span> <span class='ocrx_word' id='word_1_201' title='bbox 512 1915 694 1963; x_wconf 83' lang='lat' dir='ltr'>signataS,</span> <span class='ocrx_word' id='word_1_202' title='bbox 715 1914 957 1950; x_wconf 82' lang='lat' dir='ltr'>reddiderunt</span> <span class='ocrx_word' id='word_1_203' title='bbox 975 1914 1068 1962; x_wconf 81' lang='lat' dir='ltr'>regi.</span> <span class='ocrx_word' id='word_1_204' title='bbox 1098 1910 1330 1961; x_wconf 79' lang='lat' dir='ltr'>Deprecatio</span> <span class='ocrx_word' id='word_1_205' title='bbox 1351 1915 1433 1945; x_wconf 82' lang='lat' dir='ltr'>erat</span> 
     </span>
    </p>
   </div>
   <div class='ocr_carea' id='block_1_5' title="bbox 255 1975 1431 2027">
    <p class='ocr_par' dir='ltr' id='par_1_6' title="bbox 255 1975 1431 2027">
     <span class='ocr_line' id='line_1_35' title="bbox 255 1975 1431 2027; baseline -0.006 -11"><span class='ocrx_word' id='word_1_206' title='bbox 255 2012 263 2018; x_wconf 83' lang='lat'>.</span> <span class='ocrx_word' id='word_1_207' title='bbox 319 1979 361 2016; x_wconf 89' lang='lat' dir='ltr'>in</span> <span class='ocrx_word' id='word_1_208' title='bbox 382 1978 516 2022; x_wconf 75' lang='lat' dir='ltr'>liter1s,</span> <span class='ocrx_word' id='word_1_209' title='bbox 537 1980 566 2014; x_wconf 88' lang='lat' dir='ltr'>si</span> <span class='ocrx_word' id='word_1_210' title='bbox 596 1978 685 2027; x_wconf 91' lang='lat' dir='ltr'>quid</span> <span class='ocrx_word' id='word_1_211' title='bbox 714 1978 947 2020; x_wconf 85' lang='lat' dir='ltr'>adolescens,</span> <span class='ocrx_word' id='word_1_212' title='bbox 977 1977 1184 2027; x_wconf 84' lang='lat' dir='ltr'>cupiditate</span> <span class='ocrx_word' id='word_1_213' title='bbox 1209 1975 1317 2023; x_wconf 86' lang='lat' dir='ltr'>regui</span> <span class='ocrx_word' id='word_1_214' title='bbox 1343 1985 1431 2023; x_wconf 87' lang='lat' dir='ltr'>pro-</span> 
     </span>
    </p>
   </div>
   <div class='ocr_carea' id='block_1_6' title="bbox 318 2041 1434 2279">
    <p class='ocr_par' dir='ltr' id='par_1_7' title="bbox 318 2041 1434 2279">
     <span class='ocr_line' id='line_1_36' title="bbox 319 2041 1431 2093; baseline -0.007 -14"><span class='ocrx_word' id='word_1_215' title='bbox 319 2042 461 2093; x_wconf 50' lang='lat' dir='ltr'>lapsu&amp;</span> <span class='ocrx_word' id='word_1_216' title='bbox 496 2055 621 2079; x_wconf 82' lang='lat' dir='ltr'>secum</span> <span class='ocrx_word' id='word_1_217' title='bbox 653 2043 815 2091; x_wconf 82' lang='lat' dir='ltr'>egisset:</span> <span class='ocrx_word' id='word_1_218' title='bbox 849 2042 940 2078; x_wconf 63' lang='lat' dir='ltr'>nihil</span> <span class='ocrx_word' id='word_1_219' title='bbox 975 2054 1056 2077; x_wconf 80' lang='lat' dir='ltr'>eum</span> <span class='ocrx_word' id='word_1_220' title='bbox 1088 2041 1256 2076; x_wconf 70' lang='lat' dir='ltr'>adversus</span> <span class='ocrx_word' id='word_1_221' title='bbox 1286 2049 1431 2073; x_wconf 80' lang='lat' dir='ltr'>suorum</span> 
     </span>
     <span class='ocr_line' id='line_1_37' title="bbox 320 2101 1434 2155; baseline -0.006 -13"><span class='ocrx_word' id='word_1_222' title='bbox 320 2118 530 2154; x_wconf 82' lang='lat' dir='ltr'>quemquam</span> <span class='ocrx_word' id='word_1_223' title='bbox 549 2106 769 2155; x_wconf 78' lang='lat' dir='ltr'>facturum:</span> <span class='ocrx_word' id='word_1_224' title='bbox 798 2118 910 2154; x_wconf 73' lang='lat' dir='ltr'>‘neque</span> <span class='ocrx_word' id='word_1_225' title='bbox 938 2117 1015 2141; x_wconf 80' lang='lat' dir='ltr'>eum</span> <span class='ocrx_word' id='word_1_226' title='bbox 1044 2115 1117 2140; x_wconf 85' lang='lat' dir='ltr'>sese</span> <span class='ocrx_word' id='word_1_227' title='bbox 1139 2114 1222 2143; x_wconf 82' lang='lat' dir='ltr'>esse,</span> <span class='ocrx_word' id='word_1_228' title='bbox 1244 2103 1305 2149; x_wconf 76' lang='lat' dir='ltr'>qui</span> <span class='ocrx_word' id='word_1_229' title='bbox 1322 2101 1434 2136; x_wconf 76' lang='lat' dir='ltr'>ullius</span> 
     </span>
     <span class='ocr_line' id='line_1_38' title="bbox 319 2163 1432 2218; baseline -0.006 -13"><span class='ocrx_word' id='word_1_230' title='bbox 319 2171 409 2218; x_wconf 71' lang='lat' dir='ltr'>inpii</span> <span class='ocrx_word' id='word_1_231' title='bbox 427 2171 565 2206; x_wconf 73' lang='lat' dir='ltr'>consilii</span> <span class='ocrx_word' id='word_1_232' title='bbox 583 2175 708 2206; x_wconf 79' lang='lat' dir='ltr'>auctor</span> <span class='ocrx_word' id='word_1_233' title='bbox 727 2168 882 2217; x_wconf 81' lang='lat' dir='ltr'>futurus</span> <span class='ocrx_word' id='word_1_234' title='bbox 900 2170 1015 2205; x_wconf 70' lang='lat' dir='ltr'>videri</span> <span class='ocrx_word' id='word_1_235' title='bbox 1038 2168 1162 2216; x_wconf 79' lang='lat' dir='ltr'>possit.</span> <span class='ocrx_word' id='word_1_236' title='bbox 1222 2164 1294 2200; x_wconf 89' lang='lat' dir='ltr'>Hae</span> <span class='ocrx_word' id='word_1_237' title='bbox 1314 2163 1432 2200; x_wconf 80' lang='lat' dir='ltr'>literae</span> 
     </span>
     <span class='ocr_line' id='line_1_39' title="bbox 318 2227 1429 2279; baseline -0.007 -9"><span class='ocrx_word' id='word_1_238' title='bbox 318 2233 426 2270; x_wconf 87' lang='lat' dir='ltr'>fidem</span> <span class='ocrx_word' id='word_1_239' title='bbox 455 2233 582 2270; x_wconf 86' lang='lat' dir='ltr'>Persei</span> <span class='ocrx_word' id='word_1_240' title='bbox 608 2233 827 2272; x_wconf 75' lang='lat' dir='ltr'>criminibus</span> <span class='ocrx_word' id='word_1_241' title='bbox 855 2233 1039 2269; x_wconf 84' lang='lat' dir='ltr'>fecerunt.</span> <span class='ocrx_word' id='word_1_242' title='bbox 1097 2231 1232 2279; x_wconf 88' lang='lat' dir='ltr'>Itaque</span> <span class='ocrx_word' id='word_1_243' title='bbox 1252 2227 1429 2265; x_wconf 83' lang='lat' dir='ltr'>Herodo-</span> 
     </span>
    </p>
   </div>
   <div class='ocr_carea' id='block_1_7' title="bbox 1485 0 1545 1880">
    <p class='ocr_par' dir='ltr' id='par_1_8' title="bbox 1485 0 1545 1880">
     <span class='ocr_line' id='line_1_40' title="bbox 1485 0 1545 1880; baseline 0 0"><span class='ocrx_word' id='word_1_244' title='bbox 1485 0 1545 1880; x_wconf 95' lang='lat' dir='ltr'> </span> 
     </span>
    </p>
   </div>
  </div>
 </body>
</html>
