1546 2648
306 165 461 195 LIBER
482 164 635 194 xmu-
667 161 774 192 CAP.
798 163 911 193 XIV.
1083 164 1164 205 411

60 254 225 306 palmam
255 259 406 291 enatam
439 249 608 302 inpluvio
641 263 710 288 suo
741 251 788 288 T.
807 250 976 288 Marcius
1009 251 1166 301 Figulus
1181 255 1366 291 U.C.5s³.‘

60 319 285 356 nunciabat:
309 316 482 359 alterum,
499 315 600 365 quod
619 316 658 352 in
677 315 764 352 loco
783 316 998 365 peregrino,
1014 315 1167 366 Fregel-
1179 304 1219 334 Α·
1235 302 1274 333 C·
1289 303 1363 335 ¹⁶⁹⁰

59 382 104 419 lis
126 384 164 420 in
184 384 298 420 domo
317 381 363 418 L.
378 381 488 418 Atrei
506 379 630 423 hasta,
650 392 764 429 quam
783 378 860 416 filio
880 379 992 416 militi
1010 387 1167 425 emera-t,

59 447 224 484 interdiu
243 446 326 496 plus
346 445 437 482 duas
457 445 570 480 horas
591 443 739 486 arsisse,
756 443 811 479 ita
825 449 867 479 ut
880 442 977 479 ni-hil
991 443 1071 494 ejus
1088 457 1168 481 am-

58 509 211 547 bureret
238 509 354 558 ignis,
375 506 582 545 dicebatur.
636 506 883 544 Publicorum
911 507 1171 557 prodigiorum

58 587 192 612 caussa
211 573 300 611 libri
321 572 580 611 adecemviris
600 571 717 617 aditi;
748 572 1001 621 quadraginta
1015 571 1171 622 majori-

57 639 129 676 bus
147 639 285 676 hostiis
307 637 442 688 quibus
463 637 549 674 Diis
570 635 742 673 consules
762 635 1030 686 sacrificarent,
1047 643 1085 673 et
1104 636 1171 674 ad-

59 703 248 746 diderunt,
270 703 326 738 uti
349 700 576 752 supplicatio
602 699 721 743 fieret,
742 700 943 749 cunctique
969 701 1171 750 magistra-

57 774 119 804 tus
139 768 241 804 circa
259 767 388 803 omnia
406 765 620 815 pulvinaria
637 764 798 801 victimis
819 764 1027 816 majoribus
1054 766 1171 801 sacri-

58 830 230 873 ficarent,
260 828 499 880 populusque
527 834 730 864 coronatus
761 835 872 866 esset.
928 828 1084 873 Omnia,
1113 829 1173 865 uti

58 895 260 945 decemyiri
278 894 498 944 praeierunt,
518 892 633 930 facta.

110 957 222 994 XIV.
252 956 484 994 Censoribus
511 956 646 993 deinde
671 956 841 992 creandis
868 957 1024 993 comitia
1047 957 1172 994 edicta

56 1028 168 1059 sunt:
200 1023 393 1073 petierunt
412 1032 609 1056 censuram
628 1019 817 1069 principes
838 1019 1017 1063 civitatis,
1033 1020 1078 1057 C.
1091 1020 1128 1055 V
1128 1033 1171 1056 a-

55 1085 168 1121 lerius
202 1085 396 1127 Laevinus,
428 1083 476 1121 L.
495 1084 714 1120 Postumius
744 1082 923 1126 Albinus,
953 1083 997 1121 P.
1015 1083 1170 1124 Mucius

58 1149 240 1193 Scaevola,
268 1148 326 1186 M.
346 1148 483 1184 Junius
516 1147 675 1190 Brutus,
706 1147 750 1183 C.
771 1146 951 1183 Claudius
988 1147 1168 1190 Pulcher,

55 1212 116 1249 Ti.
132 1212 378 1262 Sempronius
399 1212 607 1248 Gracchus.
663 1210 749 1247 Hos
776 1211 870 1247 duos
890 1224 1065 1248 censores
1085 1225 1169 1248 cre-

55 1276 133 1312 avit
169 1275 331 1326 populus
369 1275 581 1312 Romanus.
637 1275 768 1314 Quum
800 1274 967 1312 delectus
1000 1275 1168 1312 habendi

53 1338 189 1389 major,
204 1352 316 1388 quam
329 1338 436 1382 alias,
450 1344 606 1389 propter
616 1337 910 1375 Macedonicum
922 1337 1064 1375 bellum
1077 1351 1168 1375 cura

50 1410 167 1446 esset,
197 1403 370 1440 consules
404 1403 554 1454 plebem
583 1403 683 1453 apud
712 1409 887 1439 senatum
919 1403 1165 1447 accusabant,

51 1466 155 1515 quod
174 1473 212 1503 et
223 1466 398 1517 juniores
418 1479 497 1503 non
516 1466 802 1516 responderent.
858 1466 1048 1503 Adversus
1068 1479 1164 1516 quos

52 1529 96 1566 C.
117 1529 304 1580 Sulpicius
325 1536 362 1566 et
379 1530 437 1567 M.
459 1529 639 1566 Claudius
668 1529 813 1566 tribuni
841 1529 961 1580 plebis
992 1543 1166 1568 caussam

6 1618 9 1621 -
51 1600 222 1641 egerunt.
279 1595 363 1630 Non
394 1594 604 1636 consulibus,
633 1595 695 1630 sed
725 1594 922 1631 ambitiosis
953 1596 1164 1639 consulibus,

50 1658 228 1694 delectum
246 1658 430 1706 difficilem
448 1670 543 1695 esse:
570 1660 746 1695 neminem
771 1660 922 1695 invitum
946 1661 1099 1696 mititem
1121 1661 1167 1696 ab

48 1724 94 1758 iis
108 1722 208 1770 fieri.
255 1722 302 1758 Id
330 1724 385 1758 ita
411 1728 452 1758 ut
479 1735 550 1759 esse
575 1724 706 1759 scirent
734 1727 770 1759 et
799 1724 930 1759 Patres
957 1726 1163 1773 conscripti,

45 1790 229 1835 praetores,
247 1787 370 1835 quibus
386 1792 422 1823 et
439 1788 491 1823 vis
509 1789 652 1835 imperii
666 1789 785 1824 minor
798 1793 834 1824 et
848 1790 1046 1825 auctoritas
1060 1793 1163 1831 esset,

0 1882 1 1888 ,
49 1850 238 1893 delectum,
258 1853 289 1887 si
307 1853 360 1887 ita
377 1853 517 1887 senatui
535 1853 728 1895 videretur,
746 1851 971 1901 perfecturos
988 1865 1071 1890 esse.
1118 1853 1165 1890 Id

48 1915 272 1963 praetoribus
301 1928 441 1964 magna
468 1915 628 1955 Patrum
648 1918 673 1940 ὓ
698 1929 777 1952 non
807 1917 888 1953 sine
917 1917 1164 1967 sugillatione

49 1978 259 2022 consulum,
290 1980 512 2016 mandatum
541 1987 611 2017 est.
669 1980 875 2025 Censores,
899 1988 942 2017 ut
969 1995 1052 2018 eam
1081 1994 1163 2019 rem

48 2040 283 2091 adjuvarent,
316 2044 373 2079 ita
399 2043 440 2079 in
469 2044 660 2080 concione
686 2044 900 2088 edixerunt,
920 2045 1053 2093 Legem
1081 2057 1162 2082 cen-

48 2107 103 2141 sui
121 2108 288 2143 censendo
307 2109 463 2144 dicturos
480 2120 564 2151 esse,
581 2113 636 2151 ut,
654 2113 786 2157 praeter
804 2122 986 2146 commune
1003 2112 1163 2146 omnium

49 2170 179 2225 civium.
198 2169 467 2216 jusjurandum,
489 2173 562 2209 haec
579 2171 791 2219 adjurarent
805 2190 817 2210 .-
852 2175 906 2210 Tu
925 2176 1042 2210 minor
1060 2175 1164 2211 armis

47 2244 106 2270 sea:
131 2238 168 2269 et
195 2236 436 2282 quadraginta
463 2249 512 2280 es,
534 2242 642 2286 tuque
660 2250 702 2274 ex
720 2239 837 2274 edicto
858 2238 898 2276 C.
920 2239 1079 2281 Claudii,
1106 2239 1160 2275 Τι’.

47 2297 251 2347 Sempronii
269 2310 449 2337 censorum
466 2302 516 2338 ad
535 2302 711 2338 delectum
726 2303 874 2351 prodito
886 2319 899 2341 .·
926 2308 976 2346 et,
1005 2304 1161 2352 quoties-

559 2364 594 2400 Τ
613 2366 637 2401 2
