1546 2648
347 196 502 225 LIBER
525 194 666 223 xle.
699 194 806 223 ΘΑΓ.
828 194 877 223 X.
1084 193 1169 239 435

61 285 206 322 horreis
223 291 438 335 opportuna
453 284 552 327 loca,
569 289 744 333 tectaque
764 283 954 328 aedificari,
971 282 1036 320 ubi
1051 284 1172 321 diver·
1183 291 1227 367 X.
1236 291 1278 367 ἓ.
1293 298 1367 323 503.

1217 359 1224 367 .
1265 358 1273 368 .
1288 341 1360 368 169.

59 350 134 385 sari
153 355 348 399 portantes
368 353 600 384 commeatus
620 353 789 397 possent.

114 413 167 450 X.
196 413 368 456 Perseus,
396 412 550 449 tandem
570 425 593 448 a
620 424 761 462 pavore
781 424 841 453 e0,
873 423 949 460 quo
979 411 1173 450 adtonitus

60 478 197 520 fuerat,
218 484 372 528 recepto
402 477 545 519 animo,
566 476 692 520 malle,
712 476 879 527 imperiis
899 476 975 512 suis
1005 489 1084 513 non
1103 477 1172 514 ob-

60 547 310 592 temperatum
325 554 420 584 esse,
438 553 553 590 quum
568 540 760 591 trepidans
776 552 912 589 gazam
927 540 966 576 in
986 553 1089 577 mare
1108 541 1174 578 de-

52 604 123 656 jici
153 605 281 650 Pellae,
314 605 597 643 Thessalonicae
632 605 785 642 navalia
814 604 982 656 jusserat
1010 606 1174 644 incendi.

57 670 315 714 Andronicus,
331 670 644 706 Thessalonicam
663 670 813 713 missus,
829 675 997 706 traxerat
1009 675 1173 720 tempus,

59 735 97 771 id
116 735 238 785 ipsum
255 735 356 785 quod
369 735 519 778 accidit,
535 735 773 785 poenitentiae
791 734 1005 784 relinquens
1022 733 1148 771 locum
1164 748 1172 771 :

59 799 249 836 incautior
268 800 400 837 Nicias
420 800 534 836 Pellae
561 799 798 850 projiciendo
818 799 988 851 pecuniae
1012 805 1175 850 partem,

58 865 162 913 quod
179 865 303 902 fuerat
329 871 487 902 nactus:
520 866 585 902 sed
611 866 650 902 in
671 878 750 902 rem
780 865 1055 902 emendabilem
1075 866 1175 901 visus

59 928 185 980 lapsus
206 943 301 973 esse,
322 930 424 979 quod
443 943 511 981 per
530 931 743 968 urinatores
764 943 877 967 omne
893 931 1011 967 ferme
1026 936 1175 968 extrac-

59 998 140 1029 tum
159 999 238 1029 est:
270 1000 475 1042 tantusque
501 994 624 1044 pudor
642 995 724 1043 regi
753 995 904 1045 pavoris
925 993 1005 1044 ejus
1025 994 1112 1038 fuit,
1135 1000 1177 1030 ut

59 1058 271 1094 urinatores
288 1058 384 1094 clam
400 1058 583 1108 interficij
591 1060 726 1095 usserit
735 1075 746 1105 5
769 1058 904 1095 deinde
912 1057 1177 1095 Andronicum

59 1134 209 1170 quoque
225 1128 262 1157 et
277 1121 433 1164 Nician,
451 1135 499 1158 ne
511 1123 593 1170 quis
611 1130 687 1159 tam
703 1123 887 1159 dementis
910 1122 1058 1173 imperii
1084 1135 1177 1159 con-

59 1185 159 1222 scius
186 1186 394 1222 exsisteret.
452 1186 559 1222 Inter
577 1187 658 1223 haec
678 1187 722 1223 C.
737 1186 921 1230 Marcius,
953 1199 1038 1223 cum
1059 1186 1177 1224 classe

58 1249 106 1286 ab
123 1249 312 1286 Heracleo
328 1250 641 1287 Thessalonicam
661 1250 869 1301 profectus,
886 1256 925 1287 et
940 1263 1072 1299 agrum
1090 1249 1175 1301 plu-

57 1312 160 1350 ribus
181 1313 289 1357 locis,
318 1315 500 1364 expositis
527 1328 594 1365 per
621 1315 736 1352 litora
764 1316 934 1358 armatis,
954 1315 1030 1352 late
1049 1321 1175 1352 vasta·
1187 1319 1391 1351 Variaeurbes

1186 1373 1205 1394 a
1221 1363 1377 1394 Romanis

1187 1407 1300 1439 frustra
1311 1414 1382 1438 ten-

57 1442 222 1492 trepidos
252 1443 353 1478 intra
386 1443 529 1478 moenia
559 1443 768 1493 compulit:
795 1442 953 1493 jamque
985 1443 1057 1493 ipsi
1090 1443 1174 1480 urbi
1186 1457 1270 1482 tatae.

57 1377 126 1420 vit,
140 1383 178 1413 et
192 1384 457 1427 procurrentes
475 1377 522 1414 ab
540 1378 645 1422 urbe,
663 1379 837 1415 secundis
855 1378 1001 1428 aliquot
1014 1378 1173 1429 proeliis,

56 1505 234 1542 terribilis
263 1512 358 1549 erat,
380 1519 509 1555 quum,
539 1506 733 1558 dispositis
763 1508 886 1543 omnis
916 1507 1065 1555 generis
1094 1512 1176 1544 tor-

59 1572 210 1613 mentis,
231 1583 309 1607 non
328 1572 416 1620 vagi
443 1572 558 1608 modo
579 1574 678 1609 circa
705 1586 849 1617 muros,
869 1579 1011 1610 temere
1037 1574 1176 1624 adpro-

60 1635 302 1685 pinquanteS,
331 1636 395 1671 sed
427 1636 541 1672 etiam
567 1637 632 1686 qui
660 1639 700 1673 in
728 1637 887 1674 navibus
917 1643 1040 1681 erant,
1073 1637 1174 1674 saxis

58 1704 252 1734 tormento
265 1699 516 1735 emicantibus
532 1700 854 1750 percutiebantur.
883 1700 1089 1737 Revocatis
1102 1702 1175 1750 igi-

58 1768 120 1798 tur
139 1763 178 1797 in
197 1775 310 1799 naves
336 1762 536 1807 militibus,
558 1764 773 1813 omissaque
800 1764 1083 1801 Thessalonicae
1103 1764 1174 1801 ob-

56 1828 305 1877 pugnatione,
326 1828 484 1865 AEniam
503 1830 591 1866 inde
620 1836 780 1880 petunt:
812 1829 1029 1878 quindecim
1053 1830 1174 1867 millia

57 1903 236 1941 passuum
265 1905 309 1929 ea
345 1892 433 1929 urbs
464 1893 586 1937 abest,
620 1894 796 1930 adversus
831 1894 1003 1944 Pydnam
1031 1895 1172 1945 posita,

56 1954 172 1992 fertili
192 1969 297 2005 agro.
343 1957 574 1994 Pervastatis
592 1958 730 1995 finibus
750 1957 846 2008 ejus,
866 1958 1035 2007 legentes
1051 1971 1173 2003 oram,

56 2019 314 2069 Antigoneam
333 2023 582 2071 perveniunt:
615 2023 682 2067 ibi,
704 2023 843 2072 egressi
863 2023 901 2058 in
922 2028 1075 2066 terram,
1095 2024 1172 2073 pri-

54 2094 119 2119 mo
137 2074 176 2119 et
193 2091 390 2122 vastarunt
408 2099 520 2135 agros
539 2088 694 2137 passim,
715 2093 754 2123 et
773 2086 1008 2136 aliquantum
1035 2087 1172 2137 praedae

56 2146 298 2184 contulerunt
309 2149 355 2185 ad
374 2162 487 2187 naves
504 2166 512 2188 :
545 2151 632 2187 dein
646 2150 794 2201 palatos
815 2162 879 2187 eos
900 2150 1023 2187 adorti
1038 2150 1171 2187 Mace-

58 2208 189 2252 dones,
210 2211 320 2247 mixti
344 2213 488 2262 pedites
515 2215 751 2264 equitesque,
771 2213 962 2263 fugientes
985 2214 1100 2251 effuse
1127 2215 1172 2251 ad

57 2284 160 2309 mare
178 2277 381 2324 persecuti,
397 2278 625 2326 quingentos
645 2278 765 2315 ferme
783 2278 1017 2321 occiderunt,
1039 2285 1077 2315 et
1095 2291 1174 2315 non

57 2337 181 2375 minus
203 2346 398 2391 ceperunt.
444 2341 529 2378 Nec
544 2342 660 2385 aliud,
677 2355 790 2393 quam
805 2343 938 2380 ultima
953 2343 1172 2385 necessitas,
