1546 2648
368 191 451 237 194
821 194 867 223 T.
891 195 1025 225 mvn

169 283 211 314 U.
225 283 263 315 C.
277 289 524 320 568.caussam
548 283 735 320 dicendam
760 285 898 321 evocati
925 287 1120 324 venissent:
1146 288 1288 333 deinde,
1307 274 1414 339 ouum
1432 293 1470 329 in

167 327 208 358 A'
222 328 258 361 c·
276 335 347 360 ¹⁸4⁸
359 347 517 385 homines
543 349 596 385 ita
623 349 784 384 saevitum
807 354 906 393 esset,
929 362 974 386 ne
994 352 1032 387 in
1050 353 1129 388 ulla
1149 358 1258 402 parte
1275 356 1470 393 crudelitas

359 425 481 450 eorum
512 418 676 456 cessaret,
707 425 827 449 muros
854 415 992 451 dirutos
1019 417 1114 453 urbis
1139 418 1361 456 nobilissima:
1383 431 1468 464 esse,

358 479 451 526 leges
484 478 739 514 vetustissimas
765 477 969 526 abrogatas,
1003 481 1235 530 inclitamque
1259 495 1327 531 per
1348 487 1471 532 gentes

357 543 518 591 Lycurgi
548 542 775 590 disciplinam
802 542 992 581 sublatam.
1047 544 1144 582 Haec
1175 558 1291 596 quum
1319 548 1466 598 Appius

355 605 528 648 dixisset,
544 603 745 653 LycortaS,
767 610 805 640 et
824 606 913 654 quia
930 612 1083 656 praetor,
1104 614 1142 645 et
1162 610 1250 658 quia
1268 609 1465 662 Philopoe-

354 670 490 713 menis,
529 668 694 706 auctoris
731 670 916 714 omnium,
950 683 1032 720 quae
1068 671 1344 710 Lacedaemone
1379 681 1466 711 acta

161 739 344 781 Respondet
354 733 519 776 fuerant,
539 732 717 769 factionis
738 738 833 776 erat,
854 733 908 770 ita
925 735 1121 785 respondit
1139 750 1146 771 :
1179 737 1383 786 Difficilior
1399 751 1465 775 no-

161 783 324 825 Ly⁰⁰¹t³⁵·
354 797 417 841 bis,
438 798 509 845 Ap.
531 796 676 839 Claudi,
706 797 808 844 apud
824 809 884 833 vos
902 799 1018 834 oratio
1033 804 1097 842 est,
1119 812 1227 848 quam
1251 800 1378 838 Romae
1396 814 1463 838 nu-

345 874 416 912 per
433 862 534 915 apud
551 865 714 897 senatum
721 860 816 910 fuit.
879 863 978 898 Tunc
995 865 1088 899 enim
1107 864 1386 902 Lacedaemoniis
1399 879 1460 903 ac-

349 925 551 963 cusantibus
575 925 861 974 respondendum
889 930 996 963 erat:
1022 939 1115 963 nunc
1133 940 1156 964 a
1174 928 1268 964 vobis
1295 930 1380 977 ipsis
1398 943 1459 967 ac-

347 992 462 1028 cusati
479 1002 613 1033 sumus,
634 991 733 1038 apud
751 1002 835 1038 quos
854 1003 979 1027 caussa
997 993 1147 1028 dicenda
1165 998 1241 1029 est:
1263 1005 1370 1042 quam
1390 995 1458 1031 ini-

346 1120 557 1156 auditurum
588 1130 673 1161 esse,
701 1119 819 1166 posita
848 1121 1084 1163 contentione,
1118 1133 1190 1168 qua
1215 1122 1346 1169 paullo
1376 1127 1460 1159 ante

344 1186 461 1233 egisti.
518 1185 598 1232 Ego
623 1188 728 1226 certe,
760 1196 869 1232 quum
897 1196 953 1228 ea,
974 1197 1051 1233 quae
1079 1190 1115 1222 et
1138 1185 1196 1222 hic
1223 1190 1330 1223 antea
1359 1188 1460 1235 apud

346 1249 390 1292 Q.
413 1248 610 1290 Coecilium,
628 1252 663 1283 et
673 1251 798 1295 postea
814 1247 938 1284 Romoe
952 1249 1064 1296 questi
1081 1253 1164 1285 sunt
1178 1249 1455 1293 Lacedoemonii,

1538 0 1546 191 Ι

1535 193 1541 283 Ι

1533 289 1539 412 ἕ

1530 453 1534 513 1

1528 518 1533 562 i

1527 727 1538 917 ὑ

346 1057 524 1104 quitatem
549 1055 762 1091 conditionis
778 1054 933 1091 subimus
951 1057 1021 1092 ilta
1038 1068 1111 1105 spe,
1126 1055 1263 1103 judicis
1286 1059 1406 1095 animo
1425 1064 1460 1095 te
1515 1051 1518 1057 ¹

341 1326 365 1350 a
382 1318 416 1350 te
431 1313 559 1362 paullo
577 1317 661 1348 ante
673 1312 792 1348 relata
808 1313 892 1354 sint,
911 1324 982 1348 non
1002 1313 1077 1356 tibi,
1096 1314 1159 1349 sed
1176 1314 1261 1357 illis,
1281 1326 1338 1350 me
1354 1316 1456 1363 apud
1508 1358 1509 1362 Ἰ

342 1383 378 1415 te
395 1378 603 1427 respondere
621 1378 775 1413 credam.
833 1375 973 1413 Coedem
1000 1376 1150 1424 objicitis
1176 1389 1311 1420 eorum,
1341 1381 1404 1427 qui
1431 1392 1455 1415 α

340 1442 608 1491 Philopoemene
623 1444 777 1490 praetore
794 1442 931 1477 evocati
949 1442 998 1477 ad
1015 1453 1174 1477 caussam
1189 1442 1378 1478 dicendam
1398 1443 1453 1478 in-

341 1506 484 1555 terfecti
503 1510 598 1542 sunt.
652 1504 735 1540 Hoc
753 1516 817 1551 ego
836 1506 968 1540 crimen
993 1517 1064 1541 non
1081 1506 1188 1541 modo
1206 1518 1230 1541 a
1246 1506 1354 1548 vobis,
1376 1505 1451 1542 Ro·
1504 1517 1516 1526 ¹·
1544 1512 1546 1539 a

339 1572 453 1613 mani,
471 1571 534 1606 sed
551 1581 595 1605 ne
612 1568 713 1616 apud
730 1580 791 1604 vos
810 1568 951 1616 quidem
969 1568 1068 1604 nobis
1085 1566 1319 1614 objiciendum
1331 1568 1452 1618 fuisse

338 1635 504 1672 arbitror.
562 1633 659 1675 Quid
687 1634 741 1668 ita
754 1633 777 1668 ,Ρ
808 1633 892 1680 quia
916 1633 953 1668 in
983 1637 1099 1668 vestro
1116 1631 1259 1681 faedere
1289 1639 1382 1677 erat,
1409 1639 1451 1670 ut

334 1701 529 1737 maritimis
546 1697 688 1735 urbibus
705 1697 923 1733 abstinerent
937 1697 1211 1734 Lacedaemonii.
1261 1697 1340 1739 Quo
1359 1702 1448 1734 tem·

330 1776 420 1814 pore
438 1765 547 1800 armis
566 1763 680 1810 captis
697 1761 811 1803 urbes,
832 1773 855 1796 a
875 1760 1000 1808 quibus
1017 1760 1192 1796 abstinere
1209 1758 1305 1806 jussi
1329 1765 1446 1805 erant,
1494 1774 1511 1807 ,5

331 1832 506 1865 nocturno
525 1828 648 1874 inpetu
666 1829 941 1872 occupaverunt,
960 1825 991 1860 si
1016 1825 1055 1860 T.
1078 1824 1277 1866 Quinctius,
1297 1826 1328 1861 si
1346 1836 1445 1861 exer-

331 1894 422 1929 citus
441 1891 640 1932 Romanus,
659 1890 750 1925 sicut
774 1892 894 1930 antea,
916 1888 953 1923 in
973 1887 1217 1935 Peloponneso
1234 1886 1383 1936 fuisset,
1405 1901 1445 1925 eo

270 1973 273 1975 Α
329 1958 502 1992 nimirum
538 1955 636 2002 capti
667 1957 702 1988 et
733 1952 888 2000 obpressi
920 1950 1172 1999 confugissent.
1230 1952 1350 1993 Quum
1381 1964 1443 1989 vos

324 2021 455 2071 procul
473 2021 601 2061 essetis,
623 2030 692 2067 quo
713 2018 800 2060 alio,
821 2018 891 2053 nisi
910 2017 959 2052 ad
976 2027 1040 2052 nos
1058 2018 1171 2052 socios
1188 2021 1333 2059 vestros,
1356 2029 1442 2064 quos

326 2089 438 2121 antea
463 2083 594 2131 Gytheo
613 2093 713 2131 opem
721 2080 898 2130 ferenteS,
919 2091 1003 2128 quos
1017 2079 1308 2115 Lacedaemonem
1327 2080 1440 2117 vobis·
1486 2088 1489 2127 j

325 2161 408 2186 cum
435 2149 546 2184 simili
574 2148 619 2183 de
646 2159 772 2183 caussa
791 2146 1033 2194 obpugnantes
1060 2145 1238 2187 viderant,
1269 2143 1439 2193 confuge·

321 2217 405 2250 rent
420 2213 442 2248 .9
469 2212 544 2248 Pro
562 2211 656 2246 vobis
672 2212 782 2258 igitur
788 2208 930 2255 justum
946 2210 1116 2257 piumque
1134 2208 1265 2244 bellum
1281 2209 1438 2256 suscepi·
1481 2209 1486 2261 J

321 2289 411 2315 mus.
471 2276 577 2317 Quod
595 2286 703 2324 quum
722 2276 788 2311 alii
807 2275 970 2317 laudent,
990 2273 1243 2330 reprehendere
1259 2285 1304 2309 ne
1321 2273 1436 2310 Lace·
1480 2327 1481 2332 1

321 2340 487 2378 daemonii
514 2339 657 2388 quidem
675 2341 824 2388 possint,
844 2338 917 2377 Dii
945 2349 1083 2388 quoque
1101 2339 1170 2387 ipsi
1187 2337 1435 2387 comprobave-
1477 2371 1480 2380 ,
