1546 2648
108 172 117 193 ἢ

124 238 167 271 U.
180 239 218 270 C.
234 244 309 272 563.

124 282 165 316 Α.
180 283 218 315 G.
237 290 311 316 184.

114 1793 150 1823 1..
164 1791 285 1825 Quinc-

113 1842 176 1866 UUS
183 1846 295 1870 senatu

115 1888 235 1914 motuS.

316 148 400 182 202
466 125 470 132 ’
771 148 820 178 Τ.
845 148 981 178 mvn

319 239 373 277 lia
393 238 598 277 damnavit.
638 237 693 275 Et
719 238 767 276 L.
784 238 1004 276 Postumius
1023 244 1177 290 praetor,
1191 238 1261 286 -cui
1283 238 1431 277 Taren-

321 311 402 342 tum
430 303 626 355 proviucia
644 310 834 347 evenerat,
853 316 1010 353 magnas
1039 310 1234 354 pastorum
1252 303 1430 355 conjura-

320 369 447 406 tiones
478 368 698 412 vindicavit,
733 373 773 404 et
795 367 972 417 reliquias
1000 365 1300 405 Bacchanalium
1328 381 1434 418 quae·

321 433 456 470 stionis
473 445 558 470 cum
573 433 678 470 omni
693 439 892 470 exsecutus
908 439 965 470 est
983 446 1090 470 cura:
1113 433 1268 476 multos,
1285 433 1351 483 qui
1366 439 1434 470 aut

320 497 428 534 citati
455 509 535 534 non
561 496 772 540 adfuerant,
803 502 870 533 aut
899 497 1010 533 vades
1037 497 1293 540 deseruerant,
1314 497 1354 533 in
1386 508 1434 533 ea

319 562 477 611 regione
501 560 634 613 'Italiae
667 561 843 604 latentes,
881 563 1022 612 partim
1058 562 1195 598 noxios
1225 560 1442 611 judicavit,¹

318 627 458 677 partim
477 625 771 676 comprehensos
786 624 953 662 Romam
972 626 1018 662 ad
1038 632 1212 662 senatum
1230 626 1334 661 misit
1350 639 1359 661 :
1390 626 1432 662 in

319 702 509 728 carcerem
528 702 659 726 omnes
679 703 702 726 a
719 690 763 727 P.
779 690 960 726 Cornelio
980 689 1144 740 conjecti
1164 696 1265 726 sunt.

373 754 507 792 XLII.
537 754 585 792 In
622 754 812 806 Hispania
847 754 1041 797 ulteriore,
1077 754 1208 790 fractis
1254 753 1431 805 proximo

318 817 422 856 bello
457 818 668 861 Lusitanis,
698 819 835 868 quietae
863 830 921 855 res
957 817 1123 855 fuerunt.
1180 817 1226 853 In
1256 818 1433 854 citeriore

315 884 365 921 A.
383 882 586 920 Terentius
607 884 644 919 in
665 883 899 920 Suessetanis
920 883 1100 933 oppidum
1122 882 1354 919 Corbionem
1373 884 1430 920 vi-

315 947 397 984 neis
440 952 479 983 et
514 946 691 996 operibus
731 947 976 997 expugnavit,
1016 946 1184 997 captivos
1232 947 1425 984 vendidit:

313 1011 444 1060 quieta
472 1010 607 1047 deinde
635 1011 795 1047 hiberna
823 1017 862 1047 et
890 1011 1043 1047 citerior
1065 1011 1261 1060 provincia
1278 1011 1428 1048 habuit.

313 1074 471 1113 Veteres
499 1082 696 1126 praetoreS,
726 1075 771 1112 C.
788 1074 1016 1126 Calpurnius
1045 1075 1134 1111 Piso
1151 1080 1190 1111 et
1217 1075 1263 1111 L.
1280 1075 1428 1114 Quinc-

313 1140 405 1183 tius,
441 1138 607 1176 Romam
645 1139 859 1175 redierunt:
910 1139 1060 1188 utrique
1092 1151 1233 1187 magno
1268 1139 1426 1176 Patrum

314 1216 503 1241 consensu
522 1203 736 1254 triumphus
756 1210 814 1240 est
829 1204 1014 1240 decretus.
1070 1203 1180 1240 Prior
1200 1203 1243 1240 C.
1265 1203 1426 1254 Calpur-

312 1267 399 1305 nius
428 1267 473 1305 de
500 1267 697 1304 Lusitanis
726 1274 765 1304 et
790 1267 991 1303 Celtiberis
1011 1268 1283 1317 triumphavit:
1316 1280 1428 1304 coro-

313 1344 382 1369 nas
412 1344 544 1368 aureas
573 1331 663 1367 tulit
690 1332 890 1380 octoginta
917 1338 1009 1375 tres,
1030 1339 1068 1368 et
1091 1331 1290 1368 duodecim
1308 1331 1429 1369 millia

311 1396 442 1447 pondo
463 1396 624 1445 argenti.
671 1396 819 1432 Paucos
839 1403 926 1447 post
941 1397 1019 1433 dies
1038 1396 1085 1433 L.
1101 1396 1304 1436 Quinctius
1322 1396 1426 1433 Cris-

311 1473 423 1511 pinus
453 1474 501 1497 ex
528 1461 662 1497 iisdem
690 1461 884 1497 Lusitanis
916 1460 1192 1509 Celtiberisque
1213 1461 1426 1511 triumpha-

310 1525 390 1561 vit:
421 1526 656 1562 tantumdem
677 1526 758 1562 auri
786 1531 900 1574 atque
929 1525 1076 1574 argenti
1096 1525 1134 1560 iu
1165 1537 1210 1561 eo
1230 1526 1424 1575 triumpho

308 1589 549 1627 translatum.
607 1590 808 1633 Censores,
839 1589 895 1626 M.
917 1589 1074 1626 Porcius
1103 1596 1141 1625 et
1168 1589 1216 1626 L.
1233 1589 1422 1634 Valerius,

308 1661 414 1692 metu
442 1655 564 1691 mixta
586 1655 886 1705 exspectatione,
907 1660 1080 1690 senatum
1109 1654 1306 1703 legerunt;
1338 1666 1424 1704 sep-

308 1725 387 1756 tem
406 1726 607 1756 moverunt
627 1726 761 1756 senatu
779 1734 787 1756 :
820 1732 867 1756 ex
885 1719 1021 1768 quibus
1043 1731 1157 1754 unum
1178 1719 1364 1766 insignem
1384 1724 1423 1754 et

307 1784 512 1821 nobilitate
541 1792 579 1820 et
596 1784 822 1828 honoribus,
853 1784 899 1820 L.
919 1783 1144 1822 Quinctium
1164 1781 1421 1818 Flamininum

308 1847 557 1885 consularem.
615 1848 771 1896 Pati-um
793 1848 973 1884 memoria
991 1847 1205 1882 institutum
1222 1845 1356 1888 fertur,
1377 1852 1420 1882 ut

306 1925 480 1950 censores
507 1914 620 1950 motis
647 1919 781 1949 senatu
801 1911 1057 1949 adscriberent
1078 1918 1201 1946 notas.
1259 1910 1418 1947 Catonis

305 1984 344 2014 et
373 1977 455 2015 aliae
489 1978 640 2026 quidem
677 1977 823 2014 accrbae
856 1977 1048 2013 orationes
1083 1981 1235 2011 exstant
1267 1976 1306 2010 in
1337 1986 1417 2018 eos,

294 2055 399 2091 quos
433 2049 496 2078 aut
531 2043 723 2078 senatorio
757 2042 843 2079 loco
876 2042 1008 2083 movit,
1040 2047 1105 2076 aut
1135 2039 1270 2088 quibus
1298 2051 1415 2088 equos

303 2106 470 2143 ademit:
503 2106 617 2154 louge
649 2107 871 2155 gravissima
900 2107 939 2142 iu
968 2106 1013 2142 L.
1034 2105 1261 2144 Quinctium
1291 2104 1417 2140 oratio

302 2176 372 2213 est,
394 2182 468 2219 qua
493 2171 524 2205 si
555 2177 754 2206 accusator
782 2177 870 2206 ante
890 2177 1035 2211 notam,
1061 2181 1138 2205 uon
1165 2180 1300 2204 censor
1328 2174 1418 2217 post

300 2242 446 2278 notam,
475 2246 562 2271 usus
590 2240 702 2277 esset,
724 2236 886 2271 retinere
909 2234 1134 2274 Quinctium
1155 2234 1193 2269 in
1214 2238 1348 2269 senatu
1367 2244 1418 2269 ne

297 2298 415 2337 frater
434 2300 585 2350 quidem
604 2299 651 2337 T.
671 2300 890 2344 Quinctius,
911 2300 944 2336 si
963 2305 1044 2337 tum
1062 2310 1196 2336 censor
1211 2303 1323 2342 esset,
1342 2309 1415 2349 po-
