1546 2648
86 239 1197 265 m

245 384 309 436 T.
351 382 562 435 LIVII
613 381 1031 434 PATAVINI

398 533 460 570 LI
473 533 594 570 BER
631 533 873 572 XXXVIII.

502 695 704 719 ...Q-..-

181 837 267 875 UM
285 838 324 874 in
342 837 437 874 Asia
462 836 601 874 bellum
628 835 786 885 geritur,
807 848 855 872 ne
881 836 922 872 in
941 835 1084 873 AEtolis
1108 837 1191 886 qui-

194 903 279 939 dem
322 901 459 951 quietae
496 913 554 937 res
588 900 754 944 fuerant,
792 901 981 951 principio
1019 914 1040 937 a
1076 909 1190 951 gente

1207 842 1248 874 U.
1259 844 1295 874 C.
1312 849 1385 876 568.

1205 887 1243 916 A.
1259 887 1296 917 C.
1313 895 1385 922 189.

1204 939 1266 971 Res
1282 941 1375 972 fEto—

71 967 332 1004 Athamanum
356 974 454 1004 orto.
510 966 745 1002 Athamania
770 978 816 1001 ea
842 972 1082 1016 tempestate,
1104 967 1187 1017 pul·
1202 983 1253 1014 11ae
1270 991 1301 1015 et
1318 986 1364 1014 A·

70 1044 112 1068 so
138 1032 404 1081 Amynandro,
431 1030 500 1067 sub
530 1029 717 1081 praefectis
743 1029 912 1080 Philippi
939 1031 1046 1079 regio
1079 1038 1187 1070 tene·
1202 1028 1388 1060 thamaniae.

67 1093 181 1132 batur
209 1095 409 1146 praesidio:
442 1095 506 1144 qui
536 1093 700 1144 superbo
720 1099 834 1143 atque
853 1093 1046 1131 inmodico
1065 1095 1186 1147 impe-

68 1159 126 1195 rio
145 1160 370 1196 desiderium
389 1160 625 1209 Amynandri
643 1158 825 1196 fecerant.
881 1159 1085 1196 Exsulanti
1104 1167 1187 1199 tum

67 1225 317 1274 Amynandro
349 1226 388 1261 in
411 1224 561 1262 AEtolia
588 1224 707 1260 literis
739 1237 907 1267 suorum,
935 1225 1186 1263 indicantium

0 1332 1 1335 Ἴ
66 1294 208 1324 statum
239 1289 495 1332 Athamaniae,
531 1301 615 1339 spes
652 1289 900 1339 recuperandi
935 1290 1042 1338 regni
1079 1289 1183 1328 facta

64 1358 147 1390 est:
179 1354 401 1402 remissique
436 1354 567 1389 nuncii
600 1352 647 1389 ab
681 1366 726 1389 eo
761 1354 808 1390 ad
843 1354 1032 1405 principes
1069 1356 1186 1405 Argi-

0 1419 1 1427 *
62 1417 206 1461 theam,
231 1418 287 1466 (id
316 1418 418 1454 enim
444 1423 558 1469 caput
577 1418 819 1454 Athamaniae
839 1418 936 1466 erat)
960 1419 992 1455 si
1021 1420 1184 1470 popula-

0 1506 2 1534 1,
62 1482 162 1518 rium
181 1482 327 1519 animos
355 1482 445 1519 satis
473 1488 691 1533 perspectos
720 1482 892 1525 haberet,
913 1483 1105 1533 inpetrato
1132 1483 1181 1522 ab

0 1545 2 1581 ἰ
62 1545 207 1584 AEtolis
241 1547 398 1590 auxilio,
432 1548 472 1583 in
497 1548 769 1584 Athamaniam
804 1560 843 1584 se
866 1555 1067 1585 venturum
1094 1562 1180 1587 cum

0 1643 1 1646 ,
62 1610 216 1647 delectis
236 1610 471 1654 AEtolorum,
493 1611 595 1660 quod
623 1611 824 1648 consilium
851 1618 950 1648 esset
980 1613 1118 1661 gentis,
1141 1620 1180 1651 et

59 1675 258 1712 Nicandro
277 1682 461 1725 praetore:
496 1689 604 1725 qum,
624 1676 687 1712 ubi
709 1677 755 1713 ad
775 1678 904 1713 omnia
922 1685 1075 1728 paratos
1095 1692 1178 1717 esse

56 1739 165 1782 vidit,
190 1741 369 1776 certiores
397 1741 556 1778 subinde
584 1741 690 1784 facit,
712 1755 787 1791 quo
811 1742 871 1778 die
896 1755 982 1779 cum
1007 1745 1177 1782 exercitu

57 1807 329 1844 Athamaniam
350 1808 585 1857 ingressurus
606 1815 718 1846 esset.
775 1810 952 1849 Quatuor
970 1811 1094 1861 primo
1113 1811 1175 1849 fu·

56 1883 118 1908 ere
151 1870 340 1922 conjurati
372 1873 546 1909 adversus
575 1874 833 1911 Macedonum
868 1876 1106 1925 praesidium:
1134 1877 1176 1915 hi

55 1947 165 1971 senos
186 1935 258 1972 sibi
279 1935 468 1986 adjutores
490 1930 538 1973 ad
557 1951 635 1974 rem
655 1940 858 1987 gerendam
879 1940 1144 1978 adsumserunt
1158 1954 1172 1978 .-

56 1999 204 2043 deinde,
243 2001 435 2050 paucitate
472 2015 604 2051 parum
641 2003 742 2045 freti,
778 2016 861 2052 quae
898 2003 1064 2041 celandae
1100 2005 1171 2050 rei,

55 2078 167 2115 quam
193 2067 363 2116 agendas,
388 2069 513 2118 aptior
541 2076 636 2112 erat,
666 2083 795 2120 parem
824 2072 940 2120 priori
970 2085 1172 2111 numerum

55 2129 283 2180 adjecerunt.
342 2132 402 2169 Ita
426 2134 500 2170 duo
528 2141 565 2170 et
591 2135 867 2184 quinquaginta
888 2137 995 2180 facti,
1017 2138 1170 2187 quadri-

51 2194 186 2231 fariam
220 2208 260 2231 se
288 2197 520 2235 diviserunt:
553 2211 638 2249 pars
674 2213 748 2236 una
780 2201 1022 2245 Heracleam,
1050 2202 1170 2241 altera

53 2259 337 2311 Tetraphyliam
360 2264 470 2313 petit,
491 2264 557 2301 ubi
573 2266 745 2302 custodia
764 2268 877 2316 regiae
897 2268 1067 2319 pecuniae
1087 2281 1169 2305 esse

51 2324 165 2362 solita
197 2331 291 2370 erat,
322 2329 436 2366 tertia
462 2329 734 2375 Theudoriam,
765 2339 900 2382 quarta
927 2333 1166 2382 Argitheam.

566 2393 642 2432 E3
