1546 2648
101 218 146 251 U.
158 220 196 251 C.
211 226 283 253 ⁵66.

99 257 142 309 A.
156 263 194 296 C.
212 270 284 296 186.

298 124 380 177 164
456 167 460 173 ,
750 136 796 164 ¹r.
820 136 955 166 mvn

295 226 440 263 silenda
458 227 710 271 enunciasset,
730 228 904 264 ancillam
920 239 969 270 se,
990 225 1058 269 ait,
1074 225 1226 262 clominae
1243 226 1407 261 comitem

295 293 334 328 id
356 293 556 328 sacrarium
584 294 748 335 intrasse,
770 293 916 328 liberam
933 303 1129 339 numquam
1147 302 1187 326 eo
1203 291 1407 326 accessisse.

295 355 398 391 Scire
416 356 709 404 conruptelarum
727 357 841 392 omnis
855 357 995 403 generis
1019 367 1098 391 eam
1114 354 1294 402 officinam
1312 364 1383 389 esse
1395 367 1408 389 :

294 423 331 455 et
339 417 422 465 jam
441 420 578 456 biennio
598 426 759 456 constare
776 422 952 456 neminem
971 421 1153 455 initiatum
1173 418 1220 453 ibi
1238 415 1410 462 majorem

294 485 398 519 annis
415 485 555 531 viginti.
618 483 667 520 Ut
685 485 831 532 quisque
858 484 1082 519 introductus
1105 483 1165 524 sit,
1192 482 1289 517 velut
1305 482 1408 517 victi-

294 560 393 585 mam
423 549 522 584 tradi
548 549 810 584 sacerdotibus:
839 559 895 583 eos
923 548 1093 583 deducere
1123 548 1159 582 in
1188 546 1318 589 locum,
1348 545 1412 593 qui.

294 613 528 649 circumsonet
545 612 754 654 ululatibus,
773 616 949 660 cantuque
966 611 1194 658 symphonice,
1216 615 1251 646 et
1269 609 1411 657 cymba-

297 676 415 712 lorum
434 681 469 712 et
495 681 746 724 tympanorum
768 676 889 722 pulsu,
910 686 954 710 ne
977 687 1044 710 voa:
1062 675 1282 722 quiritantis,
1302 684 1412 721 quum

292 751 361 787 per
388 741 460 775 vim
486 744 651 787 stuprum
687 738 880 787 inferatur,
914 739 1080 774 exaudiri
1109 739 1232 785 possit.
1289 736 1411 773 Orare

296 802 431 839 deinde
448 809 563 852 atque
582 803 858 846 obsec1vare,‚ut
878 815 960 838 eam
980 815 1058 838 rem
1079 812 1318 851 quocumque
1332 800 1409 837 dis-

297 874 444 905 cuteret
462 869 574 905 modo
589 884 597 906 :
629 881 701 905 nec
719 880 759 904 se
775 881 820 904 eo
836 868 1103 918 praecipitaret,
1121 865 1186 902 ubi
1203 866 1332 902 omnia
1349 865 1410 901 in-

297 932 413 969 fanda
430 933 610 983 patienda
628 933 805 983 primum,
822 932 957 968 deinde
971 931 1146 968 facienda
1161 935 1287 966 essent
1302 945 1309 965 :
1341 941 1411 966 ne-

295 1008 371 1045 que
390 1003 479 1032 ante
498 997 640 1032 dimisit
663 1009 761 1039 eum,
783 1008 895 1044 quam
916 995 1028 1032 fidem
1046 994 1150 1032 dedit
1175 993 1409 1039 adolescens,

297 1058 345 1096 ab
365 1060 423 1096 his
443 1061 558 1096 sacris
579 1073 619 1096 se
637 1066 949 1109 temperaturum-⁶

350 1123 426 1160 XI.
455 1124 663 1172 Postquam
679 1123 833 1160 domum
849 1124 965 1167 venit,
980 1128 1018 1160 et
1036 1128 1156 1160 mater
1175 1122 1411 1161 mentionem

296 1185 440 1230 intulit,
465 1187 556 1235 quid
583 1200 628 1224 eo
658 1187 731 1230 die,
762 1187 853 1236 quid
881 1187 1056 1238 deinceps
1087 1186 1234 1230 ceteris,
1262 1198 1345 1235 quae
1364 1185 1413 1225 ad

296 1262 406 1287 sacra
437 1252 684 1302 pertinerent,
716 1252 932 1288 faciendum
963 1257 1084 1296 esset,
1116 1256 1245 1299 negat,
1279 1261 1411 1291 eorum

295 1326 337 1351 se
366 1316 570 1365 quidquam
597 1317 799 1360 facturum,
829 1329 899 1353 nec
927 1315 1070 1352 initiari
1098 1314 1171 1351 sibi
1204 1315 1243 1350 in
1281 1314 1410 1350 animo

295 1391 390 1417 esse.
436 1381 580 1418 Aderat
596 1382 759 1418 sermoni
773 1382 927 1417 vitricus
943 1395 951 1416 z
975 1380 1176 1418 confestim
1191 1378 1326 1415 mulier
1345 1391 1411 1415 ex·

295 1442 449 1487 clamat,
479 1445 643 1493 Hispala>
671 1445 858 1481 concubitu
887 1457 1007 1480 carere
1034 1456 1113 1480 eum
1143 1434 1262 1479 decem
1292 1447 1411 1479 noctes

295 1518 367 1543 non
383 1519 496 1556 posse,
515 1510 613 1544 illius
637 1514 786 1545 excetra>
813 1509 1051 1544 delinimentis
1078 1512 1113 1544 et
1139 1508 1282 1543 venenis
1309 1506 1411 1542 inbu-

294 1575 387 1615 tum,
408 1583 472 1608 nec
487 1575 662 1620 parentis,
679 1585 742 1609 nec
755 1574 887 1615 vitrici,
908 1584 971 1608 nec
986 1573 1151 1608 Deorum
1163 1570 1412 1607 verecundiam

296 1635 448 1673 hahere:
468 1635 670 1686 jurgantes
707 1637 797 1672 hinc
829 1642 964 1679 mater,
999 1636 1088 1672 hinc
1120 1636 1290 1677 vitricus,
1325 1646 1411 1670 cum

294 1705 459 1748 quatuor
490 1712 576 1736 eum
608 1702 722 1737 servis
753 1701 868 1737 domo
899 1706 1118 1749 exegerunt.
1174 1698 1407 1736 Adolescens

293 1763 383 1799 inde
401 1763 449 1800 ad
466 1763 666 1801 AEbutiam
692 1777 731 1800 se
757 1765 913 1800 amitam
939 1763 1124 1800 contulit:
1158 1774 1405 1811 caussamque

293 1827 344 1869 ei,
365 1840 431 1863 cur
459 1834 557 1864 esset
586 1841 608 1864 a
636 1834 756 1864 matre
785 1827 942 1878 ejectus,
976 1828 1165 1864 narravit:
1198 1826 1333 1862 deinde
1363 1838 1409 1862 ex

293 1891 522 1927 auctoritate
538 1890 618 1941 ejus
638 1898 792 1941 postero
808 1891 866 1927 die
882 1891 929 1927 ad
941 1890 1135 1927 consulem
1152 1889 1407 1933 Postumium,

293 1954 444 1991 arbitris
465 1956 634 1998 remotis,
654 1967 733 1992 rem
752 1955 899 1992 detulit,
948 1955 1092 1991 Consul
1111 1964 1200 2004 post
1215 1955 1313 1990 diem
1333 1961 1409 1990 ter-

292 2018 389 2054 tium
416 2019 461 2056 ad
490 2032 529 2055 se
550 2018 703 2069 jussum
732 2019 853 2056 redire
882 2019 1045 2056 dimisit:
1078 2020 1158 2069 ipse
1188 2018 1409 2069 Sulpiciam,

293 2093 447 2130 gravem
474 2082 671 2127 feminam,
703 2097 854 2120 socrum
890 2097 1010 2126 suam,
1042 2089 1310 2134 percunctatus
1341 2089 1411 2127 est,

290 2157 441 2194 ecquam
477 2160 589 2184 anum
616 2148 809 2184 AEbutz'am
841 2160 884 2185 ex
916 2150 1092 2185 Aventino
1120 2149 1269 2184 nosset?
1296 2160 1411 2197 quum

290 2220 372 2245 eam
390 2223 500 2255 nosse,
517 2213 680 2260 probam,
702 2217 736 2249 et
755 2215 896 2261 cmtiqui
916 2215 1023 2249 moris
1031 2213 1228 2261 feminam,
1250 2223 1408 2262 respon-

292 2273 432 2322 disset5
465 2289 552 2326 opus
571 2289 640 2315 esse
658 2278 723 2315 sibi
741 2290 784 2315 ea
802 2283 974 2315 conventa
992 2278 1111 2315 dixit:
1143 2279 1300 2315 mitteret
1317 2287 1409 2314 nun-
