1546 2648
361 130 516 160 LmER
540 130 658 160 xLV.
691 131 797 160 CAP.
823 132 944 161 x111.
1125 131 1209 178 495

98 222 192 270 quod
210 222 338 269 legatis
347 222 538 270 paruisset,
556 225 772 270 gratumque
791 223 830 258 id
849 233 919 257 esse
935 224 1076 259 senatui
1092 236 1209 272 popu·
1224 235 1264 265 U,
1280 234 1315 265 c,
1332 243 1405 268 534,

97 289 202 336 loque
220 288 396 323 Romano.
429 285 600 335 Regibus
621 285 798 337 AEgypti,
818 286 1028 324 Ptolemaeo
1047 288 1209 340 Cleopa·
1221 280 1262 311 A·
1279 279 1315 309 C·
1332 285 1403 311 ¹⁶⁸·

95 358 261 401 traeque:
292 352 429 399 siquid
451 363 518 399 per
541 363 577 386 se
601 351 681 388 boni
708 353 952 401 commodique
973 355 1152 397 evenisset,
1173 355 1231 391 id'

93 427 310 464 magnopere
333 419 497 450 senatum
528 416 643 451 laetori
656 431 668 451 .·
709 417 950 465 daturumque
978 429 1136 465 operam,
1167 424 1209 455 ut

90 483 193 528 regni
217 481 274 516 sui
298 481 493 515 maximum
518 491 658 528 semper
677 482 884 528 proesidium
902 483 1060 530 positum
1079 494 1149 518 esse
1170 485 1206 520 in

76 546 158 595 fide
173 545 302 593 populi
322 543 480 581 Romani
499 546 645 582 ducant.
684 544 849 581 Munera
864 545 997 594 legatis
1017 552 1059 582 ut
1079 559 1124 582 ex
1145 547 1203 582 in-

88 609 225 645 stituto
245 608 430 644 mittenda
449 614 612 651 curaret,
635 608 678 644 C.
695 608 850 658 Papirio
870 611 1025 659 praetori
1045 610 1201 646 manda-

84 679 178 709 tum.
233 672 375 708 Literae
395 671 530 707 deinde
554 671 786 708 Macedonia
805 672 955 716 adlatae,
977 686 1058 722 quae
1079 674 1199 710 victo-

81 738 147 774 riae
166 736 338 772 laetitiam
358 736 596 784 geminarent
612 751 619 772 z
647 738 782 773 Persea
796 749 915 785 regem
934 739 971 774 in
983 742 1200 786 potestatem

81 802 231 838 consulis
249 802 391 836 venisse.
446 798 625 835 Dimissis
651 800 801 848 legatis,
826 801 1077 852 disceptatum
1099 803 1199 838 inter

79 864 240 902 Pisanos
267 863 540 911 Lunensesque
560 862 706 911 legatos
724 879 731 899 :
765 863 913 900 Pisanis
934 865 1194 914 querentibus,

81 942 174 979 agro
193 941 233 965 se
252 941 274 964 a
293 926 439 963 colonis
459 926 646 962 Romanis
670 927 784 976 pelli;
815 928 1060 965 Lunensibus
1084 929 1194 966 adfir-

78 993 286 1036 mantibus,
307 1004 408 1035 eum,
428 991 472 1027 de
497 1003 573 1040 quo
599 997 748 1040 agatur,
773 1004 794 1027 a
826 993 1032 1028 triumviris
1059 1006 1193 1041 agrum

77 1058 149 1095 sibi
175 1058 414 1106 adsignatum
440 1068 534 1092 esse.
591 1057 768 1100 Senatus,
789 1058 852 1106 qui
872 1057 918 1094 de
940 1058 1078 1095 finibus
1099 1071 1190 1107 cog-

76 1129 278 1159 noscerent
297 1128 596 1171 statueremque,
617 1123 884 1172 quinqueviros
907 1124 1023 1168 misit,
1045 1124 1094 1163 Q.
1113 1124 1188 1161 Fa-

74 1187 179 1223 bium
198 1187 428 1230 Buteonem,
456 1186 498 1223 P.
521 1186 741 1223 Cornelium
759 1187 996 1231 Blasionem,
1016 1188 1062 1224 T.
1081 1189 1188 1225 Sem-

71 1251 248 1302 pronium
267 1250 457 1293 Muscam,
479 1250 524 1286 L.
544 1250 721 1286 Naevium
739 1250 920 1294 Balbum,
942 1252 988 1288 C.
1002 1252 1189 1302 Appulei-

72 1328 136 1351 um
156 1315 415 1351 Saturninum.
461 1314 513 1350 Et
533 1314 580 1350 ab
600 1314 774 1350 Eumene
801 1321 839 1351 et
858 1315 906 1351 ab
925 1315 1060 1351 Attalo
1081 1323 1118 1352 et
1138 1316 1185 1352 ab

69 1380 256 1416 Athenaeo
272 1378 471 1422 fratribus,
483 1379 692 1415 communis
709 1378 852 1427 legatio
865 1379 911 1415 de
927 1380 1086 1416 victoria
1098 1393 1184 1429 gra-

66 1443 229 1480 tulatum
251 1443 366 1480 venit.
422 1443 475 1479 Et
493 1442 705 1492 Masgabae,
727 1444 826 1492 regis
851 1443 1068 1480 Masinissae
1088 1443 1182 1488 filio,
1198 1461 1353 1501 Masgaba

66 1507 236 1544 Puteolis
263 1519 395 1543 navem
418 1519 583 1555 egresso,
604 1512 742 1556 praesto
764 1506 851 1550 fuit,
873 1506 1025 1543 obviam
1045 1508 1180 1544 missus
1197 1504 1378 1554 Masinissae

67 1584 152 1609 cum
172 1571 346 1621 pecunia,
366 1570 412 1607 L.
432 1570 601 1607 Manlius
622 1577 803 1620 quaestor,
824 1571 889 1620 qui
908 1570 1075 1607 Romam
1094 1585 1180 1607 eum
1194 1547 1293 1580 fflms‘

63 1635 217 1687 publico
237 1642 362 1672 sumtu
382 1635 616 1686 perduceret.
658 1635 889 1671 Advenienti
909 1635 1101 1686 extemplo
1122 1648 1181 1672 se-

63 1707 174 1739 natus
202 1701 310 1738 datus
338 1708 405 1737 est.
453 1700 491 1736 Is
519 1699 739 1736 adolescens
770 1700 824 1737 ita
849 1699 1000 1737 locutus
1028 1707 1100 1743 est,
1122 1707 1178 1743 ut,

62 1778 145 1815 quae
160 1765 271 1802 rebus
287 1773 396 1814 grata
415 1770 536 1807 erant,
553 1765 722 1814 gratiora
737 1764 860 1801 verbis
875 1763 1030 1801 faceret.
1062 1764 1179 1801 Com-

61 1832 298 1880 memoravit,
323 1836 411 1880 quot
437 1833 574 1880 pedites
599 1833 813 1881 equitesque,
840 1834 927 1879 quot
955 1829 1176 1877 elephantos,

61 1901 232 1945 quantum
247 1895 432 1944 frumenti
457 1908 496 1932 eo
517 1896 750 1944 quadriennio
769 1899 877 1943 pater
894 1906 977 1930 suus
994 1895 1032 1929 in
1052 1894 1178 1929 Mace-

60 1962 204 1997 doniam
222 1962 381 1997 misisset.
439 1961 512 1996 Sed
531 1962 620 1996 duas
638 1972 692 1996 res
711 1961 744 1995 ei
763 1959 884 1994 rubori
893 1957 1013 2007 fuisse
1021 1974 1033 1994 .·
1051 1970 1176 2001 unam,

62 2026 154 2072 quod
177 2030 335 2072 rogasset
360 2037 439 2060 eum
461 2036 530 2073 per
549 2025 685 2072 legatos
705 2028 861 2066 senatus,
882 2034 960 2070 quae
979 2022 1028 2057 ad
1046 2021 1178 2057 bellum

60 2099 146 2135 opus
161 2093 285 2131 essent,
301 2093 336 2125 et
355 2101 423 2125 non
440 2091 647 2136 imperasset
660 2103 672 2133 .;
691 2088 858 2130 alteram,
877 2087 971 2135 quod
982 2086 1177 2134 pecuniam

62 2153 94 2187 ei
107 2163 176 2200 pro
184 2150 374 2200 frumento
395 2154 553 2189 misisset.
610 2152 841 2188 Masinissam
864 2151 1075 2193 meminisse,
1095 2162 1176 2197 reg*-

57 2227 142 2252 num
163 2228 193 2251 a,
203 2217 341 2264 populo
359 2216 525 2253 Romano
540 2222 690 2266 partum
710 2221 925 2265 auctumque
943 2220 979 2252 et
996 2214 1176 2262 multipli-

57 2284 177 2317 catum
198 2279 353 2318 habere:
381 2293 446 2319 usu
460 2283 562 2330 regni
580 2285 786 2319 contentum
803 2282 907 2324 scire,
927 2279 1123 2316 dominium
1141 2276 1181 2314 'et'
