1546 2648
388 131 541 159 LIBER
565 128 646 157 XL.
680 126 785 155 cAP.
812 127 870 155 11.
1097 125 1173 157 221

73 218 261 268 equitibus
281 218 392 255 scribi
406 218 514 268 jussa
529 232 537 253 τ
570 223 607 253 et
626 216 674 255 Q.
687 215 807 251 Fabio
823 213 993 250 Labeoni
1012 227 1096 250 cum
1113 227 1176 251 ex·
1192 217 1233 247 U.
1247 217 1283 249 C,
1298 223 1371 253 570.

73 283 204 325 ercitu,
226 295 335 331 quem
365 281 530 318 habebat
558 281 597 316 in
622 278 839 328 LiguribuS,
866 285 1112 328 prorogatum
1139 280 1178 315 in

72 358 210 381 annum
231 345 427 395 imperium
448 352 515 381 est.

127 409 179 446 Π.
209 409 285 445 Ver
304 409 555 459 procellosum
574 421 619 445 eo
639 420 740 444 anno
759 407 831 443 fuit
847 422 854 442 z
885 406 1005 457 pridie
1024 406 1177 450 Parilia,

74 473 197 509 medio
216 473 333 509 ferme
350 474 423 517 die,
445 479 554 509 atrox
581 485 665 509 cum
686 478 798 508 vento
824 477 1026 521 tempestas
1047 478 1178 507 coorta

74 535 200 572 multis
221 538 334 572 sacris
357 537 600 587 profanisque
620 536 712 571 locis
742 540 905 583 stragem
925 534 1037 570 fecit:
1070 535 1179 583 signa

73 613 176 636 aenea
194 601 232 636 in
250 601 441 650 Capitolio
462 600 622 650 dejecit,
654 600 772 636 forem
790 612 835 635 ex
852 599 929 635 aede
943 598 1078 642 Lunae,
1095 612 1178 648 quae

72 665 110 700 in
130 665 322 700 Aventino
343 671 413 708 est,
433 671 578 714 raptam
600 664 700 706 tulit,
719 670 756 700 et
777 664 813 700 in
834 664 988 713 posticis
1008 662 1177 713 partibus

73 727 218 764 Cereris
249 729 379 779 templi
399 729 552 773 adfixit3
585 728 693 777 signa
722 728 795 765 alia
820 729 858 765 in
883 729 983 765 circo
1012 729 1178 765 maximo

68 803 155 827 cum
175 791 374 836 columnis,
394 793 528 841 quibus
550 792 827 842 superstabant,
847 793 1003 839 evertit3
1025 793 1180 842 fastigia

70 854 215 904 aliquot
233 856 476 906 templorum,
498 870 520 892 a
540 856 765 893 culminibus
789 856 963 907 abrupta,
983 857 1084 893 foede
1104 858 1177 893 dis-

68 919 217 968 sipavit.
274 920 409 970 Itaque
435 922 475 957 in
504 921 718 971 prodigium
747 933 854 957 versa
886 934 930 956 ea
957 927 1177 972 tempestas,

69 985 337 1033 procurarique
353 986 542 1035 aruspices
557 984 754 1035 jusserunt
769 1000 776 1020 ε
810 984 921 1020 simul
934 993 1178 1035 procuratum

69 1053 140 1090 est,
162 1049 262 1097 quod
280 1049 462 1099 tripedem
490 1049 634 1086 mulum
653 1049 777 1085 Reate
797 1055 928 1086 natum
955 1050 1178 1086 nunciatum

71 1117 164 1154 erat,
186 1118 223 1147 et
242 1125 263 1148 a
282 1111 442 1149 Formiis
457 1114 574 1149 aedem
590 1113 779 1163 Apollinis
799 1127 842 1150 ac
859 1114 1001 1150 Caietae
1017 1114 1063 1150 de
1078 1114 1177 1151 coelo

68 1182 209 1212 tactam
225 1192 232 1212 :
267 1178 315 1213 ob
337 1191 380 1213 ea
398 1178 572 1228 prodigia
586 1179 722 1227 viginti
740 1179 876 1215 hostiis
891 1179 1098 1229 majoribus
1117 1191 1177 1215 sa-

68 1239 275 1276 crificatum
302 1249 372 1284 est,
402 1247 440 1277 et
459 1242 557 1278 diem
576 1255 692 1278 unum
719 1242 944 1292 supplicatio
962 1242 1047 1279 fuit.
1103 1243 1178 1278 Per

67 1302 218 1338 eosdem
238 1303 315 1339 dies
337 1316 383 1340 ex
401 1304 518 1340 literis
535 1306 582 1342 A.
594 1304 765 1341 Terentii
779 1307 1022 1356 propraetoris
1043 1307 1176 1354 cogni-

67 1372 161 1409 tum,
191 1366 234 1403 P.
255 1367 519 1418 Sempronium
547 1369 586 1404 in
617 1368 793 1405 ulteriore
822 1370 1029 1419 provincia,
1060 1382 1175 1418 quum

65 1428 148 1478 plus
169 1443 309 1467 annum
337 1444 435 1480 aeger
453 1432 600 1476 fuisset,
620 1439 811 1470 mortuum
840 1446 943 1470 esse:
976 1447 1021 1471 eo
1050 1440 1174 1471 matu-

1190 261 1230 291 A.
1241 261 1278 292 C.
1294 267 1364 292 182.

65 1493 141 1528 rius
161 1494 201 1530 in
220 1494 447 1545 Hispaniam
475 1503 654 1547 praetores
668 1497 767 1548 jussi
793 1498 993 1548 proficisci.
1048 1498 1173 1548 Lega-
1186 1501 1371 1541 Legationes

66 1556 189 1593 tiones
218 1562 479 1597 transmarinae
512 1562 647 1598 deinde
675 1563 715 1598 in
745 1569 918 1599 senatum
947 1564 1172 1600 introductae

66 1627 165 1658 sunt.
221 1623 347 1661 Prima
366 1625 548 1662 Eumenis
569 1632 606 1661 et
620 1626 826 1662 Pharnacis
847 1639 992 1675 regum,
1010 1633 1047 1663 et
1061 1626 1172 1664 Rho-

63 1684 212 1722 diorum
231 1690 468 1737 querentium
484 1691 527 1726 de
548 1691 814 1740 Sinopensium
833 1691 947 1728 clade.
1004 1691 1172 1742 Philippi

63 1761 212 1798 quoque
229 1750 360 1800 legati,
382 1759 420 1789 et
438 1754 680 1796 Achaeorum,
707 1759 746 1790 et
770 1754 1163 1799 Lacedaemoniorum,

61 1812 130 1849 sub
146 1813 244 1850 idem
263 1822 409 1866 tempus
423 1824 628 1853 venerunt:
651 1818 710 1860 iis,
732 1819 833 1867 prius
853 1817 1003 1855 Marcio
1023 1820 1168 1863 audito,

62 1876 127 1924 qui
161 1877 208 1913 ad
236 1891 292 1914 res
313 1879 470 1917 Graeciae
495 1880 810 1930 RIacedoniaeque
837 1882 1008 1919 visendas
1036 1884 1169 1920 missus

63 1946 156 1982 erat,
177 1953 357 1992 responsa
376 1943 464 1979 data
486 1950 585 1980 sunt.
641 1945 744 1981 Asiae
763 1946 914 1994 regibus
945 1960 987 1982 ac
1007 1946 1169 1984 Rhodiis

61 2014 282 2052 responsum
311 2012 380 2049 est,
402 2006 548 2055 legatos
579 2007 626 2043 ad
655 2021 717 2044 eas
746 2021 804 2045 res
834 2010 1003 2046 visendas
1034 2011 1170 2047 missu-

60 2077 142 2101 rum
162 2076 344 2107 senatum.

115 2129 189 2167 ΙΙΙ.
218 2132 278 2168 De
307 2134 484 2186 Philippo
514 2143 670 2173 auxerat
696 2151 826 2174 curam
854 2138 1047 2176 Marcius:
1080 2153 1168 2177 nam

60 2192 113 2228 ita
131 2193 264 2231 fecisse
285 2202 387 2241 eum,
408 2212 490 2248 quae
518 2203 664 2237 senatui
697 2202 939 2252 placuissent,
961 2204 1165 2248 fatebatur,

20 2294 23 2295 ⁷
59 2262 100 2292 ut
118 2256 228 2294 facile
247 2260 455 2311 adpareret,
478 2276 554 2300 non
576 2265 731 2309 diutius,
749 2280 860 2315 quam
880 2280 1033 2304 necesse
1053 2274 1164 2311 esset,

570 2328 647 2365 L3

1184 1548 1367 1577 transmari·

1184 1597 1247 1620 nae.
