1546 2648
327 155 481 186 LIBER
504 154 614 184 xm.
647 153 754 182 ΘΑΓ.
775 153 944 182 XXVII.
1112 151 1195 196 317

87 256 149 283 ma
168 245 233 282 lux
251 245 369 282 ferme
388 251 483 288 erat,
504 256 619 293 quum
646 241 777 291 vigiles
799 242 838 277 in
867 240 983 284 vallo,
1005 241 1143 290 quique
1160 241 1200 276 in
1213 243 1254 276 U.
1269 242 1307 274 C.
1320 248 1393 277 57³.

87 321 283 362 portarum
312 310 539 347 stationibus
570 315 692 351 erant,
714 320 830 357 quum
858 307 1041 343 vidissent
1069 286 1395 356 proculA·C·¹⁷⁴·

89 377 303 412 venientem
331 375 496 417 hostem,
517 374 565 410 ad
593 385 699 409 arma
725 370 1068 408 conclamaverunt.
1124 372 1202 422 Ap.

91 439 286 481 Claudius,
307 438 418 486 signo
447 436 647 487 proposito
676 447 828 486 pugnae,
851 447 894 470 ac
913 435 1043 484 paucis
1063 434 1202 470 adhor-

89 508 191 538 tatus
212 500 366 544 milites,
386 501 506 537 tribus
534 498 645 535 simul
663 498 784 549 portis
805 497 946 534 eduxit.
1003 497 1204 534 Obsisten-

89 565 191 602 tibus
229 565 276 601 ad
316 565 460 601 exitum
495 563 712 605 Celtiberis,
746 562 869 612 primo
901 574 970 612 par
1006 568 1207 612 uti-umque

90 628 267 680 proelium
295 628 383 671 fuit,
404 629 493 677 quia
520 633 677 678 propter
697 625 890 675 angustias
917 638 995 661 non
1015 638 1147 662 omnes
1167 627 1208 662 in

92 692 265 730 faucibus
296 705 466 742 pugnare
494 697 675 742 poterant
702 689 896 726 Romani:
930 696 1106 738 urgentes
1142 691 1207 726 de-

94 758 181 795 inde
200 758 264 795 alii
284 758 377 795 alios
398 756 517 793 secuti
537 761 737 791 evaserunt
757 761 864 791 extra
881 753 1034 798 vallum,
1053 761 1094 790 ut
1111 767 1207 805 pan-

96 822 183 858 dere
213 822 347 863 aciem,
368 826 406 856 et
436 818 624 868 exaequari
654 818 832 855 cornibus
861 818 1049 862 hostibus,
1071 818 1207 868 quibus

96 885 406 927 circumibantur,
437 890 618 933 possent:
651 883 705 918 ita
734 889 889 932 repente
918 889 1136 932 eruperunt,
1168 889 1211 920 ut

96 933 282 985 sustinere
300 948 472 997 inpetum
489 958 619 982 eorum
636 945 819 981 Celtiberi
837 946 1050 994 nequirent.
1106 947 1210 982 Ante

96 1013 231 1049 boram
262 1011 462 1048 secundam
493 1009 592 1060 pulsi
621 1016 734 1047 sunt:
769 1009 816 1046 ad
847 1010 1062 1059 quindecim
1091 1011 1210 1048 millia

99 1089 195 1113 caesa
214 1084 279 1113 aut
299 1083 432 1126 capta:
465 1075 574 1123 signa
593 1074 743 1111 ademta
761 1075 837 1110 duo
857 1081 895 1110 et
914 1075 1084 1123 triginta.
1116 1076 1209 1112 Cas-

99 1146 159 1176 tra
187 1141 301 1177 etiam
331 1152 376 1176 eo
405 1139 465 1175 die
494 1144 726 1188 expugnata,
747 1137 1072 1187 debellatumque:
1106 1152 1209 1183 nam,

98 1204 163 1253 qui
189 1203 407 1253 superfuere
434 1202 587 1253 proelio,
618 1202 656 1237 in
687 1201 827 1251 oppida
855 1214 923 1238 sua
941 1201 1073 1252 dilapsi
1092 1209 1207 1239 sunt:

99 1267 218 1317 quieti
238 1266 370 1302 deinde
389 1271 595 1315 paruerunt
612 1265 783 1315 imperio.

161 1330 337 1367 XXVII.
379 1330 565 1365 Censores
604 1342 649 1365 eo
687 1342 788 1365 anno
825 1330 941 1366 creati
978 1330 1026 1369 Q.
1059 1329 1213 1368 Fulvius

99 1393 257 1431 Flaccus
278 1400 316 1430 et
334 1395 381 1430 A.
398 1392 618 1429 Postumius
637 1392 800 1429 Albinus
820 1392 993 1442 legerunt
1012 1402 1185 1431 senatum
1203 1409 1211 1431 z

100 1458 274 1508 princeps
294 1456 413 1493 lectus
439 1455 496 1493 M.
506 1456 686 1493 AEmilius
705 1455 873 1507 Lepidus
893 1457 1068 1507 pontifex
1093 1459 1215 1495 maxi-

101 1533 198 1557 mus,
252 1520 314 1556 De
343 1526 476 1556 senatu
504 1532 641 1555 novem
666 1519 882 1570 ejecerunt:
917 1521 1082 1570 insignes
1111 1528 1214 1558 notae

103 1584 256 1620 fuerunt
279 1583 334 1620 M.
357 1582 524 1619 Cornelii
552 1583 846 1632 Maluginensis,
867 1585 932 1634 qui
950 1585 1107 1621 biennio
1127 1592 1216 1622 ante

104 1655 245 1698 praetor
264 1649 302 1684 in
324 1647 512 1697 Hispania
530 1647 654 1684 fuerat
671 1664 682 1694 3
715 1655 753 1685 et
771 1648 818 1685 L.
839 1649 1008 1685 Cornelii
1029 1650 1217 1699 Scipionis

104 1712 292 1762 praetoris,
313 1711 419 1762 cujus
449 1719 528 1748 tum
559 1713 659 1748 inter
688 1713 786 1748 cives
809 1720 848 1749 et
865 1714 1085 1763 peregrinos
1098 1712 1219 1763 juris-

105 1776 222 1812 dictio
251 1783 355 1822 erat5
388 1783 426 1812 et
456 1776 526 1812 Cn.
546 1775 684 1819 Fulvii,
705 1778 769 1825 qui
798 1776 916 1813 frater
944 1790 1144 1826 germanus
1165 1784 1217 1822 et,

107 1845 150 1875 ut
178 1839 351 1875 Valerius
377 1840 514 1876 Antias
549 1839 679 1883 tradit,
715 1852 871 1877 consors
910 1841 1023 1877 etiam
1051 1842 1218 1878 censoris

111 1909 201 1939 erat.
233 1903 432 1946 Consules,
453 1904 551 1939 votis
573 1905 689 1940 etiam
708 1905 748 1940 in
762 1904 956 1955 Capitolio
975 1906 1218 1955 nuncupatis,

110 1967 148 2002 in
176 1968 388 2017 provincias
409 1968 573 2018 profecti
602 1974 701 2004 sunt.
758 1968 820 2004 Ex
848 1969 892 2004 iis
913 1968 1142 2005 M.AEmilio
1162 1981 1222 2005 se-

108 2038 220 2066 natus
251 2032 448 2079 negotium
478 2031 594 2073 dedit,
617 2038 656 2066 ut
687 2031 959 2067 Patavinorum
989 2032 1028 2067 in
1057 2031 1221 2069 Venetia

112 2093 334 2130 seditionem
363 2095 643 2144 comprimeret,
665 2107 758 2144 quos
786 2096 991 2131 certamine
1010 2094 1222 2133 factionum

112 2155 159 2191 ad
192 2156 412 2194 intestinum
444 2157 585 2195 bellum
616 2158 813 2201 exarsisse,
848 2166 886 2194 et
916 2159 1086 2208 ipsorum
1106 2160 1224 2209 legati

112 2218 338 2255 adtulerant.
393 2220 545 2270 Legati,
566 2223 629 2271 qui
650 2223 688 2258 in
707 2221 893 2258 AEtoliam
915 2223 962 2258 ad
982 2222 1120 2259 similes
1140 2237 1224 2260 mo-

113 2291 173 2318 tus
195 2283 495 2334 comprimendos
516 2286 651 2330 ierant,
672 2286 958 2329 rcnunciarunt,
981 2288 1145 2324 coerceri
1165 2301 1225 2324 ra-

670 2338 744 2375 P3
