1546 2648
284 134 368 178 270
430 169 434 176 .
633 162 636 166 .
737 137 781 166 T·
805 137 939 167 leu

91 225 133 255 U.
151 226 185 258 C.
198 233 272 262 ⁵73.
278 223 377 275 jussi
396 225 443 262 ad
468 225 542 263 tria
559 224 677 270 millia
703 226 872 276 peditum
902 225 1178 270 Romanorum,
1198 233 1386 264 trecentos

93 269 132 300 A'
145 269 181 301 C'
198 276 270 338 ¹⁷9⁹
283 290 452 338 equites3
485 290 650 340 quinque
669 289 786 326 millia
805 291 993 326 sociorum
1010 290 1139 326 Latini
1154 291 1333 334 nominis,
1351 296 1390 327 et

278 353 580 403 >quadringentos
616 354 772 402 equites.
839 353 882 389 P.
898 352 1048 389 Mucius
1080 353 1248 390 Scaevola
1276 353 1387 398 urba-

281 429 371 453 nam
390 418 545 454 sortitus
571 418 803 468 provinciam
832 423 911 463 est3
944 425 982 453 et
1011 425 1051 453 ut
1079 418 1177 454 idem
1207 423 1391 466 quaereret

274 480 328 527 ¹de
345 481 534 518 veneficiis
554 482 593 517 in
614 481 719 525 urbe,
740 487 776 517 et
796 469 950 531 propius
976 481 1104 518 urbem
1125 481 1252 524 decem
1272 479 1390 517 millia

273 556 457 595 passuum
473 559 480 580 :
513 545 585 582 Cn.
599 544 797 580 Cornelius
817 545 945 594 Scipio
963 545 1214 594 peregrinam,
1234 543 1283 583 Q.
1298 542 1389 581 Mu·

279 607 359 644 cius
390 607 559 645 Scaevola
587 606 770 650 Siciliam,
795 607 838 644 C.
852 606 1024 646 Valerius
1053 606 1230 643 Laevinus
1260 606 1387 643 Sardi-

278 671 394 708 niam.
450 672 499 712 Ο.
518 671 672 708 Fulvius
706 670 852 713 consul,
889 673 1003 719 prius,
1034 683 1141 719 quam
1167 671 1282 706 ullam
1312 682 1390 706 rem

275 736 457 785 publicam
475 741 609 784 ageret,
628 735 777 772 liberare
796 740 832 772 et
847 747 884 771 se
902 740 937 771 et
950 735 1202 784 rempublicam
1220 735 1392 782 religione

275 789 368 836 'votis
384 801 570 843 solvendis,
585 799 693 843 dixit,
714 800 829 836 velle:
848 800 990 842 vovisse,
1011 810 1080 847 quo
1099 799 1157 834 die
1169 795 1391 846 postremum

277 876 359 900 cum
380 863 561 900 Celtiberis
575 867 780 912 pugnasset,
795 863 897 899 ludos
911 862 997 899 ιῙουὶ
1015 864 1148 910 optimo
1166 862 1335 904 maximo,
1355 865 1391 896 et

272 928 388 979 -aeclem
400 928 568 976 Equestri
579 927 744 963 Fortunoe
756 938 828 963 sese
834 925 1031 975 facturum
1043 941 1055 962 .·
1082 926 1120 961 in
1137 937 1216 961 eam
1234 937 1310 961 rem
1322 924 1390 961 sibi

270 993 466 1040 pecuniam
484 991 664 1027 conlatam
683 1002 753 1026 esse
771 990 814 1026 ab
827 989 1014 1038 Hispanis.
1055 987 1156 1024 Ludi
1176 987 1330 1031 decreti,
1350 993 1389 1023 et

275 1060 319 1090 ut
338 1054 525 1091 duumviri
549 1053 596 1090 ad
623 1053 739 1089 aedem
758 1052 957 1089 locandam
986 1056 1226 1088 crearentur:
1258 1050 1304 1086 de
1321 1062 1388 1100 pe-

275 1118 388 1154 cunia
406 1117 549 1160 finitur,
571 1117 628 1153 Ne
645 1115 761 1163 major
783 1128 908 1152 caussa
927 1116 1093 1152 ludorum
1112 1118 1387 1156 consumeretur,

275 1194 384 1230 quam
412 1186 548 1230 quanta
567 1181 692 1217 Fulvio
718 1180 907 1223 Nobiliori,
932 1183 1016 1227 post
1033 1178 1236 1215 AEtolicum
1258 1176 1389 1213 bellum

274 1246 377 1282 ludos
383 1245 559 1295 facienti,
577 1245 718 1282 decreta
732 1249 842 1281 esset:
869 1254 956 1280 neve
970 1243 1056 1291 quid
1073 1243 1122 1278 ad
1137 1254 1193 1278 eos
1207 1242 1311 1278 ludos
1324 1253 1386 1277 ar-

268 1298 430 1353 'cesseress
461 1313 614 1357 cogeret,
641 1310 831 1357 acciperet,
851 1307 1012 1357 faceret,
1034 1307 1201 1343 adversus
1218 1306 1257 1341 id
1282 1316 1386 1342 sena-

274 1373 541 1416 tusconsultum,
570 1373 665 1420 quod
692 1371 737 1408 L.
751 1371 919 1413 AEmilio,
954 1369 1018 1406 Cn.
1040 1369 1160 1406 Baebio
1188 1367 1387 1405 consulibus

270 1437 316 1472 de
335 1437 429 1472 ludis
436 1434 586 1484 factum
600 1440 696 1471 esset.
752 1433 984 1470 Decreverat
1002 1432 1040 1469 id
1055 1433 1208 1468 senatus
1228 1435 1384 1481 propter

267 1500 408 1542 effusos
428 1505 587 1543 sumtus,
607 1498 729 1535 factos
750 1498 789 1534 in
809 1496 916 1533 ludos
937 1496 999 1533 Ti.
1015 1494 1230 1546 Sempronii
1250 1493 1382 1536 aedilis,

268 1564 334 1613 qui
346 1575 477 1612 graves
494 1576 572 1599 non
588 1562 702 1598 modo
719 1561 839 1597 Italiae
859 1573 902 1597 ac
923 1561 1036 1596 sociis
1053 1558 1183 1596 Latini
1199 1557 1380 1601 nominis,

269 1626 334 1663 sed
353 1627 467 1662 etiam
486 1625 690 1676 provinciis
711 1624 874 1661 externis
897 1623 1063 1659 fuerant.
1316 1615 1317 1618 ¹

321 1689 447 1727 XLV.
477 1688 611 1725 Hiems
633 1700 678 1724 eo
698 1699 799 1723 anno
819 1686 905 1723 nive
924 1698 1023 1722 saeva
1042 1690 1080 1721 et
1094 1683 1197 1721 omui
1217 1688 1381 1732 tempes-

268 1759 391 1790 tatum
408 1765 544 1802 genere
562 1751 635 1788 fuit
647 1767 659 1797 ς
691 1750 859 1794 arbores,
880 1762 962 1799 quae
982 1747 1158 1784 obnoxiae
1174 1744 1380 1794 frigoribus

266 1822 369 1860 sunt,
390 1816 583 1852 deusserat
602 1820 781 1859 cunctas5
813 1819 852 1849 et
871 1825 914 1848 ea
934 1817 1015 1848 tum
1033 1810 1244 1859 aliquanto,
1266 1819 1379 1857 quam

266 1879 374 1923 alias,
389 1879 542 1928 longior
560 1877 632 1915 fuit
648 1892 655 1914 :
678 1878 805 1926 itaque
820 1875 979 1912 Latinas
995 1886 1084 1911 mox
1101 1873 1228 1909 subito
1246 1876 1379 1908 coorta

264 1952 303 1982 et
322 1943 570 1982 intolerabilis
587 1948 790 1992 tempestas
807 1942 846 1976 in
863 1945 994 1976 monte
1008 1938 1177 1975 turbavit
1192 1951 1199 1972 ε
1234 1937 1377 1972 instau-

263 2014 429 2057 rataeque
451 2012 540 2043 sunt
565 2019 611 2042 ex
631 2005 783 2042 decreto
813 2002 1050 2053 pontificum.
1106 1999 1251 2036 Eadem
1280 2004 1377 2034 tem-

263 2063 389 2124 pestas
411 2077 449 2107 et
467 2071 507 2106 in
527 2058 720 2120 Capitolio
749 2067 894 2116 aliquot
923 2067 1031 2114 signa
1060 2063 1282 2104 constravit,
1303 2060 1377 2097 ful-

263 2134 503 2184 minibusque
522 2131 717 2182 complura
741 2130 826 2166 loca
844 2128 1069 2165 deformavit
1082 2143 1092 2172 3
1127 2125 1244 2162 eedem
1263 2123 1287 2160 J
1293 2124 1375 2160 ovis

261 2197 492 2241 Tarracinae,
513 2196 628 2233 aedem
648 2193 786 2231 Albam
806 2193 961 2243 Capuae,
981 2197 1206 2241 portamque
1226 2187 1373 2224 Roma-

263 2274 351 2299 nam
367 2277 373 2298 :
407 2261 502 2297 muri
520 2260 644 2310 pinnae
661 2257 807 2307 aliquot
821 2255 913 2293 locis
931 2255 1095 2291 decussae
1114 2258 1233 2290 erant.
1279 2248 1376 2288 Haec
