1546 2648
119 283 163 314 U.
177 283 214 314 C.

120 327 160 357 A.
175 327 212 357 C.

313 183 398 239 328
487 172 492 179 ’
762 191 807 222 Τ.
834 193 967 223 mvn

232 289 305 319 ⁵79·
317 284 551 335 pugnatione
584 284 849 321 comminanda
880 283 1092 333 quaesisset)
1124 295 1268 321 moram
1301 290 1422 322 certa·

233 332 268 362 17

273 333 305 357 3.

316 350 409 386 mini
427 349 530 386 fecit.
572 349 790 398 Pugnatum
809 355 867 385 est
887 348 1045 399 amplius
1065 355 1140 385 tres
1159 349 1287 392 horas,
1307 349 1363 386 ita
1380 356 1423 386 ut

315 421 451 451 neutro
470 413 669 451 inclinaret
689 426 785 464 speS.
824 414 938 453 Quod
957 413 1020 450 ubi
1041 414 1173 450 consul
1192 415 1298 457 vidit,
1318 414 1423 451 nulla

313 485 420 530 parte
449 479 591 515 moveri
619 479 805 527 Ligurum
833 478 954 526 signa,
977 479 1136 528 imperat
1155 477 1358 527 equitibus,
1378 485 1422 515 ut

313 554 429 591 equos
450 541 720 585 conscendant,
741 554 784 577 ac
802 540 923 577 tribus
954 541 1065 577 simul
1083 541 1252 591 partibus
1272 542 1310 577 in
1331 542 1420 578 hos-

312 610 384 649 tes,
419 611 562 654 quanto
600 605 766 640 maximo
804 610 961 653 possent
998 604 1176 646 tumultu,
1214 605 1420 640 incurrant.

312 667 404 704 Pars
435 680 574 716 magna
603 668 771 716 equitum
801 666 962 702 mediam
995 666 1145 716 trajecit
1164 667 1296 710 aciem,
1317 674 1354 703 et
1373 668 1420 704 ad

311 738 418 780 terga
454 731 706 782 pugnantium
746 730 922 780 pervasit.
979 730 1073 766 Inde
1109 736 1230 765 terror
1257 728 1419 779 injectus

310 794 517 843 Liguribus
537 810 544 829 t
577 795 710 830 diversi
732 795 771 829 in
791 806 922 830 omnes
949 800 1074 843 partes
1096 793 1274 841 fugerunt
1296 808 1303 828 z
1336 806 1419 843 per-

311 858 421 908 pauci
440 866 541 893 retro
572 856 826 907 in‘oppidum,
847 857 936 905 quia
964 856 1051 892 inde
1071 869 1110 892 se
1130 857 1292 892 maxime
1311 856 1418 906 obje-

311 929 414 958 cerat
433 934 544 970 eques
564 938 571 958 :
606 929 642 957 et
671 934 798 971 pugna
816 928 893 957 tam
914 921 1087 970 pervicax
1108 920 1245 956 multos
1265 920 1416 957 absum-

311 993 411 1021 serat
429 985 628 1034 Ligurum,
650 992 687 1021 ct
704 986 742 1020 in
762 985 852 1033 fuga
871 985 1010 1035 passim
1030 985 1113 1020 caesi
1135 989 1234 1020 sunt.
1274 984 1418 1021 Decem

309 1049 428 1085 millia
459 1050 656 1085 hominum
694 1062 789 1085 caesa
821 1048 1045 1091 traduntur3
1079 1047 1236 1097 amplius
1275 1049 1417 1098 septin-

310 1115 413 1162 genti
434 1116 572 1163 passim
594 1115 716 1163 capti:
750 1114 858 1161 signa
886 1112 1064 1148 militaria
1083 1111 1201 1147 relata
1220 1113 1418 1160 octoginta

310 1178 396 1213 duo.
444 1177 526 1213 Nec
548 1178 745 1212 incruenta
763 1176 921 1212 victoria
939 1175 1012 1211 fuit
1029 1190 1036 1210 :
1061 1173 1220 1224 amplius
1241 1174 1314 1210 tria
1332 1174 1416 1211 mil-

309 1240 360 1275 lia
388 1239 548 1275 militum
581 1240 744 1285 amissa,
777 1251 905 1288 quum,
932 1237 1151 1274 cedentibus
1182 1238 1339 1281 neutris,
1371 1252 1418 1276 ex

309 1310 415 1353 parte
433 1310 590 1352 utraque
610 1305 792 1353 primores
814 1302 999 1339 caderent.

362 1367 475 1403 VIII.
505 1368 598 1403 Post
624 1368 722 1403 hanc
743 1379 907 1416 pugnam
939 1358 994 1402 ex⁷
1014 1365 1160 1402 diversa
1185 1365 1276 1414 fuga
1306 1366 1344 1402 in
1373 1379 1415 1403 u—

310 1443 400 1466 num
421 1430 583 1466 conlecti
602 1430 776 1478 Ligures,
794 1442 907 1479 quum
927 1428 1110 1479 majorem
1131 1427 1255 1464 multo
1270 1435 1415 1479 partem

310 1493 447 1529 civium
480 1494 669 1536 amissam,
700 1505 812 1542 quam
846 1504 1053 1541 superesse,
1087 1498 1296 1534 cernerent,
1329 1493 1425 1540 (nec

309 1557 409 1593 enim
429 1557 510 1607 plus
541 1558 667 1594 decem
695 1557 810 1593 millia
830 1557 1027 1592 hominum
1047 1557 1171 1600 erant)
1193 1555 1415 1593 dediderunt

309 1633 415 1667 sese5
448 1621 543 1657 nihil
576 1622 725 1670 quidem
755 1621 807 1656 illi
840 1621 966 1671 pacti:
999 1626 1240 1670 speraverant
1271 1625 1414 1663 tamen,

309 1697 386 1720 non
416 1685 595 1728 atrocius,
617 1697 728 1733 quam
758 1685 967 1734 superiores
998 1684 1257 1734 imperatores,
1279 1696 1415 1720 consu-

308 1747 381 1783 lem
401 1748 439 1783 in
455 1760 494 1783 se
514 1748 742 1784 saeviturum.
788 1748 842 1784 At
861 1747 923 1783 ille
943 1759 1046 1783 arma
1065 1745 1239 1782 omnibus
1259 1746 1414 1790 ademit,

308 1811 488 1861 oppidum
509 1812 636 1854 diruit,
658 1812 759 1861 ipsos
785 1811 961 1860 bonaque
990 1823 1121 1846 eorum
1147 1809 1337 1846 vendidit:
1369 1810 1423 1846 li-

307 1882 482 1924 terasque
511 1876 657 1911 senatui
679 1875 723 1911 de
743 1875 852 1910 rebus
873 1875 920 1910 ab
941 1887 979 1910 se
999 1875 1114 1923 gestis
1137 1874 1252 1910 misit.
1308 1874 1412 1913 Quas

306 1951 420 1987 quum
453 1940 500 1975 A.
520 1938 658 1974 Atilius
690 1944 828 1989 praetor
860 1939 898 1974 in
931 1939 1034 1974 curia
1062 1939 1270 1980 recitasset,
1307 1941 1421 1986 (nam

305 2002 438 2038 consul
475 2002 570 2038 alter
605 2002 838 2045 Postumius,
877 2003 974 2051 agris
1021 2002 1336 2050 recognoscendis
1373 2003 1421 2038 in-

304 2066 515 2116 Campania
543 2074 762 2115 occupatus,
794 2065 942 2110 aberat)
974 2072 1083 2102 atrox
1108 2078 1165 2101 res
1196 2065 1276 2101 visa
1303 2078 1412 2102 sena—

303 2131 358 2165 tui
378 2144 384 2164 :
418 2131 656 2172 Statiellates,
677 2133 737 2177 qui
757 2132 819 2165 uni
837 2142 878 2166 ex
896 2131 1072 2178 Ligurum
1097 2134 1203 2177 gente
1220 2141 1290 2166 mm
1310 2130 1410 2166 tulis-

299 2197 377 2229 sent
395 2205 498 2228 arma
517 2194 684 2228 adversus
703 2193 898 2236 Romanos,
924 2198 998 2229 tum
1020 2205 1160 2241 quoque
1174 2193 1408 2240 obpugnet-tos,

299 2269 368 2292 ηοη
399 2257 493 2292 ultro
522 2256 711 2304 inferentes
741 2257 864 2293 bellum
879 2274 891 2301 ‚-
921 2259 1056 2294 deditos
1086 2259 1122 2293 in
1138 2257 1260 2306 fidem
1281 2257 1411 2305 populi

301 2320 456 2358 Romani
484 2321 578 2358 omni
601 2322 734 2359 ultimae
752 2323 978 2359 crudelitatis
997 2322 1156 2371 exemplo
1175 2322 1347 2358 laceratos
1364 2331 1411 2357 ae
