1546 2648
386 135 542 166 tumn
567 131 771 164 xxxvn.
803 131 1000 161 cAP.1v.
1220 125 1242 170 7

136 240 221 265 cum
238 227 286 264 A.
303 225 483 263 Cornelio
503 229 736 275 propraetore
756 226 896 263 essent,
911 225 952 256 ut
967 219 1007 255 hi
1022 229 1153 256 omnes
1170 216 1249 254 Idi·
1262 218 1304 291 (ἐ.
1316 217 1355 291 g.
1372 221 1445 292 {g}

135 292 204 329 bus
224 290 483 331 Quinctilibus
504 288 750 326 Brundisium
769 285 1030 322 convenirent.
1060 282 1158 320 Item
1174 289 1249 318 tres
1263 278 1274 291 ¹
1296 283 1303 291 '
1346 281 1353 289 '
1437 280 1446 291 ⁸

134 354 280 405 legatos
304 355 531 397 nominavit,
553 354 639 390 Sex.
662 352 868 400 Digitium,
898 349 945 386 L.
965 347 1184 399 Apustium,
1206 346 1249 382 C.
1263 347 1450 431 {gigig-5055

134 418 350 456 Fabricium
370 419 594 462 Luscinum,
613 418 678 468 qui
697 431 742 454 ex
770 430 839 454 ora
867 416 1058 452 maritima
1087 414 1251 463 undique
1266 443 1328 466 tur·

136 495 249 519 naves
282 482 529 519 Brundisium
551 482 844 518 contraherent:
887 487 939 523 et,
966 478 1142 516 omnibus
1169 477 1255 528 jam

136 548 292 598 paratis,
310 546 510 597 paludatus
531 546 578 583 ab
600 545 692 584 urbe
720 551 778 583 est
799 545 1006 596 profectuS.
1062 543 1123 580 Ad
1143 543 1254 592 quin-

138 625 210 661 que
230 612 347 649 millia
366 612 669 649 voluntariorum
689 624 735 648 ex
758 610 946 647 Romanis
967 608 1168 656 sociisque,
1190 606 1257 655 qui

137 677 296 713 emerita
315 677 504 727 stipendia
522 675 592 713 sub
613 677 842 727 imperatore
868 675 912 712 P.
932 673 1117 711 Africano
1137 671 1255 707 habe-

136 738 245 784 bant,
266 748 405 791 praesto
425 740 530 777 fuere
550 740 703 777 exeunti
725 738 886 782 consuli,
908 744 944 774 et
965 737 1123 774 nomina
1142 736 1255 772 dede-

134 810 238 841 runt.
295 804 369 840 Per
397 817 461 841 eos
485 805 578 848 dies,
600 805 737 854 quibus
758 811 816 841 est
834 803 1027 855 profectus
1048 802 1095 838 ad
1113 800 1258 837 bellum

139 867 286 912 consul,
306 868 403 905 ludis
423 869 727 919 Apollinaribus,
747 876 837 905 ante
856 869 953 905 diem
973 867 1148 916 quintum
1167 864 1258 901 Idus

138 931 366 975 Quinctiles,
388 932 487 969 coelo
515 945 649 969 sereno
680 932 845 969 interdiu
869 931 1072 968 obscurata
1100 928 1167 965 lux
1186 935 1258 971 est,

137 1008 253 1044 quum
270 995 362 1033 luna
381 996 451 1034 sub
471 997 604 1034 orbem
624 997 715 1034 solis
729 997 906 1034 subisset.
943 995 997 1032 Et
1015 994 1062 1031 L.
1076 992 1257 1031 AEmilius

137 1058 327 1110 Regillus,
344 1062 405 1098 cui
425 1062 568 1098 navalis
588 1062 787 1113 provincia
805 1067 997 1103 evenerat,
1014 1059 1147 1096 eodem
1163 1064 1262 1093 tem·

140 1137 232 1175 pore
251 1125 443 1175 profectus
465 1134 533 1163 est.
571 1126 618 1164 L.
635 1125 896 1164 Aurunculeio
917 1124 1116 1174 negotium
1135 1122 1182 1159 ab
1203 1133 1262 1158 se-

137 1196 234 1226 natu
253 1190 383 1227 datum
396 1197 466 1235 est,
486 1198 528 1228 ut
543 1193 703 1241 triginta
718 1193 1023 1242 quinqueremeS,
1040 1189 1178 1238 viginti
1193 1188 1263 1224 tri-

139 1265 260 1290 remes
280 1254 424 1291 faceret
434 1271 446 1302 5
471 1256 560 1305 quia
573 1256 676 1293 fama
695 1264 790 1300 erat,
808 1257 1046 1293 Antiochum
1060 1260 1150 1305 post
1161 1265 1264 1304 proe-

140 1318 234 1356 lium
269 1318 404 1355 navale
436 1318 621 1370 majorei‘n
660 1320 819 1357 classem
848 1320 1045 1369 aliquanto
1075 1328 1263 1367 reparare,

140 1382 280 1427 AEtoli,
301 1389 504 1433 postquam
523 1383 640 1433 legati
660 1384 707 1420 ab
727 1383 856 1420 Roma
874 1382 1100 1425 retulerunt,
1117 1380 1260 1416 nullam
1272 1383 1460 1417 AEtolorum

141 1459 246 1499 spem
265 1449 368 1498 pacis
389 1460 483 1491 esse,
505 1461 735 1498 quamquam
755 1448 878 1484 omnis
899 1460 967 1484 ora
984 1446 1175 1483 maritima
1194 1434 1418 1481 cosmatum

142 1525 241 1557 rum,
257 1526 339 1562 quae
360 1513 399 1549 in
418 1513 726 1564 Peloponnesum
747 1526 855 1550 versa
873 1518 944 1557 est,
965 1511 1197 1564 depopulata
1218 1511 1266 1548 ab

143 1577 294 1615 Achaeis
315 1583 410 1621 erat,
430 1577 588 1628 periculi
609 1579 744 1627 magis,
766 1590 879 1627 quam
899 1577 1042 1620 damni,
1064 1589 1265 1621 memoreS,

143 1646 187 1677 ut
214 1640 401 1677 Romanis
435 1641 733 1678 intercluderent
762 1643 848 1685 iter,
880 1642 1066 1678 Coracem
1094 1647 1268 1677 montem

143 1710 448 1755 occupaverunt:
481 1718 603 1755 neque
632 1707 734 1742 enim
763 1705 1006 1748 dubitabant,
1038 1705 1086 1742 ad
1114 1704 1267 1756 obpug-

142 1769 339 1805 nationem
354 1769 548 1820 Naupacti
561 1783 625 1806 eos
642 1771 831 1821 principio
850 1771 947 1806 veris
965 1770 1152 1806 redituros
1171 1782 1265 1806 esse.

143 1832 284 1877 Acilio,
307 1835 371 1884 qui
403 1835 440 1871 id
470 1835 683 1885 exspectari
712 1835 870 1878 sciebat,
893 1835 1010 1871 satius
1040 1835 1161 1871 visum
1192 1841 1264 1877 est,

142 1898 381 1949 inopinatam
417 1900 572 1949 adgredi
607 1913 702 1944 rem,
742 1907 779 1936 et
816 1899 993 1936 Lamiam
1027 1899 1264 1950 obpugnare.

143 1961 244 1998 Nam
259 1972 297 1999 et
315 1977 337 1999 a
356 1963 536 2015 Philippo
556 1977 676 2015 prope
695 1963 742 2001 ad
756 1964 943 2000 excidium
955 1963 1139 2000 adductos
1158 1976 1237 1999 esse
1251 1979 1262 2009 5
1276 1943 1464 2026 ἓζὲῗζηηη

145 2032 184 2064 et
201 2034 294 2064 tunc
309 2040 356 2064 eo
375 2028 474 2079 ipso,
488 2029 591 2078 quod
606 2028 703 2065 nihil
720 2028 798 2065 tale
812 2029 1005 2072 timerent,
1022 2028 1188 2079 obprimi
1208 2029 1265 2065 in·
1278 2032 1318 2063 ab
1334 2017 1450 2068 Acilio.

146 2098 280 2127 cautos
296 2105 420 2142 posse.
449 2092 650 2129 Profectus
664 2092 714 2130 ab
726 2093 856 2129 Elatia
868 2094 1032 2143 primum
1048 2094 1085 2129 in
1099 2093 1269 2129 hostium

148 2160 251 2190 terra
278 2156 380 2193 circa
400 2157 622 2207 Sperchium
654 2170 804 2193 amnem
833 2158 964 2207 posuit
995 2163 1142 2194 castra:
1183 2157 1271 2193 inde

149 2223 266 2254 nocte
295 2220 408 2256 motis
440 2221 572 2270 signis,
603 2221 726 2272 prima
755 2220 840 2258 luce
869 2234 1015 2258 corona
1041 2222 1184 2259 moenia
1214 2227 1272 2258 est

154 2279 363 2330 adgressus·

674 2348 754 2386 134
