1546 2648
337 161 491 190 menn
514 162 597 208 χι.
630 159 736 190 οΑΡ.
763 162 867 192 mx.
1078 153 1157 208 283

15 255 18 259 ’
48 248 199 293 milites,
221 249 285 286 sed
314 251 428 286 etiam
451 251 654 302 principes,
675 251 741 288 icti
762 251 951 290 caderent.
1008 253 1157 304 Itaque,
1172 255 1262 286 U.C.
1281 259 1354 291 ⁵73·

50 325 165 361 quum
193 314 376 364 praecipiti
409 313 501 362 fuga
529 327 596 364 per
625 327 735 365 rupes
767 315 940 365 praealtas
971 317 1159 366 inprovidi
1172 299 1211 330 Λ·
1225 299 1262 329 C'
1284 304 1352 334 ¹⁷9'

48 381 304 412 sternerentur
323 382 561 426 ruerentque,
583 378 779 415 instabant
799 378 950 428 quidem
979 379 1159 429 perculsis

47 438 212 475 Thraces
233 454 239 474 :
273 440 336 476 sed
353 440 424 489 ipsi
445 439 549 476 Deos
571 448 744 478 auctores
765 442 866 491 fugae
887 443 981 485 esse,
1002 442 1159 480 coelum-

0 506 1 509 ’
47 495 118 551 que
138 502 176 537 in
206 515 244 538 se
273 515 380 539 ruere
399 500 565 541 aiebant.
621 505 808 556 Dissipati
828 505 1006 556 procella,
1027 519 1158 554 quum,

0 571 1 614 J
43 571 236 615 tamquam
256 579 302 603 ex
321 566 538 617 naufragiO,
572 568 742 618 plerique
772 570 985 606 semiermes
1015 571 1055 606 in
1075 582 1157 606 cas-

41 621 114 672 tra,
136 631 233 666 unde
252 631 413 681 profecti
433 638 555 675 erant,
577 633 763 670 redissent
779 650 789 679 5
824 634 1047 678 consultari,
1069 634 1158 683 quid

45 702 215 740 agerent,
236 702 426 744 coeptum:
460 696 545 731 inde
565 703 650 733 orta
669 697 868 741 dissensio,
889 697 970 734 aliis
996 697 1157 733 redeun-

0 747 1 799 J
44 755 145 799 dum,
166 755 247 792 aliis
268 759 541 806 penetrandum
571 759 610 795 in
639 759 876 796 Dardaniam
903 760 1157 798 censentibus,

0 814 1 868 l
41 817 217 866 Triginta
236 819 353 855 ferme
372 819 490 856 millia
510 821 710 858 hominum
734 822 939 871 (Clondico
958 823 1052 859 duce
1067 836 1156 873 pro-

41 881 131 917 fecti
164 882 288 928 erant)
325 891 577 932 pervenerunt
596 899 603 919 :
636 891 763 922 cetera
799 887 1004 923 multitudo
1038 893 1154 929 retro,

0 938 1 982 ἦ
41 957 116 994 qua
142 952 337 988 venerant,
367 946 733 985 transdanubianam
762 950 958 997 regionem
990 950 1154 999 repetiit.

0 992 1 1045 l
40 1007 214 1052 Perseus,
237 1010 380 1059 potitus
410 1022 544 1058 regno,
565 1011 729 1048 interfici
748 1013 988 1061 Antigonum
1010 1012 1346 1062 jussittAntigonus

0 1063 2 1126 l
42 1078 94 1115 et,
115 1073 202 1109 dum
222 1073 388 1109 firmaret
413 1086 487 1117 reS,
508 1073 654 1123 legatos
674 1075 840 1112 Romam
871 1077 918 1112 ad
946 1077 1153 1113 amicitiam
1167 1063 1366 1094 immicum·

0 1130 2 1187 l
40 1143 237 1186 paternam
267 1137 535 1180 renovandam,
556 1138 849 1189 petendumque,
871 1146 913 1175 ut
940 1152 1007 1176 rex
1026 1140 1072 1176 ab
1093 1153 1151 1177 se-

0 1206 2 1289 }
39 1205 133 1235 natu
164 1199 428 1250 adpellaretur,
448 1201 563 1237 misit.
620 1200 716 1238 Haec
746 1215 791 1239 eo
821 1215 922 1239 anno
951 1204 991 1239 in
1018 1203 1151 1240 Mace-

40 1262 155 1299 donia
174 1269 293 1312 gesta.

0 1313 2 1321 ‚
89 1326 201 1364 LIX.
230 1327 340 1363 Alter
371 1326 570 1363 consulum
600 1327 648 1366 Q.
675 1326 830 1364 Fulvius
864 1340 909 1365 ex
940 1328 1148 1377 Liguribus

0 1354 3 1428 l
37 1391 284 1441 triumphavit
302 1406 309 1427 :
342 1404 453 1440 quem
472 1392 707 1441 triumphum
726 1392 847 1440 magis
867 1393 1013 1440 gratiae,
1034 1406 1148 1442 quam

38 1466 162 1490 rerum
181 1444 372 1502 gestarum
395 1454 659 1502 magnitudini,
681 1454 811 1490 datum
831 1455 1043 1492 constabat.
1073 1457 1147 1492 Ar-

37 1528 187 1553 morum
214 1517 411 1553 hostilium
439 1530 617 1566 magnam
646 1518 720 1553 vim
749 1517 971 1564 transtulit,
1004 1519 1147 1555 nullam

35 1581 235 1631 pecuniam
264 1581 465 1616 admodum
483 1596 490 1617 :
524 1581 651 1616 divisit
679 1587 806 1616 tamen
826 1581 864 1616 in
885 1582 1053 1630 singulos
1074 1583 1145 1618 mi-

34 1643 118 1679 lites
148 1644 313 1680 tricenos
345 1645 440 1687 aeris,
462 1644 601 1694 duplex
631 1644 930 1687 centurionibus,
952 1645 1089 1695 triplex
1106 1658 1145 1681 e-

34 1707 142 1755 quiti.
198 1707 308 1743 Nihil
339 1708 380 1743 in
412 1720 462 1746 ‚eo
496 1708 690 1757 triumpho
723 1708 842 1755 magis
876 1708 1024 1756 insigne
1055 1708 1143 1751 fuit,

34 1783 145 1820 quam
166 1771 268 1820 quod
286 1770 384 1807 forte
411 1771 549 1813 evenit,
571 1777 612 1806 ut
641 1770 772 1807 eodem
799 1771 858 1806 die
877 1772 1144 1821 triumpharet,

34 1847 109 1883 quo
128 1835 254 1885 priore
273 1847 375 1871 anno
395 1847 441 1871 ex
461 1841 625 1885 praetura
642 1835 952 1884 triumphaverat.
1001 1836 1143 1872 Secun-

30 1898 121 1934 dum
149 1899 382 1948 triumphum
412 1899 567 1934 coniitia
595 1899 726 1940 edixit,
749 1898 883 1946 quibus
915 1899 1031 1935 creati
1050 1912 1142 1934 con-

33 1960 129 1996 sules
167 1967 256 1996 sunt
287 1960 344 1997 M.
376 1960 513 1996 Junius
544 1961 701 2003 Brutus,
735 1962 783 1997 A.
810 1961 978 1997 Manlius
1008 1961 1142 1997 Vulso.

30 2023 241 2060 Praetorum
261 2024 361 2066 inde,
379 2023 499 2059 tribus
516 2025 666 2066 creatis,
687 2024 842 2060 comitia
861 2029 1065 2073 tempestas
1085 2024 1142 2059 di-

29 2087 140 2122 remit
157 2102 164 2122 :
187 2093 340 2136 postero
361 2087 421 2123 die
440 2086 574 2136 reliqui
594 2093 669 2122 tres
690 2086 783 2122 facti
803 2092 891 2122 ante
910 2086 1009 2122 diem
1029 2098 1141 2134 quar-

29 2158 111 2186 tum
131 2149 218 2185 Idus
237 2149 414 2194 Martias,
434 2150 491 2187 M.
511 2151 678 2187 Titinius
700 2150 860 2193 Curvus,
881 2149 942 2187 Ti.
961 2149 1141 2197 Claudius

31 2213 152 2256 Nero,
172 2213 219 2249 T.
238 2213 419 2250 Fonteius
441 2214 594 2265 Capito.
634 2214 734 2251 Ludi
755 2214 921 2250 Romani
942 2213 1144 2250 instaurati

33 2276 77 2314 ab
116 2276 284 2314 aedilibus
315 2277 505 2315 curulibus
545 2279 616 2318 Cu.
648 2278 807 2316 Servilio
842 2277 1039 2329 Caepione,
1067 2276 1144 2329 Aps
