1546 2648
365 178 520 209 mnan
543 176 672 207 auu.
705 176 813 206 CAP.
831 175 913 207 xz.
1114 167 1196 222 361

88 270 305 309 nunciando
320 272 515 310 cunctatio
530 269 618 314 fuit,
633 270 710 307 utri
724 269 1076 318 transgrederentur
1091 285 1098 306 :
1131 269 1200 308 ali-
1213 272 1256 304 U.
1270 272 1308 304 C.
1323 278 1395 305 581.

88 336 177 385 quid
200 336 256 374 iui
280 338 394 386 regiae
418 334 624 386 majestati,
644 334 784 384 aliquid
811 334 851 370 hi
877 333 1008 384 populi
1033 316 1387 372 RomaniA‘C'¹⁷¹'

87 400 248 443 nomini,
274 412 391 449 quum
415 399 624 450 praesertim
643 398 802 434 Perseus
826 397 985 447 petisset
1003 397 1201 449 conloqui-

88 476 165 507 um,
185 463 455 501 existimabant
470 463 610 500 deberi.
656 461 681 499 J
684 474 756 499 oco
771 462 886 498 etiam
899 460 1069 499 Marcius
1086 475 1201 500 cunc-

88 534 212 565 tantes
232 530 364 566 movit.
420 529 558 572 Minor,
587 527 726 578 inquit,
747 528 796 564 ad
820 525 1005 574 majorem,
1027 533 1063 564 et
1083 528 1203 578 (quod

86 591 265 642 Philippo
277 593 349 643 ipsi
362 604 576 642 cognomen
589 591 686 639 erat)
696 592 804 641 filius
816 592 864 628 acl
873 596 1015 640 patrem
1030 596 1201 630 transeat.

85 654 214 692 Facile
233 669 451 706 persuasum
469 657 506 693 id
522 656 602 705 regi
622 661 690 693 est.
747 655 863 693 Aliud
878 656 1013 693 deinde
1030 656 1202 705 ambige-

87 718 214 764 batur,
235 733 321 757 cum
341 733 454 770 quam
474 719 601 756 multis
621 719 813 757 transiret.
869 719 971 763 Rex,
991 732 1078 756 cum
1097 720 1202 757 omni

89 784 274 821 comitatu
293 787 467 830 transire,
491 798 640 835 aequum
668 785 870 823 censebat:
902 785 1021 835 legati
1038 785 1099 822 vel
1117 799 1203 824 cum

86 847 207 884 tribus
228 850 355 886 venire
367 849 573 899 jubebant,
593 848 667 892 vel,
687 849 719 885 si
740 854 891 886 tantum
917 862 1053 899 agmen
1072 851 1203 887 tradu-

87 917 203 955 ceret,
224 912 374 949 obsides
395 914 516 956 daret,
537 912 633 950 nihil
651 912 794 949 fraudis
813 913 896 950 fore
923 914 962 950 in
983 913 1202 964 conloquio,

86 974 259 1026 Hippian
288 983 326 1013 et
354 978 632 1021 Pantauchum,
663 989 758 1026 quos
788 983 827 1014 et
853 975 1001 1026 legatos
1031 977 1200 1022 miserat,

87 1039 276 1090 principes
313 1042 536 1085 amicorum,
575 1040 724 1078 obsides
745 1040 869 1077 dedit.
925 1040 1009 1077 Nec
1046 1046 1126 1077 tam
1147 1042 1201 1078 ⁴in

86 1103 224 1153 pignus
244 1103 328 1141 fidei
349 1105 498 1142 obsides
518 1105 720 1142 desiderati
748 1111 870 1148 erant,
892 1117 1004 1154 quam
1025 1111 1066 1142 ut
1085 1105 1201 1156 adpa-

87 1173 186 1203 reret
204 1168 331 1211 sociis,
352 1181 591 1218 nequaquam
619 1181 667 1205 ex
694 1168 880 1217 dignitate
908 1168 990 1219 pari
1018 1169 1202 1218 congredi

86 1241 213 1278 regem
226 1244 311 1267 cum
326 1232 475 1281 legatis.
514 1232 702 1269 Salutatio
715 1245 793 1269 non
806 1238 1000 1281 tamquam
1013 1233 1199 1276 hostium,

86 1295 152 1332 sed
175 1295 375 1348 hospitalis
405 1310 448 1334 ac
477 1297 645 1346 benigna
676 1297 750 1334 fuit
762 1312 773 1343 5
806 1297 1017 1348 positisque
1049 1296 1200 1335 sedibus

85 1360 349 1398 consederunt.
595 1407 597 1409 q

136 1423 226 1461 XL.
256 1425 385 1465 Quum
404 1425 610 1476 paullisper
637 1423 832 1462 silentium
849 1425 1005 1463 fuisset:
1041 1427 1198 1475 Exspec-
1211 1432 1326 1465 Marcii

85 1489 171 1530 tari,
191 1500 268 1531 nos,
298 1489 422 1538 inquit
446 1488 631 1533 Marcius,
658 1489 830 1533 arbitror,
850 1494 893 1525 ut
923 1491 1200 1539 respondeamus
1209 1478 1319 1508 ‘'sam'‘

86 1552 198 1588 literis
226 1554 309 1596 tuis,
331 1565 419 1601 quas
446 1553 638 1601 Corcyram
661 1555 814 1597 misism
842 1554 879 1589 in
905 1554 1029 1602 quibus
1057 1557 1199 1603 quaeris,

86 1616 173 1663 quid
192 1617 244 1652 ita
263 1616 373 1664 legati
394 1629 473 1652 cum
498 1617 669 1653 militibus
686 1619 895 1660 venerimus,
916 1623 951 1654 et
971 1621 1144 1667 praesidia
1162 1621 1200 1656 in

82 1680 243 1727 singulas
268 1680 371 1717 urbes
398 1682 656 1718 dimittamus?
687 1683 748 1719 Ad
766 1682 859 1719 hanc
883 1685 1201 1731 interrogationem
1232 1684 1238 1689 '

84 1747 184 1780 tuam
202 1748 237 1780 et
254 1755 324 1781 non
343 1745 556 1793 respondere
575 1756 710 1788 vereor,
729 1757 774 1782 ne
791 1746 979 1794 superbum
996 1748 1057 1790 sit,
1084 1753 1121 1784 et
1138 1759 1197 1784 vec·

80 1819 124 1843 ra
141 1808 364 1856 respondere,
384 1820 428 1844 ne
445 1808 734 1844 nimis'acerbum
752 1811 915 1846 audienti
937 1810 1000 1847 tibi
1017 1811 1196 1848 videatur.

81 1871 155 1908 Sed
173 1883 281 1920 quum
310 1876 374 1909 aut
405 1872 518 1909 verbis
546 1874 789 1920 castigandus,
820 1879 886 1911 aut
914 1876 1025 1912 armis
1044 1877 1105 1919 sit,
1135 1879 1197 1924 qui

72 1933 196 1983 foedus
213 1937 351 1984 rumpit
361 1951 374 1979 ,·
401 1937 493 1973 sicut
511 1936 641 1973 bellum
660 1938 829 1973 adversus
848 1942 882 1978 te
900 1939 979 1980 alii,
999 1951 1108 1986 quam
1127 1941 1195 1975 mi-

80 1998 130 2041 hi,
151 2000 363 2036 mandatum
380 2000 519 2041 malim,
540 2001 594 2035 ita
618 2001 792 2039 orationis
819 2001 1050 2037 acerbitatem
1069 2002 1193 2038 adver-e

78 2073 136 2098 sus
153 2062 341 2112 hospitem,
357 2066 548 2111 utcumque
562 2067 626 2106 est,
645 2064 790 2101 subibo:
817 2067 908 2101 sicut
927 2065 1069 2107 medici,
1085 2078 1196 2115 quum

81 2125 206 2163 salutis
223 2137 346 2161 caussa
366 2127 525 2162 tristiora
539 2127 697 2163 remedia
716 2127 895 2165 adhibent.
953 2128 1011 2165 Ex
1024 2141 1093 2176 quo
1112 2141 1194 2177 reg-²

82 2201 167 2225 num
187 2189 337 2236 adeptus
355 2201 403 2232 es,
423 2202 532 2228 unam
546 2202 620 2228 rem
637 2195 683 2234 te,
705 2204 782 2240 quae
790 2191 971 2243 fitcienda
985 2191 1121 2242 fuerit,
1140 2206 1194 2230 se=

79 2256 187 2288 natus
193 2250 327 2301 fecisse
345 2259 458 2289 censet
467 2270 481 2297 ‚-
509 2255 605 2304 quod
630 2255 766 2302 legatos
783 2255 935 2293 Romam
955 2257 1002 2292 ad
1020 2268 1194 2293 renovatio

13 2324 16 2325 ’
81 2317 168 2355 dum
183 2315 207 2338 *Γ
222 2315 245 2338 ³⁶
261 2315 284 2338 ÷÷
296 2313 443 2361 judicat
452 2319 586 2367 potius,
603 2331 724 2367 quam,
741 2333 850 2370 quum
865 2326 1076 2360 renovatum
1091 2326 1192 2366 esset„

133 2377 235 2417 Vm„
265 2378 333 2417 IV.
613 2379 654 2419 R
