1546 2648
357 230 511 260 LIBER
536 228 688 257 XLIII·
720 227 826 256 cAP.
852 227 940 258 111.
1100 231 1184 274 399

82 319 229 358 solutus
249 326 306 358 est
331 333 429 357 reus.
484 317 683 356 Dissensio
703 316 802 353 inter
820 316 979 352 duarum
996 319 1186 368 provinei-
1200 330 1244 360 U.
1261 330 1299 361 c.
1317 334 1389 362 581.

83 397 189 421 arum
218 384 363 433 legatos
394 389 450 419 est
478 387 585 418 orta:
618 380 802 417 citerioris
831 379 1028 430 Hispania}
1058 382 1190 433 populi
1201 374 1240 405 A·
1257 374 1296 405 C·
1314 381 1389 410 17²¹·

80 447 139 486 M.
156 448 343 485 Catonem
362 453 400 484 et
420 447 661 497 Scipionem3
688 444 875 481 ulterioris
895 443 942 481 L.
958 444 1132 483 Paullum
1153 455 1190 484 et

72 511 234 561 ¹Gallum
255 511 463 562 Sulpicium
482 517 664 561 patronos
685 515 911 546 sumserunt.
954 510 1016 545 Ad
1036 523 1192 561 recupe-

78 582 225 614 ratores
246 575 399 612 adducti
418 589 439 612 a
460 573 697 612 citerioribus
717 573 865 625 populis
885 574 928 610 P.
946 573 1080 610 Furius
1100 576 1192 612 Phi-

79 640 153 684 luS‚
180 640 228 678 ab
257 640 499 678 ulterioribus
528 639 585 676 M.
606 639 812 676 Matienus,
868 638 938 675 Ille
968 639 1032 689 Sp.
1051 639 1191 676 Postu-

81 708 175 751 mio,
195 709 244 748 Q.
259 707 394 745 Mucio
414 706 632 744 consulibus
651 707 817 743 triennio
837 713 940 749 ante,
955 707 1018 742 hic
1037 706 1194 744 biennio

82 772 201 821 prius,
221 771 267 808 L.
288 772 501 814 Postumio,
523 770 580 807 M.
599 769 765 820 Popillio
793 769 1026 813 consulibus,
1054 778 1196 820 praetor

83 834 219 872 fuerat.
250 836 490 872 Gravissimis
508 833 728 870 criminibus
745 835 911 870 accusati
931 834 1043 870 ambo
1061 835 1196 885 ampli-

85 898 213 946 atique
229 914 236 934 :
260 911 375 947 quum
395 899 552 934 dicenda
571 898 616 933 de
633 898 782 945 integro
803 910 934 933 caussa
953 906 1065 941 esset,
1083 911 1196 935 excu-

87 961 159 996 sati
179 960 300 997 exsilii
317 973 449 997 caussa
468 960 590 996 solum
610 961 777 995 vertisse.
834 960 969 996 Furius
989 961 1195 1004 Praeneste,

86 1023 280 1060 Matienus
313 1024 434 1060 Tibur
466 1023 677 1059 exsulatum
711 1023 898 1059 abierunt.
955 1023 1072 1060 Fama
1102 1033 1195 1068 erat,

87 1087 281 1137 prohiberi
297 1101 319 1124 a
333 1089 502 1138 patronis
519 1086 665 1123 nobiles
686 1100 730 1123 ac
748 1093 923 1137 pote-ntes
944 1088 1170 1138 compellare
1187 1106 1194 1129 -,

91 1154 270 1202 auxitque
296 1167 379 1190 eam
405 1154 659 1203 suspicionem
678 1152 882 1188 Canuleius
909 1160 1061 1202 praetor,
1083 1156 1197 1203 quod,

90 1218 229 1253 omissa
248 1230 292 1253 ea
310 1230 364 1260 re,
382 1217 566 1253 delectum
585 1216 726 1252 habere
741 1217 924 1252 instituit:
946 1217 1031 1252 dein
1045 1227 1199 1268 repente

90 1281 128 1315 in
149 1282 383 1330 provinciam
409 1281 516 1323 abiit,
537 1293 584 1316 ne
603 1280 727 1330 plures
747 1280 794 1316 ab
816 1280 997 1330 Hispanis
1019 1295 1200 1319 vexaren-

90 1350 164 1380 tur.
221 1344 296 1386 Ita,
316 1345 516 1394 praeteritis
546 1345 698 1381 silentio
725 1345 950 1388 obliteratis,
972 1346 1008 1381 in
1033 1347 1204 1384 futurum

93 1406 308 1443 consultum
327 1407 374 1443 ab
395 1414 530 1448 senatu
550 1407 748 1458 HispaniS,
766 1409 867 1457 quod
886 1410 1138 1458 inpetrarunt,
1156 1425 1204 1447 ne

92 1469 273 1506 frumenti
303 1472 594 1508 aestimationem
627 1473 870 1520 magistratus
906 1472 1102 1510 Romanus
1134 1475 1203 1511 ha-

93 1532 223 1579 beret3
264 1547 358 1571 neve
390 1542 545 1583 cogeret
573 1536 768 1571 vicesimas
799 1536 959 1572 vendere
993 1536 1203 1587 Hispanos,

95 1598 227 1645 quanti
252 1598 332 1647 ipse
351 1597 486 1642 vellet3
519 1604 558 1633 et
582 1611 629 1634 ne
654 1598 823 1649 praefecti
848 1599 888 1634 in
915 1600 1054 1649 oppida
1073 1613 1140 1637 sua
1159 1602 1206 1638 ad

95 1661 274 1711 pecunias
294 1662 482 1710 cogendas
501 1662 786 1712 inponerentur.

149 1724 225 1762 III.
254 1725 307 1762 Et
336 1725 410 1762 alia
434 1727 524 1762 novi
551 1727 698 1774 generis
725 1726 923 1763 hominum
949 1740 995 1763 ex
1017 1727 1209 1778 Hispania

94 1788 236 1839 legatio
254 1790 381 1827 venit:
414 1803 460 1826 ex
485 1790 670 1826 militibus
690 1790 876 1827 Romanis
898 1798 935 1827 et
955 1805 1001 1828 ex
1023 1792 1209 1842 Hispanis.

95 1853 329 1897 mulieribus,
346 1867 431 1890 cum
451 1854 586 1903 quibus
608 1855 843 1891 connubium
863 1868 941 1891 non
961 1864 1073 1899 esset,
1094 1867 1206 1893 natos

99 1929 138 1954 se
155 1924 424 1962 memorantes,
442 1931 555 1968 supra
573 1926 736 1967 quatuor
754 1919 872 1955 millia
890 1920 1103 1963 hominnm,
1121 1934 1207 1957 ora-

98 1981 206 2025 bant,
227 1988 268 2018 ut
296 1982 369 2018 sibi
397 1983 592 2032 oppidum,
619 1984 658 2019 in
688 1997 763 2032 quo
792 1983 1023 2026 habitarent,
1045 1984 1208 2021 daretur.

101 2046 259 2082 Senatus
280 2046 456 2089 decrevit,
477 2049 531 2083 uti.
549 2049 696 2083 nomina
713 2059 779 2082 sua
808 2049 904 2094 apud
930 2048 974 2083 L.
997 2047 1210 2083 Canuleium

98 2110 369 2157 profiterentur:
394 2123 584 2158 eorumque
600 2113 632 2146 si
650 2123 735 2159 quos
753 2113 1027 2153 manumisisset,
1042 2123 1099 2147 eos
1119 2112 1208 2148 Car-

104 2172 211 2208 teiam
238 2174 286 2208 ad
310 2185 478 2210 oceanum
501 2175 629 2210 deduci
650 2176 806 2222 placere.
864 2175 936 2215 Qui,
955 2174 1210 2212 Carteiensium

104 2235 200 2270 domi
217 2247 359 2273 manere
375 2239 518 2282 vellent,
534 2243 746 2287 potestatem
757 2238 858 2287 fore,
878 2240 931 2275 uti
949 2251 1095 2274 numero
1114 2240 1211 2292 colo-

102 2310 229 2334 norum
247 2304 370 2342 essent,
390 2313 476 2348 agro
493 2303 694 2350 adsignata.
745 2303 918 2339 Latinam
936 2313 1014 2337 eam
1034 2303 1212 2338 coloniam

94 2362 225 2411 fuisse,
243 2365 557 2416 libertinorumque
575 2369 766 2417 adpellari.
811 2366 957 2404 Eodem
975 2373 1146 2417 tempore
1165 2378 1221 2402 ex.
