1546 2648
343 171 428 226 360
478 173 482 179 “
769 182 817 210 τ.
834 181 968 211 mvn

149 283 194 313 U.
211 279 248 310 C.
262 281 336 309 581.
347 270 515 307 Marcius
532 269 727 320 respondit
741 284 749 306 z
780 271 931 318 singulis
945 271 1038 306 enim
1052 270 1253 306 civitatibus
1265 271 1308 306 de
1320 281 1358 306 se
1370 271 1456 319 ipsis

150 326 190 355 A·
204 323 242 354 C·
261 326 335 355 ¹⁷¹·
347 335 551 371 consulendi
562 338 774 383 potestatem
783 334 966 382 facturos.
1006 333 1277 370 Thessalorum
1290 332 1454 369 Larissae

343 400 419 436 fuit
449 398 674 436 concilium:
706 398 760 434 ibi
797 406 835 434 et
871 398 1064 435 Thessalis
1100 398 1268 446 benigna
1295 397 1455 434 materia

344 463 486 512 gratias
505 461 639 511 agendi
660 461 846 498 Romanis
875 474 945 512 pro
964 462 1150 498 libertatis
1179 474 1334 498 munere
1351 460 1452 506 fuit5

344 533 384 562 et
401 526 551 575 legatis,
572 525 687 575 quod,
707 532 746 561 et
774 525 939 575 Philippi
967 526 1070 575 prius
1100 531 1138 562 et
1166 531 1254 575 post
1271 524 1457 560 Antiochi

343 588 460 632 bello,
480 590 583 626 enise
603 588 720 638 adjuti
741 602 762 624 a
781 595 894 636 gente
907 588 1176 625 Thessalorum
1203 594 1351 624 essent:
1381 589 1455 624 hac

343 658 477 689 mutua
513 651 876 688 commemoratione
904 651 1126 686 meritorum
1155 651 1304 687 accensi
1338 650 1455 686 animi

344 716 596 752 multitudinis
617 716 664 751 ad
683 716 812 751 omnia
830 715 1080 758 decernenda,
1096 728 1179 764 quae
1194 714 1362 750 Romani
1375 713 1453 749 vel-

342 779 435 816 lent.
492 779 705 815 Secundum
723 778 797 815 hoc
813 778 1014 814 concilium
1030 778 1146 827 legati
1166 792 1188 814 a
1207 778 1346 814 Perseo
1365 789 1454 825 rege

154 849 260 889 Legati
275 858 295 879 a
344 849 542 885 venerunt,
576 842 711 892 privati
744 843 907 878 maxime
939 843 1095 893 hospitii
1120 841 1270 884 fiducia,
1289 840 1392 890 quod
1419 839 1455 876 ei

151 891 329 965 Ῑίἷὲῗὲξυῗὲ.
346 912 546 956 paternum
575 919 661 942 cum
685 905 836 942 Marcio
869 914 962 942 erat.
1019 906 1080 943 Ab
1099 905 1212 955 hujus
1246 905 1454 941 necessitu-

345 969 442 1006 dinis
462 969 824 1006 commemoratione
838 969 929 1012 orsi,
950 969 1140 1018 petierunt
1155 968 1285 1016 legati,
1303 968 1340 1003 in
1359 979 1454 1003 con-

343 1032 514 1080 loquium
536 1031 707 1067 veniendi
727 1033 807 1080 regi
825 1038 1054 1081 potestatem
1074 1031 1227 1068 faceret.
1267 1030 1453 1072 Marcius,

343 1097 395 1133 Et
411 1107 449 1132 se
468 1097 520 1132 ita
539 1108 561 1131 α
583 1100 689 1143 patre
717 1108 780 1131 suo
798 1097 984 1143 accepisse,
1015 1096 1125 1137 dixit,
1145 1096 1343 1131 amicitiam
1375 1094 1454 1130 hos-

339 1160 540 1206 pitiumque
572 1170 651 1194 cum
681 1158 854 1206 Philippo
878 1158 1022 1206 fuisse:
1053 1159 1199 1194 minime
1230 1158 1455 1193 inmemorem

342 1222 606 1258 necessitudinis
631 1221 704 1268 ejus
723 1223 936 1270 legationem
964 1234 1044 1258 eam
1069 1222 1266 1269 suscepisse.
1325 1220 1453 1257 Conlo-

341 1286 478 1333 quium,
493 1286 524 1321 si
540 1286 628 1321 satis
646 1286 826 1322 commode
843 1286 992 1327 valeret,
1011 1297 1082 1320 non
1096 1283 1217 1332 fuisse
1234 1284 1454 1320 dilaturum.-

340 1360 446 1390 nunc,
461 1348 684 1396 ubiprimum
701 1354 832 1397 posset,
849 1351 898 1386 ad
914 1351 1074 1386 Peneum
1078 1350 1233 1400 flumen,
1250 1361 1322 1397 qua
1333 1353 1451 1385 trans-

340 1413 412 1447 itus
439 1411 483 1447 ab
509 1411 679 1448 Homolio
715 1413 834 1449 Dium
867 1418 966 1456 esset,
993 1414 1198 1462 proemissis,
1235 1413 1297 1462 qui
1326 1413 1453 1449 nunci-

340 1484 444 1515 arent
462 1481 552 1525 regi,
570 1484 747 1516 venturos.

392 1541 594 1579 XXXIX.
623 1542 675 1578 Et
691 1549 773 1579 tum
789 1543 940 1592 quidem
960 1543 1007 1579 ab
1020 1543 1099 1580 Dio
1118 1544 1276 1581 Perseus
1296 1545 1335 1580 in
1350 1545 1450 1581 inte-

338 1607 439 1642 riora
458 1606 565 1654 regni
593 1606 728 1655 recipit
754 1618 807 1649 se,
829 1606 901 1642 levi
931 1619 1022 1643 aura
1051 1608 1134 1658 spei
1163 1607 1329 1658 objecta,
1349 1608 1450 1657 quod

338 1666 506 1705 Marcius
525 1667 642 1718 ipsius
673 1680 805 1704 caussa
825 1670 1034 1719 suscepisse
1060 1682 1099 1706 se
1121 1670 1351 1719 legationem
1367 1670 1450 1708 ‹lix-

337 1731 440 1768 isset.
497 1730 591 1767 Post
607 1730 684 1767 dies
704 1743 845 1781 paucos
866 1732 913 1768 ad
926 1733 1176 1769 constitutum
1195 1732 1321 1769 locum
1335 1745 1449 1770 vene-

143 1790 264 1836 conlo·
337 1800 437 1831 runt,
492 1793 658 1842 Magnus
679 1795 881 1832 comitatus
901 1795 975 1832 fnit
1004 1797 1142 1846 regius,
1162 1809 1278 1846 quum
1304 1798 1447 1834 amico-

141 1841 284 1904 jifft'grss-
336 1871 433 1902 rum,
463 1863 544 1895 tum
574 1859 780 1895 satellitum
804 1859 917 1897 turba
947 1862 1124 1912 stipante.
1180 1860 1272 1898 Non
1301 1863 1447 1899 minore

142 1926 216 1955 gem
233 1923 266 1988 θὲ
278 1916 322 1946 le-
336 1923 488 1971 agmine
506 1922 623 1970 legati
643 1929 838 1966 venerunt,
860 1929 898 1959 et
922 1923 970 1960 ab
989 1924 1144 1962 Larissa
1168 1924 1296 1961 multis
1315 1938 1446 1976 prose-

142 1966 304 2033 {32225'0’
336 1983 553 2034 quentibus,
574 1990 611 2021 et
630 1984 885 2034 legationibus
913 1987 1136 2030 civitatium,
1157 2000 1240 2036 quae
1259 2000 1448 2026 convene-

335 2054 422 2085 rant
439 2048 646 2091 Larissam,
666 2056 705 2085 et
723 2050 944 2086 renunciare
965 2050 1115 2086 domum
1137 2058 1254 2094 certa,
1275 2064 1357 2100 quae
1378 2064 1446 2089 au-

335 2112 494 2154 dissent,
513 2111 705 2151 volebant.
762 2111 892 2150 Inerat
912 2126 1001 2150 cura
1017 2114 1130 2150 insita
1148 2114 1371 2151 mortalibus
1390 2117 1448 2154 vi·

334 2175 446 2211 (leudi
463 2175 749 2223 congredientes
769 2176 937 2214 nobilem
950 2189 1091 2226 regem,
1106 2185 1144 2216 et
1156 2178 1286 2229 populi
1304 2179 1445 2230 princi-

332 2238 389 2289 pis
415 2243 601 2275 terrarum
627 2239 796 2276 omnium
833 2240 994 2288 legatos.
1050 2241 1258 2291 Postquam
1287 2242 1326 2279 in
1354 2254 1446 2280 con-

327 2307 458 2354 spectu
478 2307 677 2347 steterunt,
709 2302 919 2343 dirimente
948 2317 1072 2351 amne,
1093 2305 1300 2360 paullisper
1330 2307 1449 2346 inter·
