1546 2648
91 322 135 356 U.
148 325 184 356 C.
202 331 275 358 563.

92 367 134 398 A.
147 368 182 400 C.
204 375 274 402 189.

282 216 338 260 60
463 213 467 220 “
737 226 786 256 Τ.
811 227 947 257 m-vn

287 331 399 367 quem
437 317 604 368 collega:
651 330 764 355 naves
802 331 952 368 quoque
996 318 1093 355 idem
1137 315 1284 363 consul,
1321 328 1403 369 quae

286 384 412 434 priore
432 396 533 420 anno
558 389 699 434 paratae
729 389 850 427 erant,
871 395 1006 419 ornare
1028 383 1172 433 jussus,
1194 397 1238 420 ac
1267 383 1402 420 ducere

283 458 436 484 secum:
468 461 539 485 nec
567 461 652 484 cum
679 447 822 484 AEtolis
852 447 975 484 solum
1003 447 1145 484 bellum
1174 460 1317 497 gerere,
1337 446 1403 483 sed

286 513 400 548 etiam
428 513 465 548 in
487 512 774 563 Cephalleniam
804 511 965 547 insulam
995 511 1181 562 trajicere.
1236 511 1402 548 Manda-

283 581 366 612 tum
387 577 521 620 eidem,
542 583 598 620 ut,
619 578 650 612 si
677 589 743 626 per
761 576 1002 612 commodum
1032 576 1248 627 reipublicae
1275 576 1401 613 facere

283 649 427 691 posset,
451 647 491 677 nt
519 641 564 677 ad
595 640 751 676 comitia
779 639 945 676 Romam
974 640 1137 676 rediret:
1170 653 1272 683 nam,
1301 653 1400 690 prae-

282 709 457 754 terquam
476 704 576 754 quod
599 704 841 752 magistratus
863 704 977 739 annui
999 703 1229 752 subrogandi
1258 709 1399 747 essent,

282 781 457 805 censores
479 781 627 818 quoque
647 767 794 818 placere
814 768 955 804 creari:
989 769 1019 804 si
1040 781 1114 817 qua
1138 780 1196 804 res
1227 781 1311 804 eum
1340 774 1400 804 te-

280 841 402 878 neret,
423 841 598 871 senatum
614 834 814 870 certiorem
841 833 995 876 faceret,
1017 845 1056 868 se
1083 833 1130 869 ad
1156 832 1399 868 comitiorum

280 904 430 949 tempus
461 898 663 935 obcurrere
699 910 777 934 non
809 910 932 948 posse.
989 896 1138 933 AEtolia
1169 895 1226 932 M.
1246 895 1396 939 Fulvio,

281 964 376 1001 Asia
396 963 465 999 Cn.
482 961 630 999 Manlio
651 968 752 998 sorte
772 962 909 997 evenit.
955 960 1141 996 Praetores
1162 959 1296 996 deinde
1316 972 1398 995 sor-

279 1029 342 1065 titi
371 1035 472 1072 sunt,
504 1029 567 1079 Sp.
584 1028 802 1064 Postumius
831 1027 992 1064 Albinus
1020 1027 1201 1064 urbanam
1232 1034 1270 1063 et
1298 1027 1398 1063 inter

279 1093 512 1142 peregrinos,
542 1092 599 1128 M.
621 1091 865 1141 Sempronius
896 1091 1109 1127 Tuditanus
1140 1090 1322 1133 Siciliam,
1343 1091 1394 1130 Q.

281 1155 420 1192 Fabius
440 1156 571 1191 Pictor
597 1155 732 1191 flamen
763 1154 970 1193 Quirinalis
1002 1154 1228 1197 Sardiniam,
1251 1155 1301 1191 Q.
1321 1153 1395 1190 Fa-

279 1219 364 1256 bius
396 1219 531 1256 Labeo
562 1218 732 1261 classem,
753 1218 800 1255 L.
821 1218 991 1255 Plautius
1027 1218 1215 1268 Hypsaeus
1254 1218 1394 1268 Hispa-

279 1285 382 1320 niam
412 1283 640 1326 citeriorem,
661 1283 706 1319 L.
723 1282 876 1319 Baebius
903 1282 1019 1319 Dives
1042 1282 1268 1333 Hispaniam
1297 1282 1394 1319 ulte·

278 1349 429 1385 riorem.
487 1346 624 1384 Siciliae
644 1346 744 1395 Jegio
764 1359 838 1382 una
858 1352 896 1382 et
915 1346 1058 1389 elassis,
1079 1359 1162 1395 quae
1181 1347 1219 1382 in
1241 1359 1285 1383 ea
1304 1359 1392 1396 pro-

279 1412 405 1448 vincia
432 1417 526 1453 erat,
548 1411 717 1456 decreta3
751 1415 788 1446 et
819 1417 858 1445 ut
888 1410 978 1446 duas
1008 1410 1182 1446 decumas
1212 1410 1392 1446 frumenti

278 1487 399 1512 novus
429 1481 570 1526 praetor
598 1475 800 1524 imperaret
830 1474 978 1517 Siculis,
1009 1486 1135 1510 earum
1166 1473 1322 1510 alteram
1351 1475 1392 1510 in

280 1540 425 1583 Asiam,
464 1538 620 1575 alteram
657 1539 696 1574 in
733 1537 920 1574 AEtoliam
965 1538 1143 1574 mitteret.
1200 1536 1306 1574 Idem
1344 1537 1392 1574 ab

278 1603 406 1640 Sardis
427 1603 541 1652 exigi,
562 1608 676 1651 atque
696 1602 742 1637 ad
762 1601 913 1637 eosdem
943 1601 1128 1638 exereitus
1158 1601 1194 1637 id
1224 1601 1391 1637 frumen-

275 1675 373 1710 tum,
394 1667 441 1703 ad
460 1679 553 1716 quos
572 1665 755 1709 Siculum,
774 1665 966 1715 deportari
979 1664 1142 1715 jussum.
1197 1665 1243 1702 L.
1259 1665 1392 1702 Baebio

276 1731 580 1782 supplementum
610 1731 647 1766 in
678 1729 905 1780 Hispaniam
935 1729 1062 1766 datum
1094 1729 1195 1766 mille
1224 1729 1392 1767 Romani

275 1797 435 1846 pedites,
456 1796 600 1845 equites
622 1794 912 1844 quinquaginta,
933 1801 971 1830 et
991 1807 1055 1830 sex
1076 1794 1193 1830 millia
1221 1795 1391 1844 peditum

275 1861 406 1897 Latini
431 1861 611 1902 nominis,
641 1859 794 1896 ducenti
824 1860 980 1908 equites
1038 1858 1189 1895 Plautio
1220 1859 1388 1909 Hypsaeo

274 1927 313 1962 in
335 1925 560 1976 Hispaniam
581 1925 792 1960 citeriorem
813 1923 913 1960 mille
932 1923 1098 1959 Romani
1119 1924 1194 1960 dati
1216 1931 1303 1960 sunt
1323 1937 1389 1974 pe-

271 1991 385 2033 dites,
406 1990 481 2026 duo
501 1989 618 2026 millia
637 1989 782 2026 socium
808 1988 939 2025 Latini
968 1989 1146 2029 nominis,
1169 1995 1205 2024 et
1235 1989 1387 2025 ducenti

272 2057 445 2105 equites:
477 2068 560 2091 cum
582 2056 639 2091 his
660 2054 929 2105 supplementis
955 2061 995 2090 ut
1025 2053 1190 2102 singulas
1219 2054 1387 2103 legiones

271 2120 357 2156 ‹luae
378 2119 574 2170 Hispaniae
594 2118 789 2155 haberent.
827 2118 967 2154 Prioris
985 2119 1072 2154 anui
1091 2118 1387 2167 magistratibuS,

272 2185 319 2220 C.
339 2183 461 2220 Laelio
491 2196 574 2219 cum
607 2195 676 2219 suo
709 2183 875 2219 exercitu
905 2190 1152 2233 prorogatum
1182 2184 1219 2218 in
1246 2195 1386 2220 annum

271 2248 471 2298 imperium
499 2254 578 2283 est:
615 2254 863 2297 prorogatum
890 2254 930 2283 et
953 2247 995 2284 P.
1013 2247 1130 2283 Junio
1160 2248 1386 2297 propraetori

269 2312 310 2348 in
330 2312 482 2347 Etruria
502 2324 586 2347 cum
606 2324 651 2348 eo
672 2312 853 2354 exercitu,
872 2312 939 2360 qui
968 2312 1005 2346 iu
1034 2311 1228 2361 provincia
1257 2318 1381 2360 esset,-

265 2382 307 2411 εί
326 2376 382 2413 M.
398 2376 543 2413 Tuccio
563 2376 788 2427 propraetori
807 2377 846 2413 in
868 2375 1030 2413 Bruttiis
1051 2383 1087 2412 et
1107 2375 1258 2427 Apulia.
