1546 2648
101 235 144 266 U.
157 236 193 266 C.
209 242 280 268 563.

98 279 139 309 Α.
154 279 191 310 C.
212 286 282 312 189.

96 1705 210 1736 Achaei
226 1705 258 1736 in

97 1750 243 1780 Lacedae-

98 1792 225 1822 monios

96 1834 223 1865 bellum

89 1878 277 1913 decernunt,

297 145 378 186 114
728 147 773 176 T.
798 147 928 178 mvn

295 235 497 272 concilium
517 235 759 285 querentibus
779 237 904 273 dedit:
937 237 1216 287 decretumque,
1238 250 1284 274 eo
1304 237 1401 275 refe-

292 305 413 342 rente,
433 300 576 336 factum
596 306 666 343 est,
689 301 807 342 Quum
828 303 864 337 in
870 303 986 351 fidem
1004 302 1215 338 Achaeorum
1236 304 1403 339 tutelam-

293 376 360 412 que
383 364 424 400 T.
446 364 633 405 Quinctius
659 369 693 400 et
718 364 877 400 Romani
909 366 1096 402 Laconicae
1115 378 1185 402 orae
1203 367 1352 402 castella
1371 370 1406 401 et

290 429 384 464 vicos
404 429 644 471 tradidissent,
665 434 712 470 et,
734 441 841 476 quum
860 429 1032 465 abstinere
1050 429 1103 466 his
1121 429 1308 478 exsoedere
1326 430 1402 465 La-

291 493 495 528 cedaemonii
515 493 689 535 deberent,
711 493 785 528 Las
802 495 898 530 vicus
913 493 1136 542 obpugnatus
1155 500 1254 537 esset,
1276 495 1405 530 caedes-

292 567 359 603 que
381 556 428 591 ibi
448 555 581 603 facta5
610 557 670 604 qui
695 555 768 601 ejus
790 558 843 592 rei
870 561 1031 593 auctores
1052 558 1252 606 adfinesque
1277 562 1404 600 essent,

289 622 358 657 nisi
386 623 598 657 dederentur
625 621 780 665 Acltaeis,
809 623 985 658 violatam
1017 624 1130 658 videri
1152 622 1287 671 soedus.
1342 623 1404 659 Ad

291 685 549 733 exposcendos
596 696 659 720 eos
702 684 818 733 legati
856 684 1046 734 extemplo
1090 685 1403 722 Lacedaemonem

291 747 395 782 missi
416 753 515 783 sunt.
572 747 616 783 Id
637 748 835 798 imperium
866 748 960 783 adeo
980 748 1183 797 superbum
1213 754 1252 784 et
1280 748 1403 797 indig-

291 822 384 845 num
403 809 702 848 Lacedaemoniis
730 812 849 847 visum
873 818 944 854 est,
966 818 1021 854 ut,
1043 812 1074 847 si
1094 813 1250 861 antiqua
1270 813 1404 849 civita·

291 873 340 909 tis
360 873 514 910 fortuna
535 881 645 918 esset,
665 875 767 912 haud
787 875 899 911 dubie
919 887 1023 910 arma
1042 875 1232 925 extemplo
1257 877 1404 925 capturi

290 936 456 973 fuerint:
488 939 651 975 maxime
677 945 803 975 autem
834 939 1091 975 consternavit
1119 951 1183 975 eos
1214 945 1350 982 metus,
1371 939 1404 976 si

290 1001 408 1037 semel
426 1002 555 1052 primis
576 1003 741 1052 imperiis
762 1003 974 1040 obediendo
997 1003 1135 1053 jugum
1154 1004 1404 1054 accepissent,

291 1077 354 1108 ne,
375 1065 413 1102 id
433 1065 628 1116 quodjam
654 1067 718 1103 diu
741 1067 952 1112 moliretur,
977 1067 1244 1117 Philopoemen
1265 1066 1403 1104 exsuli-

291 1126 362 1165 bus
394 1127 710 1166 Lacedaemonem
739 1131 917 1167 traderet.
974 1130 1158 1167 Fui-entes
1192 1131 1306 1179 igitur
1335 1131 1405 1174 ira,

290 1191 451 1240 triginta
473 1193 692 1229 homiuibus
723 1206 770 1230 ex
798 1193 980 1237 factione,
1012 1207 1097 1230 cum
1126 1207 1201 1243 qua
1225 1193 1407 1230 consilio·

292 1267 375 1292 rum
410 1255 537 1305 aliqua
573 1257 733 1293 societas
764 1256 1045 1307 Philopoemeni
1074 1263 1187 1306 atque
1215 1256 1405 1293 exsulibus

293 1326 388 1364 erat,
409 1321 632 1365 interfectis,
650 1322 908 1364 decreverunt,
929 1321 1222 1358 renunciandam
1242 1321 1404 1357 societa-

291 1391 370 1421 tem
389 1385 553 1428 Achaeis,
571 1385 790 1434 legatosque
808 1385 998 1436 extemplo
1013 1384 1300 1435 Cephalleniam
1315 1384 1404 1420 mit-

291 1448 442 1492 tendos,
463 1450 525 1498 qui
547 1449 694 1485 consuli
712 1450 769 1486 M.
789 1449 939 1493 Fulvio,
960 1449 1098 1499 quique
1118 1448 1303 1484 Romanis
1324 1447 1402 1484 La-

292 1512 547 1549 cedaemonem
573 1513 775 1558 dederent3
809 1519 1035 1562 orarentque
1065 1525 1164 1555 eum,
1193 1519 1235 1547 ut
1263 1512 1407 1548 veniret

291 1576 333 1612 in
352 1576 658 1628 Peloponnesum
678 1578 724 1614 ad
742 1577 873 1614 urbem
899 1577 1215 1613 Lacedaemonem
1234 1576 1274 1612 in
1294 1575 1405 1612 fidem

292 1640 549 1689 ditionemque
569 1641 700 1691 populi
719 1641 887 1677 Romani
908 1640 1178 1690 accipiendam.

346 1704 526 1745 XXXII.
558 1705 601 1742 Id
619 1705 679 1741 ubi
702 1705 816 1754 legati
837 1705 882 1741 ad
899 1705 1060 1741 Achaeos
1081 1703 1305 1747 retulerunt,
1323 1716 1405 1740 om-

290 1768 397 1804 nium
423 1769 647 1811 civitatium,
668 1781 750 1817 quae
780 1767 859 1818 ejus
888 1767 1040 1805 concilii
1067 1773 1188 1810 erant,
1218 1778 1405 1804 consensu

293 1831 431 1868 bellum
467 1831 767 1869 Lacedaemoniis
799 1832 981 1868 indictum
1012 1840 1088 1868 est:
1129 1843 1177 1866 ne
1211 1829 1401 1880 extemplo

290 1902 497 1944 gereretur,
517 1896 637 1932 hiems
658 1895 828 1946 inpediit.
869 1895 1155 1933 Inoni-sionibus
1173 1901 1300 1930 tamen
1316 1906 1404 1944 par-

289 1961 360 2004 vis,
385 1960 576 1998 latrocinii
609 1961 728 2008 magis
758 1972 870 2008 quam
904 1959 993 1996 belli
1027 1959 1158 2002 niodo,
1189 1971 1267 1994 non
1303 1965 1405 1995 terra

289 2029 453 2066 tantum,
475 2024 540 2061 sed
569 2024 682 2059 etiam
711 2023 867 2059 navibus
896 2037 918 2060 a
945 2024 1036 2059 mari
1059 2023 1150 2059 fines
1169 2034 1298 2058 eorum
1319 2034 1404 2057 vas·

289 2088 375 2123 tati.
432 2087 508 2123 Hic
527 2087 711 2123 tumultus
732 2087 924 2123 consulem
950 2089 987 2123 in
1009 2087 1314 2136 Peloponnesum
1334 2085 1400 2121 ad-

289 2152 414 2196 duxit5
440 2149 626 2201 jussuque
646 2149 724 2200 ejus
748 2151 835 2187 Elin
857 2151 1019 2189 concilio
1039 2151 1198 2191 indicto,
1219 2149 1401 2185 Lacedae-

290 2215 407 2251 monii
430 2215 476 2251 ad
495 2215 778 2264 disceptandum
800 2215 924 2251 adciti.
981 2214 1126 2263 Magna
1152 2213 1203 2249 ibi
1226 2225 1303 2249 non
1324 2213 1399 2248 dis-

290 2279 457 2331 ceptatio
473 2279 601 2324 modo,
622 2280 687 2316 sed
706 2280 818 2319 etiam
841 2279 1038 2318 altercatio
1054 2279 1125 2316 fuit
1142 2293 1148 2314 ι
1172 2278 1232 2314 cui
1252 2276 1398 2322 consul,
