1546 2648
435 135 642 164 mnnon.
665 134 884 163 DEPERD.
1127 130 1213 177 549

101 221 227 279 edidit,
249 237 351 278 adeo,
371 237 480 272 etiam
499 246 616 271 versus
644 236 683 270 in
711 239 902 277 senectam,
922 235 1050 282 viguit,
1072 239 1111 271 ut
1135 237 1218 282 post

101 305 236 336 sextum
257 305 292 335 et
311 300 562 347 octogesimum
579 310 713 334 annum
734 299 860 347 filium
883 299 1060 345 genuerit.
1117 298 1219 334 Inter

106 367 175 399 tres
194 364 318 399 liberos
342 361 428 408 ejus,
450 363 644 397 maximum
663 365 754 397 natu
780 362 986 409 Micipsam,
1012 362 1216 402 Gulussam,

104 427 406 469 Mastanabalem,
435 428 497 474 qui
522 427 632 461 etiam
657 425 790 461 Graecis
814 426 926 461 literis
950 427 1107 461 eruditus
1125 429 1217 467 erat,

105 491 150 528 P.
167 491 289 539 Scipio
308 490 533 526 AElmilianus
561 490 688 536 (quum
715 500 899 525 commune
930 490 980 524 eis
1006 492 1114 536 pater
1138 500 1219 535 reg-

104 567 189 591 num
221 555 429 603 reliquisset,
461 559 497 589 et
528 554 686 589 dividere
711 565 768 589 eos
793 553 929 589 arbitro
955 553 1121 600 Scipione
1139 551 1220 598 jus-

104 620 234 663 sisset,)
254 624 378 667 partes
397 619 679 654 administrandi
697 619 799 665 regni
819 619 952 654 divisit.
1009 617 1104 653 Item
1118 615 1220 652 Pha-

106 696 203 720 mceae
221 683 432 725 Himilconi,
456 681 629 731 pra’fecto
659 684 817 730 equitum
843 682 1220 729 Karthaginiensium,

106 751 183 786 viro
200 748 313 798 forti,
347 754 381 784 et
414 747 511 794 cujus
537 750 720 797 praecipua
751 761 859 797 opera
889 750 991 785 Poeni
1015 748 1221 789 utebantur,

103 816 296 862 persuasit,
318 818 358 849 ut
377 815 425 849 ad
444 814 626 852 Romanos
655 825 735 849 cum
761 815 922 862 equitatu
950 826 1014 849 suo
1043 815 1223 850 transiret.

108 878 168 913 Ex
187 878 298 913 tribus
323 878 463 924 legatis,
493 878 553 924 qui
585 878 635 912 ad
664 877 893 913 AWasinissam
929 878 1026 913 missi
1051 876 1223 925 fuerant,

110 942 281 978 Claudius
300 941 508 983 Marcellus,
529 945 652 976 coorta
680 945 900 988 tempestate,
917 940 1092 990 fluctibus
1121 939 1225 976 obru-

109 1011 165 1041 tus
183 1010 246 1042 est.
303 1004 626 1052 Karthaginienses
651 1004 928 1046 Hasdrubalem,
946 1005 1146 1039 Masinissae
1163 1014 1224 1039 ne-

106 1074 242 1118 potem,
273 1081 372 1118 quem
404 1073 593 1116 praetorem
622 1068 808 1111 habebant,
836 1069 1054 1116 proditionis
1084 1079 1224 1115 suspec-

111 1138 200 1176 tum,
222 1135 258 1169 in
279 1136 378 1170 curia
397 1135 602 1170 occiderunt
615 1150 626 1170 .·
656 1146 733 1182 quse
752 1135 904 1182 suspicio
924 1135 1004 1170 incle
1028 1134 1223 1175 emanavit,

109 1199 203 1245 quod
227 1200 448 1246 propinquus
479 1203 568 1234 esset
602 1199 776 1240 Gulussce,
807 1198 1052 1234 Romanorum
1086 1197 1225 1233 auxilia

101 1259 276 1307 juvantis.
334 1262 380 1298 P.
397 1261 519 1310 Scipio
538 1262 777 1304 AEmilianus,
807 1274 915 1310 quum
937 1262 1145 1298 aedilitatem
1161 1271 1225 1308 pe-

113 1329 215 1367 teret,
237 1326 358 1361 consul
377 1337 399 1361 α
414 1326 550 1373 populo
571 1326 700 1367 dictus,
725 1327 891 1373 quoniam
918 1337 984 1373 per
1003 1337 1114 1360 annos
1143 1336 1227 1360 con-

109 1389 222 1424 sulem
237 1389 326 1437 fieri
355 1401 425 1424 non
452 1389 594 1430 licebat,
615 1400 694 1424 cum
724 1401 854 1435 magno
882 1390 1076 1424 certamine
1096 1388 1227 1436 suffia-

108 1454 231 1500 gantis
259 1453 386 1502 plebis,
420 1457 456 1489 et
483 1453 765 1502 repugnantibus
795 1454 1020 1501 aliquamdiu
1042 1452 1225 1494 Patribus,

112 1516 243 1564 legibus
269 1517 419 1559 solutus,
454 1521 487 1552 et
524 1518 649 1552 consul
681 1522 822 1552 creatus
852 1521 914 1552 est.
962 1516 1030 1551 Μ’.
1051 1515 1253 1550 Μαηίίἱιιεἰ

110 1580 250 1626 aliquot
286 1580 386 1615 urbes
426 1581 697 1627 circumpositas
739 1580 962 1626 Karthagini
998 1579 1227 1626 expugnavit.

111 1643 440 1692 Pseudophilippus
458 1645 493 1679 in
514 1643 746 1687 Macedonia,
780 1656 865 1680 coeso
896 1656 973 1679 cum
1004 1644 1160 1678 exercitu
1180 1641 1226 1677 P.

108 1708 279 1745 Juventio
304 1714 471 1757 praetore,
493 1722 515 1744 α
537 1709 580 1750 Q.
598 1709 739 1745 Coecilio
757 1710 870 1744 victus
888 1712 1080 1755 captusque
1099 1710 1161 1747 est,
1192 1700 1227 1740 e't

110 1778 253 1821 recepta
272 1774 500 1811 Macedonia.

629 1869 701 1906 LI.

116 1940 442 1998 KARTHAGO,
471 1957 508 1992 ‘in
540 1957 694 1992 circuitu
724 1955 844 1990 millia
877 1953 1007 2000 viginti
1042 1953 1113 1987 tria
1143 1963 1229 1999 pas-

111 2029 215 2057 suum
231 2025 371 2068 patens,
403 2029 531 2067 magno
551 2020 671 2055 labore
689 2019 835 2059 obsessa,
858 2022 894 2052 et
919 2028 983 2064 per
1002 2020 1126 2063 partes
1144 2027 1229 2062 cap-

116 2088 156 2119 ta
173 2087 248 2127 est,·
275 2085 431 2131 primum
452 2097 474 2120 a
494 2084 665 2120 Mancino
692 2085 824 2130 legato,
858 2081 986 2117 deinde
1016 2093 1039 2115 a
1065 2079 1233 2127 Scipione

114 2148 268 2188 consule,
295 2149 353 2183 cui
380 2153 481 2185 extra
507 2153 636 2184 sortem
663 2149 853 2196 provincia
868 2145 998 2193 Africa
1022 2145 1111 2180 elata
1140 2147 1230 2178 erat.

112 2209 444 2257 Karthaginienses,
474 2217 584 2260 portu
614 2224 704 2248 novo
733 2212 833 2258 (quia
861 2214 962 2245 vetus
986 2208 1180 2243 obstructus
1208 2218 1231 2240 ιι

114 2274 281 2322 Scipione
299 2274 393 2320 erat)
406 2274 529 2325 facto,
550 2280 585 2312 et
604 2279 791 2312 contracta
809 2274 906 2310 clam
932 2273 1058 2319 exiguo
1078 2275 1233 2316 tempore
