1546 2648
243 362 307 413 T.
348 358 559 412 LIVII
602 358 1029 412 ‘PATAVINI

452 498 649 537 LIBER
685 498 818 536 XLII.

509 631 710 656 ..ψ-.-

192 746 502 785 POSTUMIUS
531 744 785 788 ALBINUS,
811 744 869 782 M.
890 744 1074 795 Popillius
1105 744 1192 782 Lae-
1209 750 1251 781 U.
1263 751 1300 783 C.
1317 756 1389 787 579„

161 812 172 824 ⁶
203 824 269 848 uas
292 824 403 860 quum
425 810 594 846 omnium
614 810 775 859 primum
796 809 841 845 de
860 809 1063 859 provinciis
1084 822 1192 846 exer·
1208 795 1298 828 A'C‘
1316 801 1388 829 173,

82 877 294 926 citibusque
323 875 370 911 ad
399 881 573 910 senatum
601 874 832 916 retulissent,
854 874 1013 922 Ligures
1043 874 1195 922 utrique

82 941 222 977 decreti
253 945 363 975 sunt:
396 947 439 974 ut
468 950 584 973 novas
616 937 744 980 ambo,
765 937 900 985 quibus
932 949 1014 972 eam
1040 937 1196 986 provin-

83 1005 179 1041 ciam
208 1004 439 1046 obtinerent,
466 1002 651 1051 legiones,
686 1001 802 1049 (binae
829 1000 987 1049 singulis
1015 1001 1192 1047 decretae)

83 1075 121 1105 et
150 1068 295 1105 socium
325 1067 457 1104 Latini
487 1067 651 1102 nominis
682 1066 779 1102 dena
812 1064 930 1101 millia
958 1065 1128 1115 peditum
1157 1072 1196 1100 et

83 1144 264 1168 sexcenos
295 1131 454 1179 equites,
486 1136 523 1165 et
557 1129 860 1180 supplementum
890 1128 1090 1178 Hispaniae
1123 1129 1198 1164 tria

83 1195 198 1232 millia
225 1195 393 1245 peditum
418 1194 683 1230 Romanorum
712 1193 933 1235 scriberent,
956 1200 993 1228 et
1012 1193 1196 1228 ducentos

82 1260 238 1308 equites.
295 1259 354 1295 Ad
374 1259 448 1294 hoc
468 1258 570 1294 mille
590 1265 628 1293 et
647 1258 844 1306 quingenti
866 1257 1008 1307 pedites
1030 1256 1198 1293 Romani

81 1335 166 1359 cum
202 1328 353 1358 eentum
394 1321 582 1370 equitibus
618 1320 731 1356 scribi
762 1320 888 1370 jussi,
935 1333 1020 1356 cum
1059 1319 1195 1368 quibus

80 1391 234 1437 praetor,
255 1387 315 1422 cui
346 1385 519 1422 Sardinia
548 1384 764 1432 obtigisset,
786 1385 825 1420 in
856 1384 1050 1420 Corsicam
1070 1390 1195 1420 trans-

80 1463 227 1500 gressus
256 1449 398 1486 bellum
432 1455 579 1498 gereret
596 1465 605 1493 ;
639 1449 792 1484 interim
823 1448 881 1484 M.
901 1447 1054 1490 Atilius,
1088 1454 1195 1484 vetus

80 1521 232 1564 praetor,
254 1514 489 1563 provinciam
509 1513 701 1549 obtineret
725 1512 950 1548 Sardiniam.
1007 1511 1195 1548 Praetores

81 1578 214 1613 deinde
243 1578 456 1628 provincias
487 1577 612 1612 sortiti
642 1582 743 1619 sunt,
774 1577 822 1613 A.
842 1576 981 1612 Atilius
1012 1576 1195 1611 Serranus

82 1641 278 1685 urbanam,
311 1642 354 1678 C.
376 1641 531 1677 Cluvius
563 1639 703 1676 Saxula
731 1641 831 1675 inter
850 1641 948 1675 cives
970 1647 1007 1675 et
1026 1640 1205 1690 peregri-s

80 1718 164 1747 nos,
197 1704 250 1741 N.
269 1704 409 1740 Fabius
447 1705 574 1741 Buteo
612 1702 841 1753 Hispaniam
874 1704 1101 1745 citeriorem,
1135 1701 1193 1740 M.

71 1758 271 1806 'Matienus
293 1769 526 1811 ulteriorem,
551 1768 609 1804 M.
629 1767 764 1803 Furius
786 1767 985 1816 Crassipes
1010 1766 1191 1809 Siciliam,

81 1834 124 1870 C.
139 1833 328 1870 Cicereius
347 1832 571 1869 Sardiniam.
602 1830 826 1879 Priusquam
843 1831 1086 1877 magistratus
1104 1842 1192 1878 pro-

80 1897 349 1939 ficiscerentur,
370 1896 518 1932 senatui
547 1895 703 1945 placuit,
727 1894 773 1930 L.
794 1894 1032 1929 Postumium
1054 1906 1192 1930 consu-

77 1960 150 1996 lem
181 1961 226 1996 ad
252 1972 384 2008 agrum
413 1958 607 2009 publicum
628 1971 650 1993 a
676 1958 827 2007 privato
852 1956 1132 1992 terminandum
1152 1958 1205 1992 in-

79 2025 326 2074 Campaniam
346 2025 423 2069 ire3
457 2022 562 2072 cujus
593 2023 787 2070 ingentem
816 2021 968 2056 modum
1000 2021 1192 2069 possidere

79 2088 260 2137 privatos,
276 2087 472 2137 paullatim
488 2085 716 2136 proferendo
732 2085 838 2126 fines,
854 2083 1066 2125 constabat.
1098 2083 1189 2127 Hic,

81 2153 198 2188 iratus
228 2153 483 2196 Praenestinis,
504 2151 619 2201 quod,
640 2164 724 2188 cum
746 2163 791 2186 eo
819 2150 986 2201 privatus
1018 2150 1191 2185 sacrificii

80 2217 120 2252 in
146 2215 289 2266 templo
318 2216 497 2252 Fortunae
525 2215 692 2252 faciundi
714 2227 846 2251 caussa
863 2213 1054 2264 profectus
1076 2219 1188 2256 esset,

80 2280 175 2320 nihil
204 2281 250 2320 in,
272 2293 310 2318 se
339 2281 707 2330 honorifice,.neque
735 2279 899 2332 publice,
920 2291 1041 2328 neque
1064 2279 1201 2329 priva«

606 2344 678 2382 1³5
