1546 2648
325 153 478 181 LIBER
502 152 621 181 XLV.
655 152 762 181 CAP.
785 153 978 182 xxxnI.
1125 152 1204 195 521

100 243 149 280 go
174 231 316 268 dictum
335 231 451 281 ipsius
482 230 669 275 ferebant,
700 237 738 267 et
766 231 981 267 convivium
1009 231 1316 276 instruere,U‚C‚
1333 251 1406 276 585.

103 303 140 332 et
173 295 282 333 ludos
319 308 451 346 parare
482 294 650 345 ejusdem
685 307 781 339 esse,
819 295 884 344 qui
924 296 1074 332 vincere
1110 294 1211 332 bello
1223 291 1262 319 A·
1281 289 1318 319 C·
1335 294 1408 323 ¹⁶7·

100 360 225 396 sciret.

153 423 356 461 XXXIII.
386 424 503 462 Edito
520 423 664 460 ludicro
684 424 806 460 omnis
828 424 991 472 generis,
1008 423 1213 474 clipeisque
1226 426 1381 475 Magnifi-

103 488 205 524 aereis
226 489 266 524 in
285 501 398 525 naves
420 488 609 538 inpositis,
631 495 757 524 cetera
775 488 898 524 omnis
925 489 1072 536 generis
1094 501 1212 531 arma,
1227 479 1342 544 ἓξὲξ.

101 552 293 589 cumulata
321 552 359 588 in
387 552 582 601 ingentem
615 565 805 596 acervum,
836 559 1010 603 precatus
1029 552 1212 595 Mssartem,

99 616 327 659 B'Iinervam,
346 615 545 664 Luamque
565 623 738 660 matrem,
767 624 805 653 et
823 624 969 654 ceteros
989 617 1110 660 Deos,
1131 618 1215 666 qui-

100 680 169 717 bus
190 680 311 731 spolia
330 680 496 716 hostium
516 680 642 716 dicare
661 679 726 730 jus
746 680 879 730 fasque
898 688 968 724 est,
995 683 1076 731 ipse
1094 683 1215 732 impe-

101 751 218 788 rator,
234 745 317 782 face
336 744 501 788 subdita,
523 745 740 781 succendit:
772 745 906 782 deinde
926 746 1215 783 circumstantes

99 807 242 845 tribuni
272 807 435 844 militum
465 821 535 858 pro
565 821 605 844 se
634 809 792 857 quisque
820 810 926 858 ignes
956 809 1216 860 conjecerunt.

100 871 249 908 Notata
268 878 324 908 est
343 873 382 908 in
404 871 469 908 illo
489 880 680 908 conventu
702 873 867 923 Europae
887 874 1078 923 Asiaeque,
1105 873 1218 909 undi-

102 949 175 987 que
193 937 331 988 partim
346 938 393 975 ad
410 937 723 987 gratulationem,
740 939 880 988 partim
895 938 940 974 ad
961 937 1218 988 spectaculum

103 1008 301 1040 contracta
335 1001 594 1045 multitudine,
632 1001 750 1038 tantis
787 1001 984 1038 navalibus
1030 1002 1219 1038 terrestri-

101 1065 247 1115 busque
277 1066 522 1110 exercitibus,
543 1078 589 1102 ea
615 1066 727 1116 copia
758 1078 897 1109 rerum,
927 1078 972 1102 ea
1001 1065 1125 1102 vilitas
1151 1078 1221 1102 an-

105 1142 232 1174 nonae,
273 1137 316 1167 ut
351 1137 390 1167 et
421 1131 591 1181 privatis,
625 1135 664 1167 et
691 1129 922 1173 civitatibus,
955 1136 993 1166 et
1026 1129 1220 1179 gentibus,

105 1195 206 1232 dona
225 1195 314 1232 data
333 1195 511 1247 pleraque
538 1193 618 1245 ejus
639 1194 787 1243 generis
808 1195 884 1230 sint
904 1194 951 1230 ab
972 1195 1218 1245 imperatore,

103 1271 181 1295 non
202 1259 242 1295 in
262 1271 370 1296 usum
398 1259 512 1295 modo
531 1265 772 1310 praesentem,
800 1259 863 1295 sed
896 1259 1012 1295 etiam
1031 1259 1133 1308 quod
1151 1259 1220 1295 do-

103 1336 186 1360 mos
217 1325 434 1361 aveherent.
491 1323 718 1374 Spectaculo
748 1323 822 1364 fuit
851 1324 900 1367 ei,
935 1336 1018 1373 quae
1048 1330 1220 1367 venerat,

104 1387 225 1425 turbae
243 1401 319 1426 non
341 1389 532 1426 scenicum
552 1390 672 1437 magis
692 1388 893 1432 ludicrum,
911 1400 990 1425 non
1011 1389 1223 1425 certamina

102 1452 316 1496 hominum,
337 1459 404 1489 aut
422 1452 608 1490 curricula
626 1466 824 1502 equorum,
853 1465 965 1502 quam
982 1453 1108 1503 praeda
1131 1452 1222 1489 Ma·

104 1516 286 1552 cedoniea
320 1517 458 1559 omnis,
480 1523 523 1553 ut
555 1517 753 1560 viseretur,
783 1517 959 1567 exposita
991 1523 1220 1560 statuarum,

105 1578 407 1629 tabularumque,
427 1580 631 1624 textilium,
653 1587 692 1617 et
718 1594 895 1617 vasorum
918 1594 964 1617 ex
983 1593 1076 1617 auro
1104 1588 1143 1616 et
1162 1593 1222 1617 ar-

104 1649 221 1693 gento
241 1650 279 1680 et
306 1657 378 1681 aere
404 1650 443 1681 et
471 1644 587 1680 ebore
615 1644 806 1681 factorum
835 1645 985 1694 ingenti
1010 1657 1100 1680 cura
1119 1644 1158 1681 in
1178 1657 1224 1681 ea

104 1709 210 1756 regia
227 1722 234 1743 :
257 1714 300 1744 ut
318 1721 396 1745 non
417 1709 454 1745 in
472 1715 697 1759 praesentem
717 1709 832 1746 modo
847 1709 1026 1759 speciem,
1046 1708 1222 1758 qualibus

106 1773 245 1810 referta
279 1775 385 1823 regia
419 1773 661 1811 Alexandriae
695 1780 790 1817 erat,
827 1775 892 1811 sed
923 1775 962 1810 in
997 1780 1223 1825 perpetuum

106 1850 216 1874 usum
236 1837 381 1875 fierent.
437 1838 548 1882 Haec,
569 1840 607 1875 in
629 1839 787 1875 classem
806 1840 988 1889 inposita,
1004 1832 1224 1876 devehenda

106 1900 273 1938 Romam
293 1902 364 1939 Cn.
385 1901 549 1939 Octavio
583 1903 682 1939 data.
729 1903 899 1946 Paullus,
920 1903 1086 1951 benigne
1118 1902 1224 1950 lega-

108 1966 158 2001 tis
175 1966 352 2009 dimissis,
373 1974 628 2015 transgressus
649 1967 906 2016 Strymonem,
922 1966 1026 2003 mille
1045 1978 1226 2016 passuum

107 2030 155 2067 ab
175 2030 397 2081 Amphipoli
416 2039 540 2068 castra
559 2032 687 2082 posuit
704 2046 711 2067 :
744 2031 832 2067 inde
851 2030 1059 2082 profectus,
1080 2030 1225 2067 Pellam

108 2094 244 2142 quinto
263 2095 323 2131 die
342 2095 525 2144 pervenit.
583 2095 877 2144 Praetergressus
898 2094 1043 2138 urbem,
1065 2095 1112 2131 ad
1131 2095 1224 2144 Spe-

108 2157 220 2194 laeum
242 2159 360 2207 (quod
379 2162 533 2205 vocant)
568 2159 726 2196 biduum
756 2166 940 2203 moratuS,
968 2159 1012 2196 P,
1027 2159 1223 2201 Nasicam,

108 2230 148 2259 et
178 2223 230 2260 Q.
262 2222 477 2260 Maximum
517 2223 636 2261 filium
673 2238 757 2262 curn
795 2231 903 2275 parte
947 2224 1139 2274 copiarum
1178 2224 1226 2260 ad

109 2286 392 2338 depopulandos
422 2287 588 2338 Illyrios,
619 2289 683 2338 qui
714 2289 851 2326 Persea
887 2287 1071 2338 juverant
1107 2286 1223 2329 bello,
