1546 2648
360 137 513 167 ruffin
535 137 640 166 xm.
675 136 781 165 CAP.
805 137 891 165 xx.
1095 136 1175 181 307

66 238 134 263 nec
154 226 298 263 adcitos
318 225 365 262 ab
396 238 441 262 eo
461 224 684 268 Bastarnas,
715 237 785 260 nec
816 231 971 260 auctore
1005 237 1050 261 eo
1071 225 1178 274 quid-
1194 230 1235 260 U.
1250 229 1285 259 C.
1303 235 1375 265 577.

64 302 175 339 quam
189 289 324 326 facere.
363 288 522 324 Senatus
537 301 606 324 nec
622 287 797 324 liberavit
811 286 890 337 ejus
906 287 1024 338 culpae
1038 301 1179 337 regem,
1196 273 1231 303 Α·
1247 272 1283 303 C'
1303 278 1375 307 ¹7⁵·

63 365 184 402 neque
214 354 361 401 arguit:
395 353 541 388 moneri
571 364 657 388 eum
689 351 955 387 tantummodo
980 350 1112 400 jussit,
1141 360 1181 388 ut

63 418 177 454 etiam
197 424 309 467 atque
336 418 451 453 etiam
471 422 632 459 curaret,
654 422 697 452 ut
723 422 902 451 sanctum
931 415 1087 451 haberet
1108 416 1181 452 foe-

62 481 145 524 dus,
166 481 268 530 quod
287 481 320 516 ei
341 493 425 516 cum
444 479 630 516 Romanis
653 491 734 515 esse
752 478 871 514 videri
891 485 1032 528 posset.
1080 478 1180 514 Dar-

63 545 166 587 dani,
187 557 303 593 quum
321 545 528 581 Bastarnas
549 557 628 580 non
657 544 772 581 modo
793 556 870 579 non
897 543 1076 580 excedere
1095 543 1180 580 fini-

61 607 131 645 bus
152 609 242 652 suis,
260 609 361 659 quod
382 615 637 660 speraverant,
660 607 724 644 sed
740 608 931 656 graviores
947 607 1027 644 fieri
1046 607 1085 643 in
1101 608 1180 644 dies

63 681 275 717 cernerent,
297 673 472 710 subnisos
497 674 691 709 Thracum
716 671 933 708 adcolarum
953 678 989 708 et
1010 671 1181 708 Scordis-

63 748 196 773 corum
224 737 389 780 auxiliis,
421 736 634 773 audendum
665 735 806 785 aliquid
835 734 894 771 vel
923 741 1064 772 temere
1093 736 1180 779 rati,

63 811 194 835 omnes
215 800 381 848 undique
401 800 537 836 armati
557 800 603 836 ad
622 799 816 849 oppidum,
838 797 940 846 quod
965 798 1182 847 proximum

61 863 194 899 castris
214 862 490 899 Bastarnarum
510 869 604 906 erat,
625 863 872 899 conveniunt.
929 862 1063 898 Hiems
1085 868 1180 905 erat,

61 934 100 964 et
119 927 157 963 id
177 928 267 963 anni
286 933 435 978 tempus
452 926 660 975 elegerant,
677 932 720 962 ut
735 926 902 962 Thraces
918 926 1182 976 Scordiscique

63 991 105 1028 in
123 991 216 1028 fines
238 1004 325 1028 suos
347 991 518 1028 abirent:
552 991 654 1040 quod
674 990 738 1026 ubi
756 990 810 1026 ita
828 989 987 1032 factum,
1010 996 1047 1025 et
1078 989 1181 1026 solos

57 1054 139 1105 jam
177 1068 258 1092 esse
295 1056 501 1092 Bastarnas
540 1055 754 1097 audierunt,
793 1053 970 1090 bifariam
1007 1053 1182 1091 dividunt

63 1120 191 1169 copias
208 1134 215 1156 ε
248 1132 349 1170 parS,
379 1126 422 1156 ut
456 1125 562 1156 recto
597 1119 733 1155 itinere
766 1118 814 1154 ad
846 1118 1105 1154 lacessendum
1134 1130 1182 1154 ex

27 1187 31 1189 ’
65 1190 198 1233 aperto
218 1184 291 1219 iret
303 1199 313 1229 3
345 1196 446 1234 pars,
468 1183 576 1220 devio
593 1182 692 1220 saltu
713 1182 982 1226 circumducta,
1004 1182 1050 1219 ab
1071 1188 1181 1230 tergo

63 1247 343 1296 adgrederetur.
392 1247 585 1290 Ceterum,
606 1249 825 1296 priusquam
845 1246 1043 1282 circumire
1059 1252 1184 1281 castra

62 1311 231 1348 hostium
257 1318 428 1362 possent,
458 1317 672 1361 pugnatum
705 1317 784 1356 est,
817 1311 984 1359 victique
1011 1309 1185 1345 Dardani

64 1374 343 1426 compelluntur
361 1375 400 1410 in
418 1374 564 1417 urbem,
583 1387 665 1423 quae
684 1373 763 1410 fere
784 1373 982 1410 duodecim
999 1372 1117 1409 millia
1135 1371 1183 1408 ab

65 1439 196 1475 castris
216 1438 491 1476 Bastarnarum
505 1437 649 1474 aberat.
697 1437 871 1474 Victores
893 1435 1093 1473 confestim
1111 1436 1185 1472 cir-

66 1502 284 1539 cumsidunt
313 1501 458 1545 urbem,
478 1501 580 1537 haud
599 1500 711 1538 dubie
739 1508 894 1551 postero
914 1500 974 1536 die
994 1505 1060 1535 aut
1082 1506 1186 1535 metu

65 1565 244 1601 dedituris
272 1577 311 1601 se
329 1564 519 1607 hostibus,
547 1571 614 1601 aut
640 1565 676 1600 vi
702 1564 967 1615 expugnaturi.
1024 1562 1186 1600 Interim

64 1628 334 1665 Dardanorum
356 1627 474 1664 altera
503 1641 651 1672 manus,
682 1641 764 1677 quae
795 1627 1059 1664 circumducta
1088 1633 1183 1668 erat,

66 1693 199 1742 ignara
219 1691 334 1728 cladis
354 1704 524 1736 suorum,
546 1699 672 1729 castra
695 1692 971 1729 Bastarnarum
989 1692 1070 1727 sine
1089 1702 1185 1741 prze-
1239 1717 1245 1721 s

68 1757 165 1793 sidio
185 1756 318 1794 relicta

328 1886 352 1909 ἥ
518 1885 543 1908 -X-
710 1885 735 1907 «r.-
903 1886 925 1907 ÷÷

121 2022 216 2059 XX.
247 2022 328 2045 ΗΑ·
349 2034 468 2064 more,
487 2021 580 2058 sella
598 2022 764 2057 eburnea
780 2022 919 2069 posita,
935 2019 1000 2069 jus
1020 2018 1184 2061 dicebat,

61 2085 382 2135 ,disceptabatque
427 2085 705 2121 controversias
751 2084 992 2119 minimarum
1035 2094 1157 2117 reruni
1177 2098 1182 2115 ;

73 2148 243 2197 adeoque
262 2149 355 2185 nulli
369 2149 533 2186 fortunae
557 2149 775 2186 adhaerebat
794 2149 955 2191 animus,
973 2160 1039 2197 per
1059 2148 1188 2182 omnia

74 2225 212 2262 genera
232 2213 317 2248 vitae
347 2225 488 2257 errans,
517 2214 572 2249 uti
604 2226 674 2250 nec
705 2213 791 2256 sibi,
812 2225 882 2249 nec
916 2212 1012 2253 aliis,
1033 2211 1187 2259 quinam

66 2277 189 2314 homo
211 2283 322 2320 esset,
343 2277 434 2313 satis
464 2284 667 2316 constaret.
723 2277 817 2314 Non
847 2276 999 2328 adloqui
1030 2274 1187 2314 amicos,
