1546 2648
466 135 802 170 FRAGMENTA.
1107 125 1189 180 605

402 263 480 301 EX
507 263 612 300 LIB.
642 260 850 298 CXXVII.

123 353 317 394 Quoniam
346 352 444 389 inter
468 354 683 400 Augustum
714 356 752 385 et
778 349 990 386 Antonium
1019 347 1184 397 reliquiae

70 417 192 455 adhuc
222 425 329 454 erant
361 417 619 458 dissensionis,
651 415 833 450 Cocceius
862 413 1004 456 Nerva,
1023 424 1184 463 proavus

68 481 220 525 Nervae,
241 482 305 530 qui
328 487 461 530 postea
493 479 693 529 imperavit
722 478 872 521 Romae,
893 477 1083 514 mandavit
1104 478 1184 513 Au·

67 551 195 594 gusto,
215 552 258 581 ut
277 546 458 587 mitteret,
483 544 546 592 qui
568 544 613 579 de
640 555 786 579 summa
814 554 938 578 rerum
963 546 1185 579 tractarent.

65 609 172 658 Ergo
191 609 325 646 missus
347 616 402 646 est
420 609 612 645 Maecenas
633 620 717 644 cum
737 607 921 657 Agrippa,
953 606 1015 656 qui
1037 613 1181 641 utrum-

66 686 138 722 que
158 674 364 710 exercitum
384 675 422 709 in
444 685 519 708 una
538 678 662 708 castra
677 677 897 720 coegerunt,
919 676 959 706 ut
977 670 1031 706 ait
1049 669 1180 705 Livius

62 736 128 773 lib.
155 737 291 774 cxxvii.
354 735 649 784 Intelligendum
687 741 830 777 autem,
865 733 984 783 quod,
1018 731 1182 768 Fonteio

62 801 179 837 misso
198 801 245 837 ab
265 801 452 843 Antonio,
479 801 676 848 Augustus
696 798 948 836 Maecenatem
975 802 1013 833 et
1037 801 1184 835 ceteros

63 863 111 900 ad
136 864 295 900 eundem
326 863 452 900 locum
481 863 660 900 emiserit.
717 863 812 899 Acro
830 862 880 898 ad
898 861 1046 897 Horatii
1076 859 1134 896 lib.
1155 859 1180 894 i·

61 927 142 963 Sat.
161 939 196 963 v.
216 928 281 964 29.

114 991 317 1038 Porphyrio
335 995 437 1027 notat
449 1006 461 1026 .·
488 989 739 1026 Dissensione
767 994 852 1025 orta
871 989 970 1024 inter
989 987 1179 1023 Caesarem

60 1055 277 1102 Augustum
289 1054 591 1102 Antoniumque,
609 1053 792 1089 Cocceius
809 1051 950 1094 Nerva,
972 1062 1062 1087 avus
1082 1049 1177 1099 ejuS,

60 1118 125 1167 qui
151 1123 284 1167 postea
301 1117 437 1154 Romae
455 1117 669 1167 imperavit,
690 1104 802 1166 peiiit
822 1128 844 1151 a
864 1115 1026 1157 Caesare,
1048 1120 1090 1150 ut
1108 1113 1178 1149 ali·

56 1193 182 1230 quem,
203 1182 267 1230 qui
286 1181 333 1217 de
351 1193 496 1217 summa
525 1192 650 1216 rerum
677 1183 874 1222 tractaret,
894 1178 1062 1213 mitteret
1080 1176 1176 1213 Tar-

58 1245 237 1282 racinam.
303 1244 356 1281 Et
385 1245 548 1295 primum
572 1243 780 1286 Maecenas,
810 1253 902 1278 mox
937 1246 976 1277 et
1003 1242 1176 1292 Agrippa

55 1309 249 1357 congressi
279 1314 380 1352 sunt,
403 1309 518 1357 hique
543 1308 771 1358 pepigerunt
795 1306 903 1343 fidem
925 1305 1176 1342 confirmatis-

57 1372 205 1416 simam,
226 1379 263 1409 et
282 1374 320 1410 in
337 1385 412 1409 una
432 1378 556 1408 castra
575 1371 740 1408 conferri
766 1371 1087 1419 Signanti-iusque
1108 1382 1175 1406 ex-.

52 1437 189 1473 ercitus
208 1436 419 1486 jusserunt.
475 1435 565 1472 Hoc
585 1441 623 1471 et
641 1435 686 1472 T.
702 1434 834 1471 Livius
860 1434 925 1472 lib.
947 1434 1085 1471 cxxvii.
1114 1446 1174 1470 re-

54 1500 142 1543 fert,
164 1508 323 1550 excepta
344 1500 542 1550 Capitonis
562 1500 769 1536 mentione.

110 1564 376 1600 Commentator
394 1576 475 1600 vero
492 1564 642 1611 Cruquii
654 1579 666 1599 .·
696 1563 755 1599 Ab
773 1562 946 1598 Antonio
962 1561 1095 1597 missus
1115 1561 1176 1597 fu-

55 1633 137 1664 erat
156 1627 338 1664 Fonteius
361 1627 500 1677 Capito
519 1625 683 1675 legatus,
706 1626 754 1662 ab
774 1626 950 1673 Augusto
967 1623 1175 1667 Maecenas,

50 1688 313 1728 intercedente
333 1691 497 1727 Cocceio
522 1689 665 1733 Nerva,
693 1702 836 1739 proavo
854 1688 992 1724 Nervae
1014 1689 1175 1737 impera-

51 1755 161 1798 toris,
186 1755 267 1804 (qui
288 1760 327 1790 et
346 1755 522 1803 Augusto
554 1759 592 1788 et
619 1753 794 1789 Antonio
813 1757 942 1801 gratus
967 1751 1065 1799 erat)
1087 1764 1174 1788 cum

51 1817 236 1867 Agrippa.
292 1817 351 1854 Ea
370 1824 498 1853 autem
517 1817 735 1853 conditione
761 1821 1018 1852 convenerant
1042 1815 1172 1864 legati,

52 1885 96 1916 ut
114 1880 160 1916 de
188 1893 334 1918 summa
352 1894 478 1918 rerum
510 1886 731 1923 tractarent,
753 1886 997 1927 exortamque
1028 1879 1171 1915 dissen-

51 1943 197 1980 sionem
227 1945 327 1980 inter
361 1945 455 1981 duos
491 1945 561 1980 hos
598 1945 844 1994 imperatores
873 1949 1144 1993 componerent
1157 1959 1168 1989 3

49 2006 154 2055 quod
169 2013 207 2043 et
224 2006 410 2051 fecerunt,
430 2014 468 2044 et
482 2014 683 2057 utrumque
702 2007 906 2044 exercitum
921 2005 1035 2056 juxta
1045 2005 1171 2041 Brun-

49 2069 190 2105 disium
210 2071 247 2106 in
269 2084 344 2108 una
372 2077 496 2108 castra
525 2084 611 2108 cum
633 2084 771 2121 magna
796 2070 930 2107 laetitia
948 2075 1169 2118 coegerunt,

55 2138 98 2168 ut
116 2133 232 2170 infert
250 2134 381 2172 Livius
400 2135 468 2172 lib.
485 2136 623 2174 cxxvii.

540 2326 662 2364 Dd3
