1546 2648
315 123 469 152 LIBER
495 121 699 150 XXXVII.
733 118 841 148 (ΒΑΓ.
863 117 1061 146 ΧΧΧῘῙΙ.
1188 117 1240 159 41

133 209 312 248 AEmilius
341 212 464 262 primo
493 210 667 246 resistere
693 215 731 246 et
756 221 946 251 revocare,
964 207 1138 251 dicendo,
1159 221 1245 256 cap·
1261 219 1302 249 υ,
1316 217 1353 249 c,
1369 225 1442 251 562.

132 281 199 319 tem,
227 289 298 312 non
327 278 479 318 deditas,
503 277 613 323 diripi
642 275 765 311 urbes:
793 279 827 309 et
856 275 892 309 in
921 273 976 309 his
1005 278 1123 309 tamen
1151 273 1248 309 arbi-
1262 263 1349 292 A·C·
1370 269 1442 322 ¹⁶9⁰·

132 342 239 376 trium
269 352 339 376 esse
370 341 610 388 imperatoris,
631 350 702 374 non
727 338 898 374 militum.
953 337 1163 385 Postquam
1192 337 1246 373 ira
1261 316 1410 399 5532?—

129 410 165 439 et
186 405 343 440 avaritia
363 405 522 454 imperio
543 403 761 454 potentiora
781 408 903 444 erant,
924 400 1162 451 praeconibus
1180 414 1248 451 per

129 468 258 504 urbem
278 469 414 513 missis,
435 469 574 505 liberos
595 480 726 504 omnes
750 467 789 502 in
812 466 939 503 forum
967 465 1015 502 ad
1038 477 1076 501 se
1106 478 1246 502 conve-

126 535 208 570 nire
237 534 364 585 jubet,
400 548 448 571 ne
483 534 743 571 violarentur:
785 538 823 568 et
856 533 896 567 in
933 531 1124 574 omnibus,
1163 545 1246 580 quae

127 599 242 648 ipsius
280 600 480 649 potestatis
519 599 687 641 fuerunt,
721 597 813 634 fides
850 597 1023 632 constitit
1059 596 1246 646 praetoris.

127 663 286 707 Urbem,
308 677 507 713 agrosque,
525 671 562 700 et
581 676 666 699 suas
687 663 788 711 leges
810 662 853 697 iis
874 662 1062 697 restituit:
1087 668 1137 704 et,
1157 661 1246 709 quia

119 725 201 777 jani
229 728 348 765 hiems
371 728 586 778 adpetebat,
609 728 781 764 Phocaeae
803 728 949 777 portus·
965 726 1011 761 ad
1037 725 1243 762 hibernan-

125 790 214 826 dum
235 792 344 827 classi
365 793 519 841 delegit.

178 854 380 892 XXXIII.
411 856 484 892 Per
513 856 610 892 idem
640 856 718 892 fere
747 862 896 904 tempus
926 853 1087 897 consuli,
1117 859 1242 890 trans·
1255 862 1327 894 Cos.
1344 863 1433 903 Lysi-

125 931 253 967 gresso
274 920 478 956 AEniorum
508 920 866 968 Maronitarumque
895 919 1003 962 fines,
1025 919 1240 962 nunciatur,
1255 907 1422 981 &Regiam

124 983 261 1018 victam
280 985 423 1032 regiam
443 983 600 1019 classem
629 983 675 1019 ad
701 983 974 1032 Myonnesum,
995 982 1242 1031 relictamque

124 1059 145 1082 a
170 1048 343 1096 praesidio
369 1048 652 1097 Lysimachiam
671 1060 764 1083 esse.
821 1047 864 1083 Id
896 1046 1031 1089 multo,
1052 1059 1163 1095 quam
1193 1047 1240 1082 de

122 1110 246 1146 navali
266 1112 438 1155 victoria,
460 1112 579 1148 laetius
600 1112 672 1148 fuit
691 1126 697 1147 :
731 1112 860 1160 utique
887 1118 1090 1161 postquam
1110 1123 1155 1146 eo
1175 1123 1239 1146 ve-

122 1184 273 1219 nerunt,
304 1178 516 1226 refertaque
547 1178 633 1214 urbs
664 1179 833 1214 omnium
864 1191 986 1213 rerum
1017 1177 1240 1213 commeati-

122 1239 206 1283 bns,
238 1240 339 1276 velut
373 1242 410 1277 in
445 1242 647 1277 adventum
680 1242 867 1278 exercitus
902 1242 1136 1291 praeparatis,
1175 1253 1239 1277 eos

122 1305 293 1354 excepit3
327 1305 391 1341 ubi
419 1306 586 1355 inopiam
613 1306 786 1341 ultimam
815 1305 1058 1353 laboremque
1077 1305 1115 1340 in
1136 1304 1239 1341 obsi-

120 1369 242 1404 denda
263 1369 353 1405 urbe
373 1370 445 1405 sibi
466 1376 755 1419 proposuerant.
812 1368 872 1405 Ibi
901 1381 1040 1418 paucos
1063 1369 1140 1404 dies
1161 1374 1239 1404 sta-

117 1434 196 1469 tiva
220 1434 400 1476 habuere,
424 1442 464 1470 ut
490 1434 749 1484 inpedimenta
776 1434 941 1483 aegrique
961 1445 1239 1481 consequeren-

117 1504 192 1540 tur,
227 1498 291 1546 qni
322 1498 460 1547 passim
491 1510 559 1547 per
592 1498 720 1534 omnia
736 1498 921 1534 Thraciae
948 1495 1116 1539 castella,
1147 1496 1239 1531 fessi

119 1561 261 1597 morbis
291 1575 334 1597 ac
364 1561 602 1610 longitudine
621 1563 705 1605 viae,
727 1562 851 1598 relicti
880 1568 1000 1598 erant.
1055 1561 1236 1610 Receptis

118 1625 308 1669 omnibus,
326 1627 486 1675 ingressi
505 1639 632 1662 rursus
652 1628 724 1662 iter
744 1640 810 1677 per
827 1627 1123 1669 Chersonesum,
1141 1625 1237 1661 Hel·
1251 1635 1443 1675 Hellespon-

115 1690 331 1740 lespontum
351 1693 596 1742 perveniunt:
631 1692 708 1735 ubi,
731 1692 908 1728 omnibus
929 1705 1019 1728 cura
1038 1691 1136 1740 regis
1157 1685 1320 1760 Eu-thffi‘t'
1339 1686 1400 1709 “³⁴

116 1756 235 1791 menis
265 1756 312 1792 ad
346 1756 612 1806 trajiciendum
640 1758 876 1807 praeparatis,
906 1756 1007 1793 velut
1033 1758 1071 1791 iu
1101 1761 1237 1805 pacata
1319 1744 1326 1752 ²

114 1819 241 1863 litora,
273 1821 377 1857 nullo
407 1822 649 1871 prohibente,
679 1821 761 1858 aliis
792 1821 868 1858 alio
897 1821 1031 1857 delatis
1061 1819 1235 1863 navibus,

115 1885 196 1920 sine
218 1885 383 1922 tumultu
407 1886 600 1936 trajecere.
657 1887 716 1923 Ea
735 1900 823 1923 vero
844 1899 901 1923 res
922 1885 1109 1922 Romanis
1130 1885 1237 1920 auxit

115 1950 275 1993 animos,
299 1963 519 1987 concessum
542 1951 613 1987 sibi
641 1952 803 1987 transire
825 1950 1068 1987 cernentibus
1089 1950 1127 1985 iu
1146 1949 1236 1984 Asi-

114 2027 201 2059 am3
235 2028 346 2064 quam
367 2028 445 2051 rem
472 2016 601 2064 magni
621 2016 839 2052 certaminis
868 2015 1035 2050 futuram
1066 2012 1235 2048 credide-

115 2085 212 2114 rant.
269 2080 415 2116 Stativa
441 2081 575 2116 deinde
604 2080 650 2116 ad
681 2079 974 2129 Hellespontum
1002 2077 1234 2126 aliquamdiu

116 2141 343 2187 habuerunt,
361 2146 450 2193 quia
470 2145 548 2181 dies
568 2144 682 2187 forte,
704 2144 840 2194 quibus
861 2143 999 2180 ancilia
1018 2147 1232 2183 moventur,

114 2206 281 2255 religiosi
301 2210 346 2246 ad
365 2211 437 2246 iter
456 2211 689 2247 inciderant:
723 2211 835 2247 iidem
853 2211 931 2246 (lies
950 2209 993 2246 P.
1015 2208 1232 2258 Scipionem

110 2272 290 2322 propiore
319 2275 432 2311 etiam
461 2274 659 2325 religione,
680 2276 769 2325 quia
798 2273 920 2311 Salius
942 2280 1037 2317 erat,
1059 2270 1232 2321 disjunx-
