1546 2648
302 135 387 188 446
732 140 780 170 r.
814 141 947 172 mvn

108 245 153 277 U.
164 246 285 278 0534,
299 247 420 273 omnes
437 226 536 282 reg'es
551 236 741 280 gentesque
763 233 1013 268 auctoritatem
1041 245 1124 277 esse,
1155 239 1210 279 ut,
1229 237 1261 272 si
1279 237 1415 285 legatos

107 289 196 320 A.C.
213 295 285 322 ¹⁶⁸·
298 302 486 342 misissent,
507 299 570 347 qui,
587 297 858 339 denunciarent,
876 309 947 332 non
970 299 1116 346 placere
1139 303 1292 344 senatui,
1311 304 1415 338 sociis

296 364 438 412 regibus
465 363 597 398 bellum
612 361 715 410 fieri,
747 361 924 408 extemplo
943 361 1167 400 abscessurus
1196 377 1220 400 a
1249 366 1417 402 moenibus

294 429 537 470 Alexandriae,
571 425 856 473 abducturusque
879 427 1072 462 exercitum
1097 429 1133 463 in
1153 429 1298 477 Syriam
1316 435 1414 466 esset.

297 494 403 535 Quod
419 494 450 529 si
468 495 679 528 cunctentur
696 489 840 539 facere,
861 490 954 527 brevi
983 496 1136 528 extorres
1160 506 1269 542 regno
1289 495 1415 531 Ptole-

294 570 423 594 maeum
451 562 486 593 et
516 556 745 603 Cleopatram
776 554 931 590 Romam
959 561 1137 600 venturos,
1168 571 1248 594 cum
1273 560 1414 607 pudore

295 623 451 670 quodam
477 621 606 668 populi
625 619 794 660 Romani,
816 619 910 665 quod
937 620 1075 655 nullam
1095 633 1198 668 opem
1222 624 1259 658 in
1284 624 1413 659 ultimo

79 686 131 717 Ad
146 687 260 718 Antio·
293 687 495 723 discrimine
510 685 750 734 fortunarum
784 684 956 719 tulissent.
1024 683 1127 720 Moti
1160 684 1292 721 Patres
1325 697 1411 735 pre-

77 730 181 761 chum
196 738 227 761 et
293 752 399 788 cibus
420 749 779 791 Alexandrinorum,
810 747 1000 798 extempio
1031 749 1074 785 C.
1095 749 1300 800 Popillium
1319 749 1408 786 Lae-

78 771 247 803 Ptolemae-

78 824 136 845 um
146 817 281 848 mittun-
292 821 434 858 uatem,
451 821 490 851 et
509 814 552 851 C.
573 813 803 853 Decimium,
825 820 862 848 et
878 812 925 849 C.
942 812 1155 849 Hostilium
1175 813 1335 862 legatOS,
1356 813 1405 851 ad

78 858 250 898 turlegati.
293 879 500 917 finiendum
520 879 619 914 inter
638 890 744 926 reges
764 876 919 920 bellum,
941 878 1135 915 miserunt.
1192 878 1303 915 Prius
1322 879 1405 915 An-

292 945 479 986 tiochum,
500 942 586 979 dein
606 942 854 978 Ptolemaeum
881 942 983 978 adire
1007 940 1120 992 jussi,
1142 948 1180 978 et
1209 943 1405 987 nunciare,

290 1008 331 1044 ni
351 1007 557 1044 absistatur
574 1006 690 1049 bello,
707 1018 774 1055 pei·
794 1012 917 1041 utrum
939 1007 1118 1050 stetisset,
1136 1019 1222 1043 eum
1239 1020 1316 1043 non
1335 1020 1406 1058 pro

291 1072 430 1114 amicm
450 1084 520 1108 nec
540 1083 609 1120 pro
630 1071 736 1106 socio
756 1069 953 1106 habituros
974 1082 1067 1106 esse.

343 1135 438 1172 XX.
495 1135 569 1171 His
590 1135 690 1170 intra
708 1133 873 1170 triduum
896 1133 1006 1169 simul
1026 1146 1111 1169 cum
1130 1132 1267 1182 legatis
1286 1133 1405 1171 Alex-

289 1199 456 1235 andrinis
478 1197 674 1248 profectis,
698 1197 816 1245 legati
836 1209 882 1232 ex
900 1195 1132 1233 Macedonia
1154 1197 1405 1246 Quinquatri-

284 1264 355 1300 bus
377 1263 518 1299 ultimis
539 1263 635 1299 adeo
654 1262 864 1312 exspectati
884 1271 1080 1304 venerunt,
1098 1262 1167 1305 uti,
1183 1262 1256 1298 nisi
1272 1274 1404 1313 vesper

285 1334 398 1371 esset,
425 1326 616 1378 extemplo
647 1333 820 1363 senatum
844 1326 1014 1362 vocaturi
1044 1325 1216 1362 consules
1241 1325 1402 1364 fuerint.

283 1392 446 1429 Postero
467 1392 525 1428 die
545 1397 697 1428 senatus
727 1391 814 1433 fuit,
845 1390 1037 1439 legatique
1066 1390 1184 1426 auditi
1210 1397 1310 1428 sunt.
1366 1390 1402 1427 Ii

281 1458 481 1500 nunciant,
503 1455 646 1503 Majore
670 1457 846 1504 periculo,
878 1467 983 1503 quam
1018 1456 1271 1498 emolumento,
1301 1466 1400 1491 exer·—

280 1524 392 1559 cz'tum
416 1534 484 1570 per
502 1523 614 1557 invios
631 1521 743 1556 saltus
764 1521 800 1556 in
819 1520 1072 1556 Macedoniam
1090 1520 1285 1556 inductum.
1331 1519 1398 1556 Pi·

279 1587 407 1629 eriam,
437 1598 506 1634 quo
531 1586 767 1633 processisset,
797 1595 915 1632 regem
945 1588 1062 1619 tenere
1077 1599 1090 1620 .·
1126 1588 1246 1619 castra
1275 1584 1401 1619 castris

275 1661 392 1698 prope
423 1651 476 1685 ita
508 1650 651 1685 conlata
684 1660 767 1691 esse,
802 1653 843 1684 ut
857 1648 1015 1698 flumine
1044 1648 1181 1696 Enipeo
1215 1645 1398 1693 interjecto

278 1720 493 1752 arceantur:
522 1726 634 1763 neque
663 1726 782 1762 regem
808 1714 996 1762 pugnandi
1019 1718 1235 1761 potestatem
1252 1711 1396 1761 facere,

278 1792 343 1816 nec
370 1781 500 1816 nostris
526 1781 598 1816 vim
630 1779 680 1814 ad
707 1780 902 1826 cogendum
939 1790 1019 1814 esse.
1093 1778 1259 1813 Hiemem
1285 1778 1395 1812 etiam

278 1856 444 1892 asperam
474 1843 577 1879 rebus
602 1844 773 1890 gerendis
804 1844 1042 1884 intervenisse,
1072 1844 1110 1878 in
1138 1843 1211 1877 otio
1242 1841 1395 1877 militem

277 1909 343 1951 ali,
370 1920 434 1944 nec
458 1907 539 1956 plus
567 1919 675 1955 quam
692 1918 752 1942 sex
771 1906 794 1928 ἦ
817 1908 840 1931 ³*
861 1905 1093 1955 frumentum
1112 1905 1250 1942 habere.
1306 1905 1394 1941 Ma-

276 1974 448 2010 cedonum
475 1973 547 2009 dici
572 1973 722 2021 triginta
742 1972 859 2008 millia
877 1977 1100 2008 armatorum
1119 1983 1200 2008 esse.
1258 1970 1300 2006 Si
1317 1972 1390 2018 Ap,

278 2037 433 2073 Claudio
452 2038 548 2073 circa
567 2036 793 2084 Lychnidum
811 2036 899 2072 satis
917 2037 1059 2072 validus
1077 2037 1250 2072 exercitus
1267 2033 1387 2083 foret,

269 2102 428 2149 potuisse
456 2102 606 2148 ancipiti
634 2101 725 2136 bello
754 2101 922 2136 distinere
952 2111 1069 2147 regem
1086 2116 1098 2135 .·
1126 2111 1220 2135 nunc
1247 2103 1282 2134 et
1311 2099 1390 2146 Ap-

271 2166 388 2213 pium,
409 2169 445 2200 et
464 2165 557 2213 quod
584 2176 664 2200 cum
689 2176 728 2200 eo
754 2166 912 2212 prcesidii
928 2166 989 2207 sit,
1010 2166 1046 2200 in
1064 2176 1201 2200 summo
1227 2163 1388 2212 periculo

273 2241 358 2273 esse,
377 2230 447 2265 nisi
462 2240 615 2277 propere
634 2233 698 2264 aut
717 2228 839 2275 justus
867 2231 1040 2266 exercitus
1055 2242 1095 2265 eo
1119 2231 1301 2271 mittatur,
1321 2232 1387 2264 aut

272 2294 331 2330 illi
356 2295 437 2330 inde
462 2293 696 2331 deducantur.
754 2295 814 2330 Ad
843 2295 986 2331 classem
1014 2307 1050 2331 se
1078 2306 1121 2331 ex
1148 2294 1274 2331 castris
1297 2304 1384 2341 pro·
