1546 2648
316 147 402 179 210
480 124 485 131 ⁴
771 146 819 175 τ.
844 147 977 178 mvn

122 239 165 270 U.
176 240 213 271 C.
232 247 305 274 569.
316 238 389 274 iter
405 236 589 287 reliquum
621 236 806 274 clauserat
822 253 830 275 :
864 245 916 282 et,
936 250 1051 288 quum
1071 249 1156 289 pars
1175 238 1340 276 maxima
1359 251 1425 277 ex·
1470 244 1473 247 ’

121 284 163 315 Α·
176 284 214 315 C'
233 290 420 339 183.clusa
434 315 456 337 a
475 301 692 352 spectaculo
710 307 822 344 esset,
843 301 1034 338 theatrum
1053 308 1221 352 repente,
1239 303 1341 352 quod
1354 291 1423 340 viae

313 366 569 418 propinquum
599 372 693 409 erat,
714 365 1012 415 compleverunt,
1042 373 1093 410 et,
1122 372 1162 402 ut
1190 379 1236 403 eo
1265 367 1305 403 in
1333 379 1426 403 con-

314 437 487 481 spectum
519 428 649 480 populi
680 429 941 474 adduceretur,
972 443 1047 467 una
1074 443 1167 468 voce
1199 443 1329 467 omnes
1359 443 1426 467 ex-

312 493 535 546 poscebant.
590 494 840 543 Magistratus
884 501 922 531 et
967 495 1169 546 principes,
1206 495 1330 539 veriti,
1377 507 1427 532 ne

313 573 425 610 quem
444 566 588 597 motum
610 560 867 597 misericordia
884 561 1079 611 praesentis
1100 561 1199 597 tanti
1225 561 1294 597 viri
1319 561 1422 598 face-

310 630 384 667 ret,
405 636 519 672 quum
540 622 634 659 alios
663 623 889 660 verecundia
912 624 1080 673 pristinae
1101 623 1310 673 majestatis
1330 636 1424 660 con·

309 685 389 723 lata
418 687 594 736 praesenti
628 685 807 729 fortunae,
838 685 932 722 alios
965 686 1179 723 recordatio
1211 687 1426 735 ingentium

307 749 531 787 meritorum
551 755 702 786 motura
731 755 844 792 esset,
871 749 1006 800 procul
1033 750 1071 785 in
1103 755 1311 800 conspectu
1338 761 1425 786 eum

309 819 550 850 statuerunt:
584 813 719 850 deinde
738 814 877 864 raptim
897 813 944 850 ex
971 813 1090 850 oculis
1118 814 1318 850 hominum
1337 813 1424 851 abs·-

308 883 520 921 traxerunt,
558 883 721 928 praetore
756 878 968 915 Dinocrate
1004 879 1167 923 dicente,
1206 891 1301 922 esse,
1339 891 1423 928 quae

305 943 538 992 pertinentia
558 942 606 979 ad
625 955 809 978 summam
839 942 930 979 belli
958 943 1199 994 percunctari
1227 955 1313 980 eum
1341 955 1423 979 ma-

306 1007 487 1055 gistratus
504 1006 655 1044 vellent.
712 1007 808 1043 Inde
827 1007 993 1044 abducto
1013 1020 1059 1044 eo
1075 1008 1115 1044 in
1131 1007 1288 1051 curiam,
1305 1012 1344 1043 et
1362 1019 1422 1043 se-

305 1078 398 1107 natu
414 1078 566 1114 vocato,
588 1070 797 1108 consultari
813 1077 995 1121 coeptum.

88 1146 294 1178 Insubterra-
358 1136 405 1173 L.
434 1136 521 1172 Jam
543 1136 885 1187 invesperascebat,
906 1144 944 1173 et
963 1149 1042 1174 non
1065 1136 1180 1173 modo
1199 1142 1338 1180 cetera,
1359 1136 1424 1174 sed

87 1190 292 1265 ἓῗιηὲξξέἷῖ-
304 1213 353 1237 ne
372 1201 411 1237 in
431 1201 644 1252 proximam
674 1201 825 1250 quidem
853 1208 1006 1238 noctem
1027 1201 1091 1237 ubi
1115 1201 1206 1237 satis
1232 1207 1317 1238 tuto
1337 1213 1424 1238 cus-

85 1276 175 1309 titur,
304 1266 505 1309 todiretur,
526 1265 792 1317 expediebant.
849 1265 1142 1317 Obstupuerant
1161 1266 1206 1302 ad
1228 1266 1421 1315 magnitu-

303 1330 431 1366 dinem
459 1330 628 1380 pristinae
658 1328 739 1380 ejus
768 1329 934 1366 fortunae
963 1331 1211 1380 virtutisque:
1243 1336 1281 1367 et
1300 1342 1423 1379 neque

303 1394 376 1445 ipsi
407 1394 561 1431 domum
594 1395 762 1445 recipere
791 1396 1080 1432 custodiendum
1114 1395 1317 1438 audebant,
1351 1406 1421 1431 nec

302 1458 481 1507 cuiquam
510 1459 576 1494 uni
606 1459 818 1494 custodiam
847 1458 927 1509 ejus
957 1460 1048 1496 satis
1069 1459 1285 1496 credebant.
1341 1458 1422 1495 Ad-

303 1529 463 1558 monent
495 1523 630 1559 deinde
660 1523 827 1572 quidam,
859 1536 940 1559 esse
978 1523 1197 1559 thesaurum
1226 1522 1421 1572 publicum

303 1585 374 1621 sub
403 1592 518 1629 terra,
550 1599 643 1623 saxo
670 1587 856 1636 quadrato
883 1592 1030 1637 septum
1054 1601 1061 1622 z
1094 1599 1140 1622 eo
1172 1586 1321 1623 vinctus
1354 1586 1445 1623 den

302 1649 483 1692 mittitur,
514 1656 552 1685 et
575 1662 708 1686 saxum
738 1651 887 1699 ingens,
919 1663 995 1700 quo
1030 1650 1213 1700 operitur,
1243 1650 1422 1686 machina

302 1714 626 1764 superinpositum
652 1720 735 1750 est:
768 1715 822 1750 ita
851 1714 937 1750 loco
966 1715 1108 1764 potiuS,
1129 1726 1242 1762 quam
1271 1713 1419 1749 homini

301 1778 494 1825 cuiquam,
528 1778 754 1814 credendam
791 1779 1002 1814 custodiam
1036 1777 1122 1820 rati,
1157 1777 1277 1813 lucem
1315 1778 1418 1813 inse-

301 1848 481 1890 quentem
528 1848 856 1892 exspectaverunt.
911 1842 1073 1878 Postero
1110 1841 1171 1878 die
1211 1841 1418 1880 multitudo

300 1904 451 1953 quidem
479 1905 643 1953 integra,
663 1918 809 1942 memor
837 1905 1084 1955 pristinorum
1113 1904 1193 1954 ejus
1223 1906 1262 1942 in
1283 1906 1416 1942 civita-

298 1973 379 2003 tem
411 1969 648 2013 meritorum,
683 1969 926 2019 parcendum,
960 1981 1004 2005 ac
1036 1981 1103 2019 per
1136 1981 1221 2005 eum
1252 1970 1418 2007 remedia

299 2033 503 2079 quaereuda
523 2044 604 2069 esse
624 2034 866 2082 praesentium
883 2033 1083 2076 malorum,
1101 2032 1327 2070 censebant:
1351 2034 1417 2071 de-

300 2093 479 2131 fectionis
500 2104 690 2140 auctoreS,
713 2110 872 2146 quorum
894 2099 932 2134 in
954 2110 1067 2133 manu
1090 2096 1303 2147 respublica
1321 2104 1416 2142 erat,

300 2157 341 2193 in
370 2165 516 2195 secreto
546 2161 821 2204 consultantes,
843 2174 973 2198 omnes
1003 2162 1047 2198 ad
1069 2174 1200 2198 necem
1221 2160 1301 2212 ejus
1322 2174 1416 2198 con-

299 2222 543 2259 sentiebant:
575 2225 654 2268 sed,
689 2232 815 2262 utrum
844 2233 1092 2270 maturarent,
1123 2240 1172 2263 an
1205 2226 1412 2272 differrent,

298 2284 576 2336 ambigebatur.
632 2289 735 2327 Vicit
753 2303 839 2343 pars
859 2291 1005 2329 avidior
1029 2304 1167 2343 poenae,
1188 2292 1412 2342 missusque,
