1546 2648
372 167 527 197 mmm
550 164 633 194 XL.
667 163 774 192 cAr.
798 164 925 193 1,v11.
1115 151 1192 195 281

88 256 138 294 ris
169 263 335 293 moratus
362 257 508 293 fuerat:
540 254 628 291 inde
654 266 769 303 quum
793 251 1042 303 Amphipolin
1071 253 1194 289 venis·
1212 259 1251 290 U.
1265 259 1302 289 C.
1317 264 1390 294 ⁵7³.

89 328 159 364 set,
181 321 284 369 gravi
315 319 450 356 morbo
480 324 538 354 est
566 316 784 368 inplicitus:
817 316 883 351 sed
911 315 1038 352 animo
1068 322 1194 352 tamen
1209 302 1299 333 A·C·
1318 309 1392 337 179·

90 395 230 432 zegrum
249 383 367 431 magis
387 382 517 424 fuisse,
539 393 651 430 quam
678 391 850 429 corpore,
872 385 1045 414 constat:
1079 379 1196 415 curis-

89 459 161 495 que
191 453 228 482 et
256 445 393 494 vigiliis
418 447 551 494 (quum
580 443 795 480 idemtidem
826 442 967 492 species
998 448 1036 477 et
1056 442 1196 478 umbrae

86 509 250 545 insontis
288 509 476 545 interemti
509 507 574 543 filii
612 507 818 555 agitarent)
859 505 1087 542 exstinctum
1117 518 1198 541 esse

87 587 172 611 cum
202 574 290 610 diris
322 572 646 610 exsecrationibus
679 571 845 608 alterius.
901 570 1048 607 Tamen
1068 572 1196 608 admo·
1210 581 1360 613 Moritur,

86 639 167 675 neri
204 640 391 689 potuisset
426 639 660 687 AntigonuS,
701 637 732 672 si
768 635 870 672 haud
907 635 1035 671 statim
1072 635 1197 686 palam

86 701 188 739 facta
207 709 305 738 esset
323 714 424 738 mors
444 702 555 750 regis.
601 700 775 737 Medicus
798 698 1026 747 Calligenes,
1048 700 1112 749 qui
1132 713 1197 736 cu-

86 766 225 802 rationi
254 773 428 816 praeerat,
448 778 527 801 non
556 770 776 814 exspectata
803 769 926 799 morte
944 764 1057 812 regis,
1079 777 1101 799 a
1119 765 1197 814 pri-

85 829 155 865 mis
185 829 457 879 desperationis
488 829 589 865 notis
622 828 782 864 nuncios
811 827 1108 877 praedispositos,
1142 829 1198 865 ita

87 899 131 929 ut
155 898 396 936 convenerat,
427 893 531 928 misit
550 892 598 928 ad
625 892 828 937 Perseum5
862 899 899 927 et
918 898 1078 928 mortem
1096 894 1195 941 regis

86 958 125 994 in
146 958 348 994 adventum
368 956 447 1008 ejus
464 969 609 1001 omneS,
628 958 692 1006 qui
712 962 819 993 extra
833 956 976 1004 regiam
996 962 1117 1000 erant,
1134 969 1196 994 ce·

85 1019 188 1058 lavit.

137 1083 265 1121 LVII.
295 1083 496 1134 Obpressit
524 1085 640 1133 igitur
669 1083 940 1134 necopinantes
967 1083 1195 1134 ignarosque

85 1160 215 1184 omnes
243 1148 417 1191 Perseus,
444 1154 482 1184 et
509 1160 668 1196 regnum
697 1146 837 1183 scelere
865 1155 1014 1197 partum
1044 1149 1192 1185 invasit.
1207 1157 1338 1189 Perseus

83 1211 374 1262 Peropportuna
405 1224 505 1247 mors
535 1211 703 1261 Philippi
723 1211 796 1247 fuit
825 1212 871 1247 ad
900 1211 1135 1255 dilationem,
1156 1220 1193 1248 et
1207 1210 1346 1274 ἷξῇἓέιὶῃ

83 1276 133 1312 ad
160 1276 256 1311 vires
285 1275 387 1311 bello
417 1276 692 1311 contrahendas
713 1290 720 1310 :
752 1288 842 1311 nam
860 1282 948 1325 post
966 1277 1094 1325 paucis
1115 1276 1193 1312 die-

85 1339 155 1376 bus
176 1352 267 1388 gens
296 1339 583 1382 Bastarnarum,
604 1339 666 1375 diu
695 1338 911 1382 sollicitata,
933 1339 980 1375 ab
1001 1340 1075 1375 suis
1097 1341 1195 1376 sedi-

81 1402 153 1440 bus
183 1416 320 1453 magna
347 1404 516 1454 peditum
546 1404 789 1453 equitumque
817 1416 932 1439 manu
955 1403 1097 1440 Istrum
1116 1411 1194 1441 tra-

77 1465 199 1517 jecit:
231 1468 320 1504 inde
347 1468 579 1517 praegressis,
610 1469 673 1517 qui
702 1468 928 1504 nunciarent
957 1469 1050 1517 regi,
1080 1470 1195 1504 Anti-

84 1542 187 1578 gono
216 1536 255 1566 et
284 1530 442 1566 Cottoni
475 1531 630 1574 (nobilis
661 1538 742 1564 erat
770 1532 988 1574 Bastarna;
1019 1537 1057 1565 et
1081 1533 1195 1566 Anti-

85 1607 207 1644 gonus
235 1596 442 1646 perinvitus
464 1607 549 1631 cum
569 1594 652 1644 ipso
673 1593 842 1630 Cottone
867 1594 1014 1643 legatus
1036 1596 1083 1632 ad
1103 1609 1194 1632 con-

88 1659 258 1696 citandos
287 1659 494 1695 Bastarnas
523 1658 675 1704 missus)
697 1658 799 1694 haud
820 1658 953 1708 procul
971 1659 1197 1709 Amphipoli

85 1722 200 1765 fama,
221 1723 309 1759 inde
338 1723 432 1758 certi
460 1723 589 1758 nuncii
619 1722 882 1765 obcurrerunt,
903 1729 1095 1759 mortuum
1115 1737 1197 1760 esse
1242 1713 1247 1717 ,

87 1799 240 1835 regem:
272 1799 355 1835 quae
383 1799 441 1822 res
468 1798 619 1822 omnem
649 1786 820 1822 ordinem
848 1786 996 1823 consilii
1015 1787 1195 1825 turbavit.

90 1850 354 1900 Compositum
374 1856 499 1886 autem
520 1850 573 1885 sic
592 1850 739 1886 fuerat:
767 1852 969 1887 transitum
987 1864 1054 1901 per
1072 1851 1195 1888 Thra·
1210 1861 1369 1892 Bastarnae

89 1914 186 1950 ciam
215 1920 339 1950 tutum
365 1921 403 1950 et
431 1919 662 1950 commeatus
696 1914 892 1950 Bastarnis
923 1921 966 1950 ut
998 1914 1196 1965 Philippus
1210 1905 1397 1976 ffifffiitagiss

84 1984 308 2028 praestaret:
340 1978 379 2014 id
408 1983 448 2013 ut
475 1977 600 2013 facere
628 1984 770 2027 posset,
791 1978 989 2025 regionum
1009 1979 1197 2028 principes
1210 1957 1405 2020 Dardgiiosf

93 2042 201 2077 donis
236 2041 418 2084 coluerat,
453 2041 523 2077 fide
559 2053 627 2076 sua
663 2041 846 2090 obligata,
877 2047 1013 2091 pacato
1048 2043 1198 2090 agmine

91 2105 315 2141 transituros
335 2105 554 2141 Bastarnas.
611 2104 879 2140 Dardanorum
905 2111 1057 2153 gentem
1076 2105 1198 2141 delere

92 2168 328 2218 propositum
358 2174 452 2212 erat,
482 2169 597 2218 inque
627 2181 756 2205 eorum
787 2182 880 2217 agro
910 2169 1012 2205 sedes
1042 2169 1201 2205 fundare

91 2230 302 2268 Bastarnis,
356 2231 511 2282 Duplex
539 2233 627 2268 inde
656 2239 738 2268 erat
758 2233 997 2269 commodum
1017 2232 1199 2273 futurum,

94 2294 126 2331 si
146 2300 183 2331 et
202 2294 387 2338 Dardani,
409 2307 501 2344 gens
522 2308 668 2347 semper
688 2296 931 2333 infestissima
949 2294 1201 2337 Macedoniae,
