1546 2648
303 99 389 155 326
497 108 501 115 ’
762 110 809 141 τ.
831 110 965 142 mvn

110 202 203 234 uc.
221 198 516 251 579.spiciendas
554 199 910 249 componendasque
950 206 1101 238 senatus
1140 201 1254 237 misit.
1317 199 1410 243 Qui,

111 247 152 278 A*
164 246 202 279 C·
220 252 292 282 ¹⁷³⁰
306 265 502 314 utriusque
523 264 640 315 partis
655 264 887 314 prIncipibus
905 265 1112 314 castigatis,
1134 278 1248 315 quum
1268 263 1410 314 injusto

304 328 454 365 foenore
484 333 680 377 gravatum
709 339 757 364 aes
777 327 955 372 alienum,
974 328 1065 379 ipsis
1084 340 1221 377 magna
1241 341 1288 364 ex
1306 332 1414 378 parte

305 391 615 435 concedentibus,
636 392 700 441 qui
729 399 946 435 onerarant,
965 392 1138 436 levasset,
1163 390 1259 442 justi
1279 390 1412 428 crediti

305 454 535 492 solutionem
548 455 588 491 in
609 457 632 480 ⁴*
654 467 839 491 annorum
859 455 1059 505 pensiones
1079 455 1282 492 distribuit.
1338 454 1412 491 Per

305 519 478 556 eumdem
492 519 659 569 Appium
675 519 882 568 eodemque
897 520 1011 556 modo
1028 520 1247 569 compositae
1262 519 1303 555 in
1317 518 1410 555 Per-

303 583 447 620 rhaebia
474 595 546 619 res,
602 582 823 619 AEtolorum
853 595 1001 619 caussas
1025 582 1229 619 Marcellus
1248 582 1408 633 Delphis

300 659 368 697 per
395 647 496 683 idem
522 652 671 696 tempus
700 646 902 682 hostilibus
933 654 1035 682 actas
1065 647 1215 689 animis,
1235 659 1326 695 quas
1350 647 1409 682 in-

299 710 441 746 testino
461 716 656 758 gesserant
677 709 793 753 belin,
814 710 1008 757 cognovit.
1064 709 1192 748 Quum
1224 715 1408 746 certatum

300 773 489 822 utrimque
507 773 720 809 temeritate
739 780 852 821 atque
875 772 1032 809 audacia
1051 780 1233 816 cerneret,
1255 773 1407 809 decreto

299 837 451 885 quidem
470 849 539 872 suo
558 843 731 873 neutram
760 843 906 887 partem
925 844 990 873 aut
1007 836 1145 879 levare,
1166 844 1231 873 aut
1251 849 1407 873 onerare

298 900 442 937 voluit:
474 902 725 937 communiter
753 901 800 937 ab
831 901 997 949 utrisque
1026 902 1150 951 petiit,
1172 901 1406 937 abstinerent

297 963 413 1008 bello,
434 970 473 1000 et
500 964 692 1000 oblivione
721 966 998 1014 praeteritorum
1018 964 1220 1001 discordias
1240 965 1405 1002 finirent.

297 1027 425 1079 Hujus
444 1029 764 1066 reconciliationis
784 1030 883 1066 inter
901 1030 1003 1078 ipsos
1024 1028 1113 1063 fides
1133 1028 1327 1065 obsidibus
1348 1028 1405 1063 ul-

295 1099 358 1129 tro
387 1095 558 1143 citroque
587 1094 683 1130 datis
713 1094 861 1130 firmata
889 1099 958 1129 est.
1016 1092 1258 1136 Corinthum,
1283 1099 1326 1129 ut
1349 1091 1403 1129 ibi

295 1156 574 1206 deponerentur
593 1157 758 1200 obsides,
779 1157 1014 1192 convenitur.

344 1220 413 1257 VI.
443 1221 479 1257 A
496 1220 657 1271 Delphis
683 1227 723 1257 et
741 1220 914 1257 AEtolico
941 1219 1106 1257 concilio
1130 1219 1334 1256 Marcellus
1361 1221 1402 1256 in

290 1283 598 1334 Peloponnesum
631 1283 795 1335 trajecit,
821 1297 896 1334 quo
928 1285 1080 1321 Achaeis
1113 1284 1280 1321 edixerat
1309 1297 1401 1321 con-

290 1354 458 1385 ventum.
515 1348 607 1392 Ubi,
635 1349 863 1386 conlaudata
891 1356 1020 1397 gente,
1051 1348 1152 1398 quod
1183 1354 1402 1387 constanter

290 1416 397 1447 vetus
433 1411 626 1448 decretum
657 1412 701 1448 de
733 1412 902 1448 arcendis
941 1412 1046 1449 aditu
1082 1412 1213 1449 finium
1246 1411 1397 1460 regibus

287 1472 545 1510 Macedonum
586 1475 812 1518 tenuissent,
857 1475 1005 1523 insigne
1045 1476 1219 1512 adversus
1259 1474 1398 1511 Persea

288 1537 418 1574 odium
440 1538 705 1575 Romanorum
724 1539 815 1575 fecit
834 1553 841 1575 ε
874 1539 977 1588 quod
1002 1544 1042 1575 ut
1061 1540 1243 1575 maturius
1273 1551 1397 1575 erum-

288 1608 408 1651 peret,
437 1602 627 1639 Eumenes
657 1616 736 1646 rex,
762 1604 1075 1640 commentarium
1104 1602 1227 1640 ferens
1257 1615 1398 1646 secum,

289 1666 390 1713 quod
409 1666 456 1702 de
484 1666 724 1716 adparatibus
744 1666 833 1703 belli
863 1668 992 1704 omnia
1020 1667 1213 1716 inquirens
1241 1665 1397 1709 fecerat,

76 1724 180 1764 Legati
197 1724 231 1754 in
289 1727 455 1765 Romam
473 1730 590 1765 venit.
645 1730 718 1766 Per
747 1730 846 1766 idem
868 1739 1015 1780 tempus
1035 1731 1201 1780 quinque
1219 1729 1334 1778 legati
1352 1730 1401 1766 ad

73 1768 227 1839 ἓξὲξ·
289 1804 417 1840 regem
453 1793 572 1835 missi,
610 1793 674 1841 qui
706 1805 764 1829 res
807 1794 848 1829 in
883 1793 1113 1830 Macedonia
1149 1794 1398 1844 adspicerent.

74 1852 268 1893 AEgyptum.
288 1855 558 1892 Alexandriam
578 1856 691 1893 iidem
719 1857 765 1893 ad
790 1857 1039 1894 Ptolemaeum
1058 1857 1283 1894 renovandae
1303 1859 1399 1894 ami-

289 1920 387 1956 citiae
404 1932 536 1956 caussa
554 1920 741 1970 proficisci
754 1920 864 1971 jussi.
902 1920 1039 1970 Legati
1059 1927 1166 1958 erant
1184 1921 1239 1964 hi,
1261 1921 1305 1958 C.
1321 1921 1398 1957 Va-

287 1982 416 2027 lerius,
449 1984 519 2020 Cn.
539 1983 717 2020 Lutatius
756 1985 891 2029 Cerco,
925 1984 974 2024 Q.
994 1984 1147 2021 Baebius
1181 1984 1306 2028 Sulca,
1338 1984 1396 2022 M.

289 2046 488 2083 Cornelius
516 2047 742 2091 Mammula,
771 2049 828 2086 M.
851 2049 1024 2086 Caecilius
1053 2049 1210 2085 Denter.
1266 2049 1318 2085 Et
1348 2048 1405 2086 ab·

76 2117 182 2165 Legati
199 2116 238 2147 ab
287 2109 483 2146 Antiocho
512 2123 601 2159 rege
630 2110 699 2147 sub
730 2112 830 2148 idem
858 2119 1006 2162 tempus
1035 2111 1152 2160 legati
1183 2117 1394 2148 venerunt:

74 2160 237 2189 A¹¹⁸¹⁰⁶h⁰
288 2185 450 2222 quorum
477 2174 649 2224 princeps
678 2175 921 2225 Apollonius,
942 2176 979 2212 in
1010 2182 1184 2212 senatum
1201 2175 1396 2212 introduc-

75 2202 158 2231 Rom

73 2212 219 2278 vemuaxff.
289 2242 364 2282 tus,
387 2236 514 2276 multis
533 2236 728 2290 justisque
755 2239 896 2276 caussis
917 2251 1045 2289 regem
1063 2238 1270 2284 excusavit,
1293 2239 1409 2282 Quod.-
