<?xml version="1.0" encoding="UTF-8"?>
<!DOCTYPE html PUBLIC "-//W3C//DTD XHTML 1.0 Transitional//EN"
    "http://www.w3.org/TR/xhtml1/DTD/xhtml1-transitional.dtd">
<html xmlns="http://www.w3.org/1999/xhtml" xml:lang="en" lang="en">
 <head>
  <title>
</title>
<meta http-equiv="Content-Type" content="text/html;charset=utf-8" />
  <meta name='ocr-system' content='tesseract 3.04.00' />
  <meta name='ocr-capabilities' content='ocr_page ocr_carea ocr_par ocr_line ocrx_word'/>
</head>
<body>
  <div class='ocr_page' id='page_1' title='image "./historiarumquaes04livyuoft/historiarumquaes04livyuoft_0460.png"; bbox 0 0 1546 2648; ppageno 0'>
   <div class='ocr_carea' id='block_1_1' title="bbox 311 196 959 243">
    <p class='ocr_par' dir='ltr' id='par_1_1' title="bbox 311 196 959 243">
     <span class='ocr_line' id='line_1_1' title="bbox 311 196 959 243; baseline 0 -13"><span class='ocrx_word' id='word_1_1' title='bbox 311 196 397 243; x_wconf 83' lang='lat'><strong>450</strong></span> <span class='ocrx_word' id='word_1_2' title='bbox 751 200 796 230; x_wconf 82' lang='lat' dir='ltr'><strong>T.</strong></span> <span class='ocrx_word' id='word_1_3' title='bbox 827 201 959 231; x_wconf 79' lang='lat' dir='ltr'><strong>mvn</strong></span> 
     </span>
    </p>
   </div>
   <div class='ocr_carea' id='block_1_2' title="bbox 96 288 1421 345">
    <p class='ocr_par' dir='ltr' id='par_1_2' title="bbox 96 288 1421 345">
     <span class='ocr_line' id='line_1_2' title="bbox 96 288 1421 345; baseline 0.011 -27"><span class='ocrx_word' id='word_1_4' title='bbox 96 290 138 318; x_wconf 84' lang='lat' dir='ltr'><strong>U.</strong></span> <span class='ocrx_word' id='word_1_5' title='bbox 151 288 188 320; x_wconf 91' lang='lat' dir='ltr'><strong>C.</strong></span> <span class='ocrx_word' id='word_1_6' title='bbox 208 294 280 321; x_wconf 79' lang='lat'>584.</span> <span class='ocrx_word' id='word_1_7' title='bbox 313 289 500 334; x_wconf 77' lang='lat' dir='ltr'><strong>homineS,</strong></span> <span class='ocrx_word' id='word_1_8' title='bbox 520 288 634 327; x_wconf 89' lang='lat' dir='ltr'><strong>finem</strong></span> <span class='ocrx_word' id='word_1_9' title='bbox 653 301 733 327; x_wconf 88' lang='lat' dir='ltr'><strong>esse</strong></span> <span class='ocrx_word' id='word_1_10' title='bbox 752 290 1004 329; x_wconf 87' lang='lat' dir='ltr'><strong>Macedonico</strong></span> <span class='ocrx_word' id='word_1_11' title='bbox 1023 291 1138 337; x_wconf 87' lang='lat' dir='ltr'><strong>bello,</strong></span> <span class='ocrx_word' id='word_1_12' title='bbox 1159 299 1421 345; x_wconf 86' lang='lat' dir='ltr'><strong>maturumque</strong></span> 
     </span>
    </p>
   </div>
   <div class='ocr_carea' id='block_1_3' title="bbox 49 332 1430 2329">
    <p class='ocr_par' dir='ltr' id='par_1_3' title="bbox 94 332 1260 406">
     <span class='ocr_line' id='line_1_3' title="bbox 94 332 1260 406; baseline 0.003 -16"><span class='ocrx_word' id='word_1_13' title='bbox 94 332 137 362; x_wconf 64' lang='lat' dir='ltr'><strong>A‘</strong></span> <span class='ocrx_word' id='word_1_14' title='bbox 153 332 189 363; x_wconf 81' lang='lat' dir='ltr'><strong>C&#39;</strong></span> <span class='ocrx_word' id='word_1_15' title='bbox 209 338 280 364; x_wconf 68' lang='lat'><strong>¹⁶⁸·</strong></span> <span class='ocrx_word' id='word_1_16' title='bbox 313 353 476 391; x_wconf 88' lang='lat' dir='ltr'><strong>reditum</strong></span> <span class='ocrx_word' id='word_1_17' title='bbox 494 366 579 391; x_wconf 90' lang='lat' dir='ltr'><strong>cum</strong></span> <span class='ocrx_word' id='word_1_18' title='bbox 599 355 751 404; x_wconf 86' lang='lat' dir='ltr'><strong>egregio</strong></span> <span class='ocrx_word' id='word_1_19' title='bbox 770 356 964 406; x_wconf 86' lang='lat' dir='ltr'><strong>triumpho</strong></span> <span class='ocrx_word' id='word_1_20' title='bbox 984 356 1147 393; x_wconf 88' lang='lat' dir='ltr'><strong>consulis</strong></span> <span class='ocrx_word' id='word_1_21' title='bbox 1166 357 1260 395; x_wconf 87' lang='lat' dir='ltr'><strong>sore.</strong></span> 
     </span>
    </p>

    <p class='ocr_par' dir='ltr' id='par_1_4' title="bbox 49 404 1416 487">
     <span class='ocr_line' id='line_1_4' title="bbox 49 404 1416 487; baseline 0.004 -33"><span class='ocrx_word' id='word_1_22' title='bbox 49 449 54 454; x_wconf 85' lang='lat'>.</span> <span class='ocrx_word' id='word_1_23' title='bbox 95 404 296 487; x_wconf 52' lang='grc' dir='ltr'><strong>ξὲἷίῗὲἒὼὶ</strong></span> <span class='ocrx_word' id='word_1_24' title='bbox 359 418 521 457; x_wconf 90' lang='grc' dir='ltr'><strong>ΧΧΙΙΙ.</strong></span> <span class='ocrx_word' id='word_1_25' title='bbox 575 419 681 456; x_wconf 93' lang='lat' dir='ltr'><strong>Dum</strong></span> <span class='ocrx_word' id='word_1_26' title='bbox 708 421 790 456; x_wconf 86' lang='lat' dir='ltr'><strong>haec</strong></span> <span class='ocrx_word' id='word_1_27' title='bbox 812 421 852 456; x_wconf 90' lang='lat' dir='ltr'><strong>in</strong></span> <span class='ocrx_word' id='word_1_28' title='bbox 878 420 990 457; x_wconf 88' lang='lat' dir='ltr'><strong>Italia</strong></span> <span class='ocrx_word' id='word_1_29' title='bbox 1015 429 1211 470; x_wconf 86' lang='lat' dir='ltr'><strong>geruntur,</strong></span> <span class='ocrx_word' id='word_1_30' title='bbox 1241 422 1416 466; x_wconf 89' lang='lat' dir='ltr'><strong>Perseus,</strong></span> 
     </span>
    </p>

    <p class='ocr_par' dir='ltr' id='par_1_5' title="bbox 98 482 1430 2329">
     <span class='ocr_line' id='line_1_5' title="bbox 98 482 1419 537; baseline 0.004 -19"><span class='ocrx_word' id='word_1_31' title='bbox 98 490 266 523; x_wconf 82' lang='lat' dir='ltr'><strong>Gentium.</strong></span> <span class='ocrx_word' id='word_1_32' title='bbox 311 483 412 532; x_wconf 90' lang='lat' dir='ltr'><strong>quod</strong></span> <span class='ocrx_word' id='word_1_33' title='bbox 424 482 508 534; x_wconf 85' lang='lat' dir='ltr'><strong>jam</strong></span> <span class='ocrx_word' id='word_1_34' title='bbox 524 483 743 520; x_wconf 87' lang='lat' dir='ltr'><strong>inchoatum</strong></span> <span class='ocrx_word' id='word_1_35' title='bbox 762 484 954 534; x_wconf 89' lang='lat' dir='ltr'><strong>perficere,</strong></span> <span class='ocrx_word' id='word_1_36' title='bbox 971 486 1059 534; x_wconf 89' lang='lat' dir='ltr'><strong>quia</strong></span> <span class='ocrx_word' id='word_1_37' title='bbox 1077 487 1235 536; x_wconf 88' lang='lat' dir='ltr'><strong>inpensa</strong></span> <span class='ocrx_word' id='word_1_38' title='bbox 1250 487 1419 537; x_wconf 87' lang='lat' dir='ltr'><strong>pecuniae</strong></span> 
     </span>
     <span class='ocr_line' id='line_1_6' title="bbox 310 539 1418 593; baseline 0.003 -10"><span class='ocrx_word' id='word_1_39' title='bbox 310 545 484 584; x_wconf 86' lang='lat' dir='ltr'><strong>facienda</strong></span> <span class='ocrx_word' id='word_1_40' title='bbox 516 554 610 591; x_wconf 87' lang='lat' dir='ltr'><strong>erat,</strong></span> <span class='ocrx_word' id='word_1_41' title='bbox 639 539 717 584; x_wconf 74' lang='lat' dir='ltr'><strong>non</strong></span> <span class='ocrx_word' id='word_1_42' title='bbox 749 548 953 585; x_wconf 85' lang='lat' dir='ltr'><strong>inducebat</strong></span> <span class='ocrx_word' id='word_1_43' title='bbox 979 549 1016 584; x_wconf 90' lang='lat' dir='ltr'><strong>in</strong></span> <span class='ocrx_word' id='word_1_44' title='bbox 1045 550 1226 593; x_wconf 85' lang='lat' dir='ltr'><strong>animum,</strong></span> <span class='ocrx_word' id='word_1_45' title='bbox 1255 556 1296 586; x_wconf 90' lang='lat' dir='ltr'><strong>ut</strong></span> <span class='ocrx_word' id='word_1_46' title='bbox 1315 550 1418 586; x_wconf 87' lang='lat' dir='ltr'><strong>Geu-</strong></span> 
     </span>
     <span class='ocr_line' id='line_1_7' title="bbox 311 610 1422 663; baseline 0.004 -17"><span class='ocrx_word' id='word_1_47' title='bbox 311 610 407 646; x_wconf 89' lang='lat' dir='ltr'><strong>tium</strong></span> <span class='ocrx_word' id='word_1_48' title='bbox 427 610 644 660; x_wconf 82' lang='lat' dir='ltr'><strong>lllyriorum</strong></span> <span class='ocrx_word' id='word_1_49' title='bbox 667 623 795 660; x_wconf 84' lang='lat' dir='ltr'><strong>regem</strong></span> <span class='ocrx_word' id='word_1_50' title='bbox 818 611 890 647; x_wconf 89' lang='lat' dir='ltr'><strong>sibi</strong></span> <span class='ocrx_word' id='word_1_51' title='bbox 920 610 1142 661; x_wconf 81' lang='lat' dir='ltr'><strong>adjungeret</strong></span> <span class='ocrx_word' id='word_1_52' title='bbox 1156 629 1166 658; x_wconf 80' lang='lat'><em>3</em></span> <span class='ocrx_word' id='word_1_53' title='bbox 1197 613 1286 656; x_wconf 89' lang='lat' dir='ltr'><strong>hoc,</strong></span> <span class='ocrx_word' id='word_1_54' title='bbox 1315 621 1422 663; x_wconf 87' lang='lat' dir='ltr'><strong>post-</strong></span> 
     </span>
     <span class='ocr_line' id='line_1_8' title="bbox 311 673 1421 723; baseline 0.004 -13"><span class='ocrx_word' id='word_1_55' title='bbox 311 687 424 723; x_wconf 87' lang='lat' dir='ltr'><strong>quam</strong></span> <span class='ocrx_word' id='word_1_56' title='bbox 443 675 604 711; x_wconf 85' lang='lat' dir='ltr'><strong>intrasse</strong></span> <span class='ocrx_word' id='word_1_57' title='bbox 624 674 762 710; x_wconf 90' lang='lat' dir='ltr'><strong>saltum</strong></span> <span class='ocrx_word' id='word_1_58' title='bbox 782 673 993 718; x_wconf 82' lang='lat' dir='ltr'><strong>Romanos,</strong></span> <span class='ocrx_word' id='word_1_59' title='bbox 1015 682 1052 711; x_wconf 88' lang='lat' dir='ltr'><strong>et</strong></span> <span class='ocrx_word' id='word_1_60' title='bbox 1071 676 1201 712; x_wconf 84' lang='lat' dir='ltr'>adesse</span> <span class='ocrx_word' id='word_1_61' title='bbox 1220 677 1421 714; x_wconf 85' lang='lat' dir='ltr'>discrimen</span> 
     </span>
     <span class='ocr_line' id='line_1_9' title="bbox 311 737 1424 783; baseline 0.004 -9"><span class='ocrx_word' id='word_1_62' title='bbox 311 737 487 775; x_wconf 90' lang='lat' dir='ltr'><strong>ultimum</strong></span> <span class='ocrx_word' id='word_1_63' title='bbox 515 738 605 775; x_wconf 87' lang='lat' dir='ltr'><strong>belli</strong></span> <span class='ocrx_word' id='word_1_64' title='bbox 631 739 910 783; x_wconf 85' lang='lat' dir='ltr'><strong>animadvertit,</strong></span> <span class='ocrx_word' id='word_1_65' title='bbox 941 752 1020 776; x_wconf 88' lang='lat' dir='ltr'><strong>non</strong></span> <span class='ocrx_word' id='word_1_66' title='bbox 1048 739 1148 776; x_wconf 90' lang='lat' dir='ltr'><strong>ultra</strong></span> <span class='ocrx_word' id='word_1_67' title='bbox 1178 740 1424 778; x_wconf 86' lang='lat' dir='ltr'><strong>differendum</strong></span> 
     </span>
     <span class='ocr_line' id='line_1_10' title="bbox 310 803 1425 854; baseline 0.004 -16"><span class='ocrx_word' id='word_1_68' title='bbox 310 808 413 839; x_wconf 90' lang='lat' dir='ltr'><strong>ratus</strong></span> <span class='ocrx_word' id='word_1_69' title='bbox 431 818 441 849; x_wconf 91' lang='lat'>;</span> <span class='ocrx_word' id='word_1_70' title='bbox 473 816 590 853; x_wconf 90' lang='lat' dir='ltr'><strong>quum</strong></span> <span class='ocrx_word' id='word_1_71' title='bbox 608 816 675 854; x_wconf 85' lang='lat' dir='ltr'><strong>per</strong></span> <span class='ocrx_word' id='word_1_72' title='bbox 693 803 878 854; x_wconf 85' lang='lat' dir='ltr'>Hippiam</span> <span class='ocrx_word' id='word_1_73' title='bbox 896 804 1064 854; x_wconf 86' lang='lat' dir='ltr'><strong>legatum</strong></span> <span class='ocrx_word' id='word_1_74' title='bbox 1086 811 1257 841; x_wconf 88' lang='lat' dir='ltr'><strong>trecenta</strong></span> <span class='ocrx_word' id='word_1_75' title='bbox 1275 806 1425 854; x_wconf 85' lang='lat' dir='ltr'>argenti</span> 
     </span>
     <span class='ocr_line' id='line_1_11' title="bbox 309 866 1424 919; baseline 0.003 -16"><span class='ocrx_word' id='word_1_76' title='bbox 309 866 454 904; x_wconf 88' lang='lat' dir='ltr'><strong>talenta</strong></span> <span class='ocrx_word' id='word_1_77' title='bbox 469 874 602 919; x_wconf 89' lang='lat' dir='ltr'><strong>pactus</strong></span> <span class='ocrx_word' id='word_1_78' title='bbox 625 875 737 913; x_wconf 88' lang='lat' dir='ltr'><strong>esset,</strong></span> <span class='ocrx_word' id='word_1_79' title='bbox 754 869 809 905; x_wconf 88' lang='lat' dir='ltr'><strong>ita</strong></span> <span class='ocrx_word' id='word_1_80' title='bbox 826 874 867 905; x_wconf 91' lang='lat' dir='ltr'><strong>ut</strong></span> <span class='ocrx_word' id='word_1_81' title='bbox 886 868 1036 906; x_wconf 89' lang='lat' dir='ltr'><strong>obsides</strong></span> <span class='ocrx_word' id='word_1_82' title='bbox 1052 869 1153 906; x_wconf 88' lang='lat' dir='ltr'><strong>ultro</strong></span> <span class='ocrx_word' id='word_1_83' title='bbox 1169 870 1339 919; x_wconf 89' lang='lat' dir='ltr'><strong>citroque</strong></span> <span class='ocrx_word' id='word_1_84' title='bbox 1359 870 1424 907; x_wconf 86' lang='lat' dir='ltr'><strong>da-</strong></span> 
     </span>
     <span class='ocr_line' id='line_1_12' title="bbox 309 933 1423 977; baseline 0.001 -8"><span class='ocrx_word' id='word_1_85' title='bbox 309 939 454 977; x_wconf 81' lang='lat' dir='ltr'><strong>rentur,</strong></span> <span class='ocrx_word' id='word_1_86' title='bbox 475 934 740 972; x_wconf 82' lang='lat' dir='ltr'><strong>Pantauchum</strong></span> <span class='ocrx_word' id='word_1_87' title='bbox 771 935 888 977; x_wconf 88' lang='lat' dir='ltr'><strong>misit,</strong></span> <span class='ocrx_word' id='word_1_88' title='bbox 920 947 966 971; x_wconf 85' lang='lat' dir='ltr'><strong>ex</strong></span> <span class='ocrx_word' id='word_1_89' title='bbox 991 934 1180 971; x_wconf 83' lang='lat' dir='ltr'><strong>fidissimis</strong></span> <span class='ocrx_word' id='word_1_90' title='bbox 1207 934 1351 977; x_wconf 86' lang='lat' dir='ltr'><strong>amicis,</strong></span> <span class='ocrx_word' id='word_1_91' title='bbox 1375 933 1423 970; x_wconf 84' lang='lat' dir='ltr'><strong>ad</strong></span> 
     </span>
     <span class='ocr_line' id='line_1_13' title="bbox 310 998 1422 1048; baseline 0.001 -15"><span class='ocrx_word' id='word_1_92' title='bbox 310 1009 355 1034; x_wconf 85' lang='lat' dir='ltr'><strong>ea</strong></span> <span class='ocrx_word' id='word_1_93' title='bbox 373 998 612 1048; x_wconf 86' lang='lat' dir='ltr'><strong>perficienda.</strong></span> <span class='ocrx_word' id='word_1_94' title='bbox 668 999 858 1036; x_wconf 87' lang='lat' dir='ltr'><strong>Medeone</strong></span> <span class='ocrx_word' id='word_1_95' title='bbox 878 999 1098 1036; x_wconf 85' lang='lat' dir='ltr'><strong>Labeatidis</strong></span> <span class='ocrx_word' id='word_1_96' title='bbox 1123 1004 1234 1035; x_wconf 82' lang='lat' dir='ltr'><strong>terrae</strong></span> <span class='ocrx_word' id='word_1_97' title='bbox 1253 998 1422 1034; x_wconf 88' lang='lat' dir='ltr'><strong>Pantau-</strong></span> 
     </span>
     <span class='ocr_line' id='line_1_14' title="bbox 309 1062 1422 1113; baseline 0.001 -15"><span class='ocrx_word' id='word_1_98' title='bbox 309 1062 402 1099; x_wconf 86' lang='lat' dir='ltr'><strong>chus</strong></span> <span class='ocrx_word' id='word_1_99' title='bbox 432 1064 512 1112; x_wconf 87' lang='lat' dir='ltr'><strong>regi</strong></span> <span class='ocrx_word' id='word_1_100' title='bbox 545 1063 676 1113; x_wconf 85' lang='lat' dir='ltr'><strong>Illyrio</strong></span> <span class='ocrx_word' id='word_1_101' title='bbox 707 1063 900 1100; x_wconf 85' lang='lat' dir='ltr'><strong>obcurrit:</strong></span> <span class='ocrx_word' id='word_1_102' title='bbox 933 1063 987 1100; x_wconf 86' lang='lat' dir='ltr'><strong>ibi</strong></span> <span class='ocrx_word' id='word_1_103' title='bbox 1017 1070 1056 1099; x_wconf 88' lang='lat' dir='ltr'><strong>et</strong></span> <span class='ocrx_word' id='word_1_104' title='bbox 1080 1062 1347 1113; x_wconf 84' lang='lat' dir='ltr'><strong>jusjurandum</strong></span> <span class='ocrx_word' id='word_1_105' title='bbox 1374 1062 1422 1099; x_wconf 92' lang='lat' dir='ltr'><strong>ab</strong></span> 
     </span>
     <span class='ocr_line' id='line_1_15' title="bbox 309 1124 1425 1177; baseline 0.001 -16"><span class='ocrx_word' id='word_1_106' title='bbox 309 1137 399 1175; x_wconf 89' lang='lat' dir='ltr'><strong>rege</strong></span> <span class='ocrx_word' id='word_1_107' title='bbox 418 1132 457 1162; x_wconf 89' lang='lat' dir='ltr'><strong>et</strong></span> <span class='ocrx_word' id='word_1_108' title='bbox 475 1125 626 1163; x_wconf 90' lang='lat' dir='ltr'><strong>obsides</strong></span> <span class='ocrx_word' id='word_1_109' title='bbox 655 1128 824 1177; x_wconf 89' lang='lat' dir='ltr'><strong>accepit:</strong></span> <span class='ocrx_word' id='word_1_110' title='bbox 857 1127 992 1162; x_wconf 88' lang='lat' dir='ltr'><strong>missus</strong></span> <span class='ocrx_word' id='word_1_111' title='bbox 1013 1133 1051 1162; x_wconf 89' lang='lat' dir='ltr'><strong>et</strong></span> <span class='ocrx_word' id='word_1_112' title='bbox 1076 1139 1099 1161; x_wconf 90' lang='lat' dir='ltr'><strong>a</strong></span> <span class='ocrx_word' id='word_1_113' title='bbox 1123 1126 1265 1161; x_wconf 87' lang='lat' dir='ltr'><strong>Gentio</strong></span> <span class='ocrx_word' id='word_1_114' title='bbox 1294 1132 1352 1161; x_wconf 90' lang='lat' dir='ltr'><strong>est</strong></span> <span class='ocrx_word' id='word_1_115' title='bbox 1369 1124 1425 1162; x_wconf 84' lang='lat' dir='ltr'><strong>le-</strong></span> 
     </span>
     <span class='ocr_line' id='line_1_16' title="bbox 309 1189 1424 1241; baseline 0.002 -16"><span class='ocrx_word' id='word_1_116' title='bbox 309 1194 436 1237; x_wconf 86' lang='lat' dir='ltr'><strong>gatus,</strong></span> <span class='ocrx_word' id='word_1_117' title='bbox 456 1191 612 1227; x_wconf 87' lang='lat' dir='ltr'><strong>nomine</strong></span> <span class='ocrx_word' id='word_1_118' title='bbox 643 1191 838 1241; x_wconf 85' lang='lat' dir='ltr'><strong>Olympio,</strong></span> <span class='ocrx_word' id='word_1_119' title='bbox 859 1191 924 1240; x_wconf 91' lang='lat' dir='ltr'><strong>qui</strong></span> <span class='ocrx_word' id='word_1_120' title='bbox 942 1189 1211 1240; x_wconf 86' lang='lat' dir='ltr'><strong>jusjurandum</strong></span> <span class='ocrx_word' id='word_1_121' title='bbox 1238 1203 1262 1226; x_wconf 83' lang='lat' dir='ltr'><strong>a</strong></span> <span class='ocrx_word' id='word_1_122' title='bbox 1282 1189 1424 1227; x_wconf 90' lang='lat' dir='ltr'><strong>Perseo</strong></span> 
     </span>
     <span class='ocr_line' id='line_1_17' title="bbox 309 1251 1425 1303; baseline 0.002 -15"><span class='ocrx_word' id='word_1_123' title='bbox 309 1251 535 1303; x_wconf 85' lang='lat' dir='ltr'><strong>obsidesque</strong></span> <span class='ocrx_word' id='word_1_124' title='bbox 554 1255 735 1303; x_wconf 87' lang='lat' dir='ltr'><strong>exigeret.</strong></span> <span class='ocrx_word' id='word_1_125' title='bbox 793 1254 889 1290; x_wconf 91' lang='lat' dir='ltr'><strong>Cum</strong></span> <span class='ocrx_word' id='word_1_126' title='bbox 910 1254 1042 1290; x_wconf 87' lang='lat' dir='ltr'><strong>eodem</strong></span> <span class='ocrx_word' id='word_1_127' title='bbox 1066 1253 1113 1289; x_wconf 87' lang='lat' dir='ltr'><strong>ad</strong></span> <span class='ocrx_word' id='word_1_128' title='bbox 1141 1254 1341 1303; x_wconf 89' lang='lat' dir='ltr'><strong>pecuniam</strong></span> <span class='ocrx_word' id='word_1_129' title='bbox 1360 1266 1425 1290; x_wconf 85' lang='lat' dir='ltr'><strong>ac-</strong></span> 
     </span>
     <span class='ocr_line' id='line_1_18' title="bbox 310 1316 1426 1367; baseline 0.002 -15"><span class='ocrx_word' id='word_1_130' title='bbox 310 1316 522 1367; x_wconf 90' lang='lat' dir='ltr'><strong>cipiendam</strong></span> <span class='ocrx_word' id='word_1_131' title='bbox 553 1319 658 1355; x_wconf 88' lang='lat' dir='ltr'><strong>missi</strong></span> <span class='ocrx_word' id='word_1_132' title='bbox 685 1326 788 1362; x_wconf 91' lang='lat' dir='ltr'><strong>sunt,</strong></span> <span class='ocrx_word' id='word_1_133' title='bbox 827 1325 878 1362; x_wconf 88' lang='lat' dir='ltr'><strong>et,</strong></span> <span class='ocrx_word' id='word_1_134' title='bbox 909 1326 1063 1355; x_wconf 88' lang='lat' dir='ltr'><strong>auctore</strong></span> <span class='ocrx_word' id='word_1_135' title='bbox 1092 1317 1329 1361; x_wconf 88' lang='lat' dir='ltr'><strong>Pantaucho,</strong></span> <span class='ocrx_word' id='word_1_136' title='bbox 1360 1318 1426 1367; x_wconf 90' lang='lat' dir='ltr'><strong>qui</strong></span> 
     </span>
     <span class='ocr_line' id='line_1_19' title="bbox 309 1376 1424 1431; baseline 0.001 -15"><span class='ocrx_word' id='word_1_137' title='bbox 309 1378 493 1419; x_wconf 89' lang='lat' dir='ltr'><strong>Rhodum</strong></span> <span class='ocrx_word' id='word_1_138' title='bbox 518 1381 634 1431; x_wconf 86' lang='lat' dir='ltr'><strong>legati</strong></span> <span class='ocrx_word' id='word_1_139' title='bbox 660 1395 745 1419; x_wconf 90' lang='lat' dir='ltr'><strong>cum</strong></span> <span class='ocrx_word' id='word_1_140' title='bbox 774 1381 1052 1419; x_wconf 80' lang='lat' dir='ltr'><strong>Macedonibus</strong></span> <span class='ocrx_word' id='word_1_141' title='bbox 1078 1382 1190 1425; x_wconf 88' lang='lat' dir='ltr'><strong>irent,</strong></span> <span class='ocrx_word' id='word_1_142' title='bbox 1220 1376 1424 1418; x_wconf 85' lang='lat' dir='ltr'><strong>Parmenio</strong></span> 
     </span>
     <span class='ocr_line' id='line_1_20' title="bbox 310 1445 1422 1496; baseline 0 -15"><span class='ocrx_word' id='word_1_143' title='bbox 310 1450 349 1481; x_wconf 83' lang='lat' dir='ltr'><strong>et</strong></span> <span class='ocrx_word' id='word_1_144' title='bbox 366 1445 524 1482; x_wconf 90' lang='lat' dir='ltr'><strong>Morcus</strong></span> <span class='ocrx_word' id='word_1_145' title='bbox 545 1447 806 1483; x_wconf 86' lang='lat' dir='ltr'><strong>destinantur:</strong></span> <span class='ocrx_word' id='word_1_146' title='bbox 840 1446 976 1496; x_wconf 90' lang='lat' dir='ltr'><strong>quibus</strong></span> <span class='ocrx_word' id='word_1_147' title='bbox 1006 1447 1059 1483; x_wconf 89' lang='lat' dir='ltr'><strong>ita</strong></span> <span class='ocrx_word' id='word_1_148' title='bbox 1090 1446 1324 1490; x_wconf 88' lang='lat' dir='ltr'><strong>mandatum,</strong></span> <span class='ocrx_word' id='word_1_149' title='bbox 1352 1447 1422 1490; x_wconf 82' lang='lat' dir='ltr'><strong>uti,</strong></span> 
     </span>
     <span class='ocr_line' id='line_1_21' title="bbox 302 1506 1423 1560; baseline 0.001 -16"><span class='ocrx_word' id='word_1_150' title='bbox 302 1506 569 1559; x_wconf 87' lang='lat' dir='ltr'><strong>jurejurando,</strong></span> <span class='ocrx_word' id='word_1_151' title='bbox 590 1510 873 1559; x_wconf 84' lang='lat' dir='ltr'><strong>obsidibusque,</strong></span> <span class='ocrx_word' id='word_1_152' title='bbox 895 1517 933 1547; x_wconf 88' lang='lat' dir='ltr'><strong>et</strong></span> <span class='ocrx_word' id='word_1_153' title='bbox 952 1510 1112 1560; x_wconf 86' lang='lat' dir='ltr'><strong>pecunia</strong></span> <span class='ocrx_word' id='word_1_154' title='bbox 1142 1516 1311 1560; x_wconf 90' lang='lat' dir='ltr'><strong>accepta,</strong></span> <span class='ocrx_word' id='word_1_155' title='bbox 1341 1516 1423 1546; x_wconf 88' lang='lat' dir='ltr'><strong>tum</strong></span> 
     </span>
     <span class='ocr_line' id='line_1_22' title="bbox 311 1571 1428 1624; baseline 0.002 -17"><span class='ocrx_word' id='word_1_156' title='bbox 311 1571 463 1609; x_wconf 88' lang='lat' dir='ltr'><strong>demum</strong></span> <span class='ocrx_word' id='word_1_157' title='bbox 481 1572 662 1610; x_wconf 90' lang='lat' dir='ltr'><strong>Rhodum</strong></span> <span class='ocrx_word' id='word_1_158' title='bbox 681 1573 1008 1624; x_wconf 88' lang='lat' dir='ltr'><strong>proficiscerentur</strong></span> <span class='ocrx_word' id='word_1_159' title='bbox 1025 1588 1032 1610; x_wconf 93' lang='lat'><strong>:</strong></span> <span class='ocrx_word' id='word_1_160' title='bbox 1067 1574 1219 1609; x_wconf 83' lang='lat' dir='ltr'><strong>duorum</strong></span> <span class='ocrx_word' id='word_1_161' title='bbox 1237 1574 1344 1609; x_wconf 77' lang='lat' dir='ltr'><strong>simul</strong></span> <span class='ocrx_word' id='word_1_162' title='bbox 1370 1585 1428 1609; x_wconf 79' lang='lat' dir='ltr'><strong>re-</strong></span> 
     </span>
     <span class='ocr_line' id='line_1_23' title="bbox 306 1637 1430 1683; baseline 0.001 -12"><span class='ocrx_word' id='word_1_163' title='bbox 306 1647 396 1683; x_wconf 76' lang='lat' dir='ltr'><strong>gum</strong></span> <span class='ocrx_word' id='word_1_164' title='bbox 426 1639 569 1673; x_wconf 80' lang='lat' dir='ltr'><strong>nomine</strong></span> <span class='ocrx_word' id='word_1_165' title='bbox 604 1639 752 1674; x_wconf 77' lang='lat' dir='ltr'><strong>incitari</strong></span> <span class='ocrx_word' id='word_1_166' title='bbox 786 1637 947 1674; x_wconf 75' lang='lat' dir='ltr'><strong>Rhodios</strong></span> <span class='ocrx_word' id='word_1_167' title='bbox 981 1638 1031 1673; x_wconf 83' lang='lat' dir='ltr'><strong>ad</strong></span> <span class='ocrx_word' id='word_1_168' title='bbox 1062 1637 1192 1673; x_wconf 84' lang='lat' dir='ltr'><strong>bellum</strong></span> <span class='ocrx_word' id='word_1_169' title='bbox 1224 1637 1430 1673; x_wconf 81' lang='lat' dir='ltr'><strong>Romanum</strong></span> 
     </span>
     <span class='ocr_line' id='line_1_24' title="bbox 307 1701 1429 1750; baseline 0 -13"><span class='ocrx_word' id='word_1_170' title='bbox 307 1712 410 1748; x_wconf 84' lang='lat' dir='ltr'><strong>posse</strong></span> <span class='ocrx_word' id='word_1_171' title='bbox 425 1717 437 1737; x_wconf 91' lang='lat'><strong>.·</strong></span> <span class='ocrx_word' id='word_1_172' title='bbox 461 1701 671 1749; x_wconf 79' lang='lat' dir='ltr'><strong>adjunctam</strong></span> <span class='ocrx_word' id='word_1_173' title='bbox 690 1704 884 1745; x_wconf 76' lang='lat' dir='ltr'><strong>civitatem,</strong></span> <span class='ocrx_word' id='word_1_174' title='bbox 903 1714 1010 1750; x_wconf 80' lang='lat' dir='ltr'><strong>penes</strong></span> <span class='ocrx_word' id='word_1_175' title='bbox 1029 1714 1135 1750; x_wconf 82' lang='lat' dir='ltr'><strong>quam</strong></span> <span class='ocrx_word' id='word_1_176' title='bbox 1153 1714 1261 1738; x_wconf 84' lang='lat' dir='ltr'><strong>unam</strong></span> <span class='ocrx_word' id='word_1_177' title='bbox 1282 1706 1358 1738; x_wconf 84' lang='lat' dir='ltr'><strong>tum</strong></span> <span class='ocrx_word' id='word_1_178' title='bbox 1375 1702 1429 1737; x_wconf 77' lang='lat' dir='ltr'><strong>rei</strong></span> 
     </span>
     <span class='ocr_line' id='line_1_25' title="bbox 308 1764 1427 1814; baseline 0 -14"><span class='ocrx_word' id='word_1_179' title='bbox 308 1767 451 1802; x_wconf 77' lang='lat' dir='ltr'><strong>navalis</strong></span> <span class='ocrx_word' id='word_1_180' title='bbox 465 1767 585 1814; x_wconf 77' lang='lat' dir='ltr'><strong>gloria</strong></span> <span class='ocrx_word' id='word_1_181' title='bbox 604 1772 703 1810; x_wconf 80' lang='lat' dir='ltr'><strong>esset,</strong></span> <span class='ocrx_word' id='word_1_182' title='bbox 718 1779 782 1803; x_wconf 84' lang='lat' dir='ltr'><strong>nec</strong></span> <span class='ocrx_word' id='word_1_183' title='bbox 797 1772 894 1803; x_wconf 85' lang='lat' dir='ltr'><strong>terra</strong></span> <span class='ocrx_word' id='word_1_184' title='bbox 911 1779 976 1803; x_wconf 79' lang='lat' dir='ltr'><strong>nec</strong></span> <span class='ocrx_word' id='word_1_185' title='bbox 992 1768 1086 1802; x_wconf 78' lang='lat' dir='ltr'><strong>mari</strong></span> <span class='ocrx_word' id='word_1_186' title='bbox 1103 1778 1201 1814; x_wconf 84' lang='lat' dir='ltr'><strong>spem</strong></span> <span class='ocrx_word' id='word_1_187' title='bbox 1217 1764 1427 1801; x_wconf 79' lang='lat' dir='ltr'><strong>relicturani</strong></span> 
     </span>
     <span class='ocr_line' id='line_1_26' title="bbox 310 1829 1425 1880; baseline -0.001 -15"><span class='ocrx_word' id='word_1_188' title='bbox 310 1829 498 1867; x_wconf 70' lang='lat' dir='ltr'><strong>Romanis.</strong></span> <span class='ocrx_word' id='word_1_189' title='bbox 554 1830 804 1867; x_wconf 88' lang='lat' dir='ltr'><strong>Venientibus</strong></span> <span class='ocrx_word' id='word_1_190' title='bbox 835 1830 974 1880; x_wconf 87' lang='lat' dir='ltr'><strong>Illyriis</strong></span> <span class='ocrx_word' id='word_1_191' title='bbox 1005 1830 1177 1873; x_wconf 87' lang='lat' dir='ltr'><strong>Perseus,</strong></span> <span class='ocrx_word' id='word_1_192' title='bbox 1208 1829 1255 1865; x_wconf 85' lang='lat' dir='ltr'><strong>ab</strong></span> <span class='ocrx_word' id='word_1_193' title='bbox 1275 1829 1425 1879; x_wconf 88' lang='lat' dir='ltr'><strong>Enipeo</strong></span> 
     </span>
     <span class='ocr_line' id='line_1_27' title="bbox 312 1892 1425 1943; baseline -0.002 -13"><span class='ocrx_word' id='word_1_194' title='bbox 312 1894 414 1929; x_wconf 84' lang='lat' dir='ltr'><strong>amni</strong></span> <span class='ocrx_word' id='word_1_195' title='bbox 443 1906 491 1930; x_wconf 79' lang='lat' dir='ltr'><strong>ex</strong></span> <span class='ocrx_word' id='word_1_196' title='bbox 519 1895 650 1930; x_wconf 84' lang='lat' dir='ltr'><strong>castris</strong></span> <span class='ocrx_word' id='word_1_197' title='bbox 680 1906 765 1930; x_wconf 89' lang='lat' dir='ltr'><strong>cum</strong></span> <span class='ocrx_word' id='word_1_198' title='bbox 801 1895 905 1930; x_wconf 90' lang='lat' dir='ltr'><strong>omni</strong></span> <span class='ocrx_word' id='word_1_199' title='bbox 941 1893 1112 1942; x_wconf 79' lang='lat' dir='ltr'><strong>equitatu</strong></span> <span class='ocrx_word' id='word_1_200' title='bbox 1140 1892 1348 1943; x_wconf 76' lang='lat' dir='ltr'><strong>profectuS,</strong></span> <span class='ocrx_word' id='word_1_201' title='bbox 1378 1892 1425 1928; x_wconf 90' lang='lat' dir='ltr'><strong>ad</strong></span> 
     </span>
     <span class='ocr_line' id='line_1_28' title="bbox 311 1956 1426 2006; baseline -0.002 -13"><span class='ocrx_word' id='word_1_202' title='bbox 311 1956 430 1994; x_wconf 87' lang='lat' dir='ltr'><strong>Dium</strong></span> <span class='ocrx_word' id='word_1_203' title='bbox 451 1957 632 1996; x_wconf 88' lang='lat' dir='ltr'><strong>obcurrit.</strong></span> <span class='ocrx_word' id='word_1_204' title='bbox 689 1958 750 1994; x_wconf 87' lang='lat' dir='ltr'><strong>Ibi</strong></span> <span class='ocrx_word' id='word_1_205' title='bbox 780 1970 838 2001; x_wconf 90' lang='lat' dir='ltr'><strong>ea,</strong></span> <span class='ocrx_word' id='word_1_206' title='bbox 859 1970 942 2006; x_wconf 85' lang='lat' dir='ltr'><strong>quae</strong></span> <span class='ocrx_word' id='word_1_207' title='bbox 969 1963 1240 1999; x_wconf 88' lang='lat' dir='ltr'><strong>convenerunt,</strong></span> <span class='ocrx_word' id='word_1_208' title='bbox 1265 1957 1426 1992; x_wconf 85' lang='lat' dir='ltr'><strong>circum-</strong></span> 
     </span>
     <span class='ocr_line' id='line_1_29' title="bbox 311 2019 1425 2072; baseline -0.003 -13"><span class='ocrx_word' id='word_1_209' title='bbox 311 2021 400 2058; x_wconf 86' lang='lat' dir='ltr'><strong>fuso</strong></span> <span class='ocrx_word' id='word_1_210' title='bbox 435 2023 586 2072; x_wconf 86' lang='lat' dir='ltr'><strong>agmine</strong></span> <span class='ocrx_word' id='word_1_211' title='bbox 622 2023 791 2072; x_wconf 88' lang='lat' dir='ltr'><strong>equitum</strong></span> <span class='ocrx_word' id='word_1_212' title='bbox 832 2022 958 2068; x_wconf 86' lang='lat' dir='ltr'><strong>facta;</strong></span> <span class='ocrx_word' id='word_1_213' title='bbox 1003 2033 1097 2071; x_wconf 90' lang='lat' dir='ltr'><strong>quos</strong></span> <span class='ocrx_word' id='word_1_214' title='bbox 1131 2021 1259 2057; x_wconf 87' lang='lat' dir='ltr'><strong>adesse</strong></span> <span class='ocrx_word' id='word_1_215' title='bbox 1291 2019 1425 2056; x_wconf 85' lang='lat' dir='ltr'><strong>foederi</strong></span> 
     </span>
     <span class='ocr_line' id='line_1_30' title="bbox 313 2084 1424 2133; baseline -0.003 -11"><span class='ocrx_word' id='word_1_216' title='bbox 313 2087 468 2123; x_wconf 82' lang='lat' dir='ltr'><strong>sancitae</strong></span> <span class='ocrx_word' id='word_1_217' title='bbox 489 2100 574 2124; x_wconf 91' lang='lat' dir='ltr'><strong>cum</strong></span> <span class='ocrx_word' id='word_1_218' title='bbox 594 2087 737 2124; x_wconf 88' lang='lat' dir='ltr'><strong>Gentio</strong></span> <span class='ocrx_word' id='word_1_219' title='bbox 757 2088 949 2124; x_wconf 89' lang='lat' dir='ltr'><strong>societatis</strong></span> <span class='ocrx_word' id='word_1_220' title='bbox 970 2086 1121 2123; x_wconf 81' lang='lat' dir='ltr'><strong>volebat</strong></span> <span class='ocrx_word' id='word_1_221' title='bbox 1149 2098 1228 2127; x_wconf 88' lang='lat' dir='ltr'><strong>rex,</strong></span> <span class='ocrx_word' id='word_1_222' title='bbox 1253 2084 1424 2133; x_wconf 84' lang='lat' dir='ltr'><strong>aliquan·</strong></span> 
     </span>
     <span class='ocr_line' id='line_1_31' title="bbox 312 2148 1424 2199; baseline -0.003 -13"><span class='ocrx_word' id='word_1_223' title='bbox 312 2155 396 2186; x_wconf 89' lang='lat' dir='ltr'><strong>tum</strong></span> <span class='ocrx_word' id='word_1_224' title='bbox 421 2163 505 2187; x_wconf 84' lang='lat' dir='ltr'><strong>eam</strong></span> <span class='ocrx_word' id='word_1_225' title='bbox 534 2164 612 2188; x_wconf 75' lang='lat' dir='ltr'><strong>reni</strong></span> <span class='ocrx_word' id='word_1_226' title='bbox 644 2158 747 2188; x_wconf 87' lang='lat' dir='ltr'><strong>ratus</strong></span> <span class='ocrx_word' id='word_1_227' title='bbox 777 2153 988 2189; x_wconf 89' lang='lat' dir='ltr'><strong>animorum</strong></span> <span class='ocrx_word' id='word_1_228' title='bbox 1021 2151 1064 2186; x_wconf 92' lang='lat' dir='ltr'><strong>iis</strong></span> <span class='ocrx_word' id='word_1_229' title='bbox 1096 2148 1353 2199; x_wconf 82' lang='lat' dir='ltr'><strong>adjecturam:</strong></span> <span class='ocrx_word' id='word_1_230' title='bbox 1386 2153 1424 2184; x_wconf 85' lang='lat' dir='ltr'><strong>et</strong></span> 
     </span>
     <span class='ocr_line' id='line_1_32' title="bbox 313 2213 1421 2266; baseline -0.002 -16"><span class='ocrx_word' id='word_1_231' title='bbox 313 2213 463 2251; x_wconf 87' lang='lat' dir='ltr'><strong>obsides</strong></span> <span class='ocrx_word' id='word_1_232' title='bbox 490 2215 528 2251; x_wconf 89' lang='lat' dir='ltr'><strong>in</strong></span> <span class='ocrx_word' id='word_1_233' title='bbox 556 2222 763 2266; x_wconf 85' lang='lat' dir='ltr'><strong>conspectu</strong></span> <span class='ocrx_word' id='word_1_234' title='bbox 782 2217 951 2252; x_wconf 88' lang='lat' dir='ltr'><strong>omnium</strong></span> <span class='ocrx_word' id='word_1_235' title='bbox 972 2215 1062 2257; x_wconf 87' lang='lat' dir='ltr'><strong>dati,</strong></span> <span class='ocrx_word' id='word_1_236' title='bbox 1093 2214 1337 2264; x_wconf 83' lang='lat' dir='ltr'><strong>acceptique:</strong></span> <span class='ocrx_word' id='word_1_237' title='bbox 1369 2219 1421 2255; x_wconf 87' lang='lat' dir='ltr'><strong>et,</strong></span> 
     </span>
     <span class='ocr_line' id='line_1_33' title="bbox 311 2276 1420 2329; baseline -0.002 -15"><span class='ocrx_word' id='word_1_238' title='bbox 311 2276 454 2316; x_wconf 88' lang='lat' dir='ltr'><strong>Pellam</strong></span> <span class='ocrx_word' id='word_1_239' title='bbox 476 2279 523 2316; x_wconf 92' lang='lat' dir='ltr'><strong>ad</strong></span> <span class='ocrx_word' id='word_1_240' title='bbox 541 2279 738 2317; x_wconf 90' lang='lat' dir='ltr'><strong>thesauros</strong></span> <span class='ocrx_word' id='word_1_241' title='bbox 759 2280 883 2329; x_wconf 87' lang='lat' dir='ltr'><strong>regios</strong></span> <span class='ocrx_word' id='word_1_242' title='bbox 903 2279 1040 2321; x_wconf 87' lang='lat' dir='ltr'><strong>missis,</strong></span> <span class='ocrx_word' id='word_1_243' title='bbox 1062 2278 1125 2328; x_wconf 88' lang='lat' dir='ltr'><strong>qui</strong></span> <span class='ocrx_word' id='word_1_244' title='bbox 1141 2277 1339 2329; x_wconf 86' lang='lat' dir='ltr'><strong>pecuniam</strong></span> <span class='ocrx_word' id='word_1_245' title='bbox 1358 2288 1420 2312; x_wconf 88' lang='lat' dir='ltr'><strong>ac-</strong></span> 
     </span>
    </p>
   </div>
   <div class='ocr_carea' id='block_1_4' title="bbox 1536 3 1546 101">
    <p class='ocr_par' dir='ltr' id='par_1_6' title="bbox 1536 3 1546 101">
     <span class='ocr_line' id='line_1_34' title="bbox 1536 3 1546 101; textangle 90"><span class='ocrx_word' id='word_1_246' title='bbox 1536 3 1546 101; x_wconf 57' lang='lat' dir='ltr'><strong>„Am-—</strong></span> 
     </span>
    </p>
   </div>
  </div>
 </body>
</html>
