1546 2648
316 220 469 251 LIBER
494 219 624 250 xml.
657 219 765 248 cAr.
788 219 895 248 XXI·
1078 219 1159 263 341

54 312 177 362 prImo
197 323 346 361 quoque
375 311 435 346 die
453 309 660 346 faciendos.
714 308 774 345 Ea
800 308 929 344 omnia
958 320 1043 345 cum
1073 309 1266 345 curauc.
1282 315 1356 340 πο.

54 375 168 412 facta.
215 375 432 425 Aruspices‚
448 374 488 410 in
507 373 651 410 bonum
666 384 859 409 versurum
874 371 913 408 id
931 372 1161 421 prodigium,
1174 355 1213 385 A·
1229 353 1266 384 C·
1283 358 1357 387 ¹⁷⁹⁶
1377 396 1379 398 -

56 438 382 488 prolationemque
398 437 530 473 finium
549 444 587 472 et
601 437 797 472 interitum
812 434 1058 485 perduellium
1075 448 1164 485 por-

55 501 173 544 tendi,
200 500 498 550 responderunt3
531 499 632 549 quod
659 512 706 536 ex
727 498 900 534 hostibus
931 497 1054 548 spolia
1071 498 1165 534 fuis-

56 570 140 600 sent
158 576 203 600 ea
219 571 357 607 rostra,
379 577 462 612 quae
484 569 688 613 tempestas
709 561 929 612 disjecisset.
985 562 1167 598 Accesse-

55 634 157 671 runt,
179 641 262 676 quae
281 627 516 664 cumularent
534 627 736 676 religiones
760 627 907 663 animis.
965 626 1166 669 Saturniae‚

57 692 279 727 nunciatum
312 698 406 734 erat,
445 692 629 740 sanguine
664 704 731 741 per
760 691 926 727 triduum
957 691 995 727 in
1027 690 1170 741 oppido

58 753 221 804 pluisse:
254 753 411 789 Calatiae
430 754 578 790 asinum
592 754 776 804 tripedem
797 760 942 797 natum,
963 760 1002 790 et
1018 759 1171 791 taurum

61 830 146 853 cum
166 817 331 865 quinque
359 818 481 852 vaccis
511 829 588 852 uno
618 818 696 853 ictu
724 817 891 853 fulminis
921 817 1171 854 exanimato&

61 880 216 917 Auximi
234 886 334 915 terra
359 879 510 929 pluisse.
566 879 717 916 Horum
738 892 888 929 quoque
913 880 1173 930 prodigiorum

63 954 196 978 caussa
221 954 278 978 res
300 942 434 978 divinae
464 941 589 985 factae,
614 948 651 978 et
680 943 907 992 supplicatio
937 955 1054 979 unum
1072 943 1172 979 diem

60 1005 239 1054 feriaeque
257 1005 410 1042 habitae.

116 1068 234 1105 XXI.
264 1068 448 1105 Consules
479 1069 526 1105 ad
553 1069 591 1105 id
618 1075 766 1120 tempus
792 1070 831 1105 in
856 1069 1069 1120 provincias
1095 1080 1175 1104 non

64 1132 249 1174 exierant,
270 1132 358 1180 quia
388 1144 523 1180 neque,
559 1133 615 1168 uti
640 1133 684 1169 de
712 1132 769 1169 M.
792 1132 957 1182 Popillio
976 1131 1175 1174 referrent,

67 1196 214 1231 senatui
251 1195 571 1244 obsequebantur,
612 1204 664 1239 et,
701 1196 797 1232 nihil
840 1196 942 1232 aliud
976 1196 1178 1232 decernere

66 1259 184 1308 prius,
206 1265 388 1294 statutum
409 1259 585 1295 Patribus
607 1266 698 1297 erat.
754 1260 881 1296 Aucta
903 1261 1017 1296 etiam
1036 1259 1179 1295 invidia

66 1326 125 1357 est
142 1320 295 1370 Popillii
315 1320 432 1357 literis
453 1321 548 1370 ejus,
569 1322 704 1370 quibus
725 1323 861 1359 iterum
880 1335 966 1359 cum
986 1320 1178 1358 Statiella-

66 1382 167 1419 tibus
182 1382 388 1431 Liguribus
404 1384 608 1434 proconsul
627 1397 816 1435 pugnasse
835 1398 874 1422 se
893 1386 1057 1435 scripsit,
1074 1397 1118 1420 ac
1137 1395 1176 1420 se
1191 1389 1252 1420 Res
1268 1388 1301 1418 in
1319 1388 1370 1418 Li-

67 1446 196 1483 decem
209 1445 325 1483 millia
341 1459 470 1483 eorum
483 1447 683 1483 occidisse:
707 1454 862 1498 propter
877 1447 935 1498 cuj
943 1461 982 1484 us
999 1446 1050 1497 inj
1058 1447 1177 1483 uriam
1189 1433 1279 1472 gum
1287 1437 1394 1472 3²⁸⁹·

68 1508 160 1546 beni
179 1510 293 1546 ceteri
312 1523 462 1560 quoque
479 1510 666 1559 Ligurum
695 1510 827 1561 populi
846 1511 892 1547 ad
918 1523 1023 1547 arma
1040 1511 1179 1546 ierunt.

70 1572 171 1609 Tum
189 1586 277 1610 vero
309 1587 387 1610 non
417 1574 551 1610 absens
585 1575 699 1611 modo
729 1575 928 1625 Popillius,
959 1575 1024 1623 qui
1043 1573 1179 1610 deditis

73 1644 207 1673 contra
218 1636 283 1687 jus
303 1650 346 1674 ac
365 1637 422 1674 fas
442 1638 583 1674 bellum
603 1638 806 1682 intulisset,
823 1645 862 1675 et
879 1647 1034 1688 pacatos
1056 1638 1103 1674 ad
1121 1649 1181 1673 re-

72 1699 228 1736 bellium
252 1701 460 1744 incitasset,
492 1701 557 1737 sed
586 1701 774 1745 consules,
805 1702 906 1750 quod
925 1714 1005 1737 non
1034 1701 1183 1736 exirent
1212 1728 1218 1733 „

72 1764 112 1801 in
138 1765 386 1814 provinciam,
416 1766 455 1800 in
489 1772 623 1801 senatu
659 1766 856 1815 increpiti:
888 1765 962 1801 hoc
995 1775 1184 1800 consensu

71 1827 229 1864 Patrum
262 1828 409 1864 accensi
441 1827 498 1864 M.
520 1828 688 1865 Marcius
720 1829 852 1864 Sermo
885 1836 923 1864 et
952 1827 1182 1867 Q.Marcius

74 1891 211 1941 Scylla,
231 1891 374 1927 tribuni
394 1892 529 1942 plebis,
548 1902 585 1928 et
600 1892 818 1929 consulibus
835 1892 993 1928 multam
1010 1904 1049 1927 se
1062 1891 1185 1927 dictu-

72 1968 150 2006 ros,
183 1957 256 1991 nisi
284 1957 324 1992 in
352 1957 585 2006 provinciam
619 1958 779 1999 exirent,
816 1956 1115 2000 denunciarunt3
1148 1961 1187 1989 et

74 2021 328 2070 rogationem,
349 2034 459 2070 quam
480 2022 525 2057 de
552 2021 759 2069 Liguribus
780 2020 915 2056 deditis
944 2018 1187 2070 promulgare

76 2086 116 2121 in
131 2086 257 2121 animo
269 2085 468 2128 haberent,
490 2086 529 2121 in
552 2091 686 2121 senatu
705 2085 925 2120 recitarunt.
981 2081 1187 2119 Sancieba-

69 2156 152 2191 -tur,
174 2155 216 2185 ut
234 2152 294 2197 qui
311 2162 353 2186 ex
371 2150 549 2186 Statiellis
567 2150 698 2184 deditis
724 2150 762 2184 in
786 2148 986 2184 libertatem
1004 2147 1190 2182 restitutus

78 2217 162 2249 ante
181 2213 365 2249 Kalendas
393 2214 546 2250 Sextiles
572 2214 713 2261 primas
741 2224 813 2247 non
842 2216 942 2254 esset,
976 2209 1076 2257 cujus
1104 2210 1189 2246 dolo

77 2277 174 2313 malo
194 2278 223 2312 is
241 2278 279 2312 in
291 2279 496 2313 servitutem
514 2278 677 2319 venisset,
693 2280 735 2311 ut
743 2274 891 2322 juratus
907 2279 1050 2311 senatus
1068 2275 1189 2310 decer·

76 2346 188 2382 neret,
216 2342 277 2389 qui
301 2352 378 2377 eam
404 2353 479 2377 rem
498 2344 671 2389 quaereret
695 2340 1074 2387 animadverteretque.
1128 2336 1193 2373 Ex

595 2402 674 2442 03
