1546 2648
394 151 550 181 LIBER
573 147 680 178 xm.
714 146 821 177 CAP.
846 147 980 177 xvn.
1158 149 1240 194 303

124 239 361 290 religionem,
378 238 479 288 quod
496 237 568 274 Cn.
585 235 785 273 Cornelius
802 234 949 279 consul,
968 247 1013 271 ex
1029 242 1159 273 monte
1175 237 1243 273 Al·
1257 242 1298 273 U.
1310 241 1347 272 C.
1365 246 1439 276 ⁵76.

123 303 226 341 bano
245 303 407 347 rediens,
437 301 628 340 concidit:
662 305 714 343 et,
740 305 849 350 parte
877 298 1132 336 membrorum
1155 314 1244 351 cap·
1256 284 1346 317 A'C·
1365 290 1438 320 ¹7⁶¹

123 375 200 411 tus,
218 367 265 404 ad
278 368 407 416 Aquas
426 366 616 402 Cumanas
631 363 825 414 profectus
842 363 1127 410 ingravescente
1142 377 1245 401 mor-

124 433 191 477 bo,
214 434 343 470 Cumis
365 433 537 469 decessit.
596 430 670 467 Sed
689 429 777 466 inde
795 436 967 464 mortuus
988 427 1152 464 Romam
1181 430 1245 466 ad-

124 497 238 541 latus,
272 504 311 534 et
338 497 471 534 funere
503 495 707 545 magnifico
741 493 861 530 elatus
895 492 1139 543 sepultusque
1173 501 1243 531 est.

124 561 308 599 Pontifex
335 562 435 598 idem
466 561 604 597 fuerat.
663 558 808 596 Consul
840 557 1093 601 Q.Petillius,
1128 570 1244 607 quum

126 626 288 676 primum
320 638 388 676 per
425 625 595 674 auspicia
629 631 772 673 posset,
809 621 965 670 collegae
999 621 1245 669 subrogando

126 690 282 726 comitia
293 688 588 740 haberejiissus,
608 695 645 724 et
661 688 821 724 Latinas
839 687 983 722 edicere
998 701 1005 722 ε
1030 687 1185 722 comitia
1204 687 1244 722 in

126 761 215 791 ante
234 755 333 791 diem
362 755 518 790 tertium
543 753 679 789 Nonas
711 751 886 793 Sextiles,
907 750 1066 787 Latinas
1085 751 1124 786 in
1155 756 1244 787 ante

126 818 225 854 diem
256 819 411 853 tertium
442 817 531 853 Idus
554 815 714 852 Sextiles
745 815 875 851 edixit.
931 813 1058 850 Plenis
1089 814 1243 864 religio-

126 894 216 917 num
236 881 386 923 animis,
406 881 580 930 prodigia
600 881 754 929 insuper
773 879 976 914 nunciata:
1008 878 1165 914 Tusculi
1184 879 1242 915 fa-

126 958 205 981 cem
224 946 263 980 in
280 944 377 982 coelo
394 945 526 988 visam,
545 944 678 980 Gabiis
699 944 815 979 aedem
831 942 1021 992 Apollinis
1039 949 1078 978 et
1096 944 1244 993 privata

127 1009 284 1046 aedificia
313 1008 521 1059 complura,
555 1008 744 1044 Graviscis
774 1020 923 1043 murum
952 1014 1177 1056 portamque
1197 1009 1243 1044 de

127 1073 225 1109 coelo
241 1080 355 1109 tacta.
411 1074 470 1109 Ea
486 1079 611 1122 patres
632 1071 841 1122 procurari,
864 1071 919 1106 uti
933 1071 1131 1120 pontifices
1153 1085 1241 1108 cen-

127 1137 305 1180 suissent,
319 1136 529 1186 jusserunt.
589 1135 694 1172 Dum
714 1134 886 1172 consules
906 1136 1068 1185 primum
1087 1136 1243 1185 religio-

126 1214 208 1243 nes,
230 1201 364 1237 deinde
385 1200 544 1237 alterum
561 1200 714 1237 alterius
735 1212 852 1242 mom,
869 1207 906 1236 et
927 1201 1094 1242 comitia,
1113 1207 1150 1236 ct
1165 1201 1244 1237 La-

127 1266 293 1301 tinarum
322 1265 620 1300 instaurationes
650 1266 863 1314 inpediunt,
893 1265 1044 1300 interim
1067 1265 1109 1301 C.
1129 1265 1244 1302 Clau-

127 1329 208 1366 dius
235 1330 443 1365 exercitum
473 1329 520 1365 ad
547 1328 755 1372 Mutinam,
786 1342 899 1378 quam
927 1329 1088 1378 Ligures
1118 1331 1244 1380 priore

127 1407 229 1430 anno
259 1399 450 1444 ceperant,
472 1394 651 1430 admovit.
709 1394 811 1430 Ante
837 1395 1018 1436 triduum,
1041 1395 1245 1443 quamob-

126 1471 296 1508 pugnare
316 1465 498 1508 coeperat,
529 1466 719 1507 receptam
740 1471 786 1495 ex
814 1458 989 1494 hostibus
1020 1458 1166 1495 colonis
1187 1473 1246 1496 re-

128 1523 265 1559 stituit.
312 1522 414 1559 Octo
435 1522 554 1559 millia
573 1522 627 1558 ibi
644 1522 832 1571 Ligurum
852 1523 954 1558 intra
973 1536 1100 1559 muros
1122 1537 1242 1571 caesa3

126 1586 320 1635 literaeque
339 1586 504 1622 Romam
521 1587 713 1637 extemplo
728 1588 892 1636 scriptae,
910 1587 1046 1635 quibus
1064 1600 1142 1624 non
1161 1602 1246 1626 mo-

128 1650 176 1686 do
196 1663 274 1686 rem
294 1657 516 1701 exponeret,
538 1651 603 1687 sed
623 1652 737 1687 etiam
758 1650 998 1700 gloriaretur,
1020 1664 1088 1688 sua
1106 1654 1247 1689 virtute
1260 1698 1267 1703 s

126 1727 170 1750 ac
188 1713 372 1751 felicitate
399 1715 590 1750 neminem
604 1714 687 1765 jam
717 1716 769 1751 cis
790 1715 906 1765 Alpes
935 1715 1085 1751 hostem
1114 1717 1246 1766 populi

126 1776 319 1815 Romani:
352 1778 510 1828 agrique
543 1778 779 1828 aliquantum
814 1785 980 1830 captum,
1016 1781 1082 1829 qui
1116 1780 1244 1817 multis

127 1842 294 1879 millibus
313 1843 514 1880 hominum
534 1843 648 1879 dividi
670 1844 806 1880 viritim
827 1851 970 1894 posset.

180 1906 314 1944 XVII.
344 1908 397 1943 Et
415 1908 475 1944 Ti.
491 1909 736 1958 Sempronius
753 1909 887 1945 eodem
905 1915 1077 1959 tempore
1094 1909 1134 1945 in
1156 1910 1243 1947 Sar·
1255 1917 1402 1951 Sardinia

128 1970 232 2007 dinia
265 1970 395 2007 multis
433 1972 608 2008 secundis
645 1971 789 2021 proeliis
828 1971 966 2007 Sardos
1004 1973 1217 2021 perdomuit
1233 1990 1241 2010 ;
1256 1969 1378 2000 meam·

128 2036 343 2084 quindecim
363 2035 482 2072 millia
510 2036 679 2072 hostium
707 2041 796 2071 sunt
826 2047 932 2072 caesa.
990 2035 1135 2073 Omnes
1157 2038 1244 2074 Sar-

130 2099 263 2135 dorum
291 2100 437 2150 populi,
459 2101 522 2149 qui
543 2099 772 2143 defecerant,
801 2100 842 2136 in
861 2100 1045 2137 ditionem
1073 2101 1242 2138 redacti:

130 2163 383 2213 stipendiariis
413 2164 603 2201 veteribus
637 2164 776 2215 duplex
807 2164 971 2215 vectigal
1002 2166 1243 2216 imperatum,

129 2234 402 2277 exactumque:
435 2230 550 2265 ceteri
564 2229 796 2266 frumentum
809 2229 1065 2267 contulerunt.
1102 2230 1247 2267 Pacata

128 2292 339 2345 provincia,
359 2292 630 2344 obsidibusque
657 2307 706 2333 ex
724 2301 808 2333 tota
835 2294 960 2332 insula
978 2295 1149 2332 ducentis
1175 2296 1245 2331 tri-
