1546 2648
166 284 210 315 U.
221 283 257 316 C.
276 290 349 319 568.

165 328 207 360 A.
220 328 258 360 C.
277 335 349 360 184.

157 2091 298 2132 hilippus

162 2136 333 2167 emetrium

129 2178 165 2209 F.
179 2177 319 2211 Romam

128 2221 240 2255 mittit.

364 200 444 243 192
488 181 492 187 ⁴
815 199 863 229 T.
887 199 1022 230 mvn

361 287 408 325 Id
435 286 536 339 apud
562 286 761 324 Romanos
786 286 934 336 legatos
955 293 1154 336 querentes
1176 293 1254 323 tam
1274 286 1473 325 crudeliter

361 352 535 389 adversus
556 351 733 387 innoxios
758 350 991 394 Maronitas,
1011 357 1091 387 tam
1118 349 1279 402 superbe
1297 351 1471 388 adversus

359 415 542 466 populum
571 414 789 451 Romanum
818 413 977 457 factum,
1008 421 1064 457 ut,
1096 413 1231 464 quibus
1258 413 1473 451 libertatem

358 478 630 515 restituendam
651 483 803 513 senatus
824 479 1045 520 censuisset,
1063 478 1089 514 ii
1109 490 1178 529 pro
1197 477 1370 514 hostibus
1390 484 1471 514 tru-

358 542 587 585 cidarentur,
622 540 828 583 abnuebat,
868 543 1061 590 quidquam
1090 554 1209 578 eorum
1242 543 1292 578 ad
1325 553 1375 586 se,
1406 547 1472 579 aut

357 619 571 656 quemquam
587 618 732 642 suorum
750 607 941 654 pertinere.
989 606 1172 642 Seditione
1191 608 1285 643 inter
1303 608 1395 655 ipsos
1413 607 1470 643 di-

356 672 544 713 micatum,
565 682 672 719 quum
692 671 758 706 alii
776 671 825 706 ad
851 682 900 711 se,
922 671 989 706 alii
1007 671 1054 706 ad
1075 670 1269 706 Eumenem
1288 671 1472 706 civitatem

356 735 540 772 traherent
555 750 567 771 :
595 735 634 771 id
645 733 767 783 facile
785 736 934 770 scituros
952 746 1047 770 esse.-
1072 738 1393 783 percunctarentur
1413 735 1469 782 ip·

354 811 411 836 sos
429 799 637 836 Maronitas
651 815 664 836 .·
691 798 791 835 haud
812 798 962 842 dubius,
982 798 1162 849 perculsis
1189 797 1365 835 omnibus
1390 803 1467 835 ter-

355 876 442 901 rore
470 870 549 900 tam
577 864 739 900 recentis
769 863 894 907 caedis,
915 863 1105 900 neminem
1127 862 1272 900 hiscere
1291 862 1467 899 adversus

355 939 394 964 se
414 939 606 964 ausurum.
647 927 800 976 Negare
818 927 980 977 Appius,
999 927 1087 963 Rem
1104 928 1299 963 evidentem
1317 939 1385 976 pro
1402 928 1468 964 du-

353 992 412 1028 bia
431 993 660 1040 quaerendam
676 1008 689 1028 .·
718 993 748 1028 si
763 991 806 1028 ab
823 1004 860 1028 se
879 992 1020 1040 culpam
1038 1002 1216 1027 removere
1231 991 1349 1034 vellet,
1372 992 1467 1028 Ono·

351 1062 508 1092 mustum
535 1061 570 1092 et
601 1055 838 1099 Casandrum,
866 1067 931 1104 per
960 1067 1046 1104 quos
1074 1059 1156 1090 acta
1194 1067 1250 1090 res
1277 1055 1465 1097 diceretur,

351 1121 510 1157 mitteret
546 1119 714 1162 Romam,
746 1124 786 1155 ut
814 1130 870 1155 eos
901 1123 1044 1154 senatus
1075 1119 1304 1166 percunctari
1335 1123 1473 1166 posset.-

350 1182 482 1219 Primo
502 1183 596 1219 adeo
616 1182 851 1233 perturbavit
867 1193 911 1218 ea
927 1193 1002 1217 vox
1022 1192 1162 1229 regem,
1183 1187 1223 1215 ut
1244 1192 1321 1216 non
1341 1180 1461 1225 color,

351 1259 431 1284 non
461 1246 584 1284 vultus
613 1248 648 1283 ei
678 1252 893 1284 constaret:
925 1245 1074 1288 deinde,
1105 1243 1279 1281 conlecto
1308 1244 1462 1288 tandem

353 1311 495 1354 animo,
515 1311 752 1354 Casandrum,
770 1311 830 1358 qui
848 1307 1188 1357 Maroneaefuisset,
1204 1310 1234 1345 si
1253 1310 1376 1357 utique
1392 1310 1466 1346 vel·

352 1376 440 1419 lent,
459 1388 495 1412 se
518 1377 707 1412 missurum
726 1374 834 1411 dixit.
888 1375 950 1411 Ad
971 1374 1203 1410 Onomastum
1222 1374 1362 1422 quidem
1381 1374 1468 1423 quid

351 1452 431 1477 eam
449 1452 524 1477 rem
547 1441 743 1489 pertinere,
763 1440 825 1488 qui
850 1450 922 1475 non
949 1440 1052 1475 modo
1071 1437 1267 1481 Maroneae,
1286 1439 1349 1475 sed
1365 1450 1410 1475 ne
1428 1440 1466 1476 in

350 1504 494 1551 regione
508 1503 652 1551 quidem
666 1504 873 1551 propinqua
880 1501 1017 1551 fuisset
1029 1503 1050 1538 .9
1077 1501 1129 1538 Et
1144 1500 1324 1552 parcebat
1342 1501 1462 1551 magis

351 1565 581 1610 Onomasto,
600 1566 840 1603 honoratiori
869 1566 1006 1609 amico,
1027 1573 1065 1602 et
1095 1565 1268 1602 eumdem
1295 1564 1459 1603 indicem

349 1630 451 1667 haud
479 1630 608 1682 paullo
636 1630 720 1682 plus
747 1630 934 1676 timebat3
967 1630 1055 1680 quia
1083 1635 1121 1666 et
1149 1629 1230 1680 ipse
1248 1641 1461 1669 sermonem

349 1706 436 1730 cum
465 1706 511 1730 eo
541 1694 769 1738 contulerat,
790 1700 828 1730 et
857 1693 1063 1730 multorum
1093 1692 1224 1730 talium
1245 1693 1458 1731 ministrum

349 1764 388 1795 et
406 1759 602 1795 conscium
620 1757 799 1797 habebat.
847 1757 1040 1794 Casander
1058 1769 1221 1807 quoque,
1241 1757 1379 1800 missis,
1395 1757 1460 1806 qui

346 1834 415 1873 per
442 1823 602 1873 Epirum
631 1823 678 1859 ad
705 1835 808 1860 mare
837 1827 1154 1872 prosequerentur
1183 1833 1282 1864 eum,
1308 1833 1357 1859 ne
1387 1832 1460 1870 qua

346 1886 527 1924 indicium
547 1893 753 1930 emanaret,
774 1899 921 1924 veneno
940 1885 1105 1922 creditur
1123 1883 1306 1922 sublatus.

401 1950 575 1988 XXXV.
604 1951 658 1988 Et
686 1950 801 2000 legati
838 1963 860 1987 a
888 1949 1055 2000 Philippi
1084 1949 1289 2000 conloquio
1318 1951 1373 1987 ita
1400 1951 1455 1988 ‹li-

348 2015 465 2064 gressi
485 2022 588 2059 sunt,
609 2022 651 2052 ut
678 2028 755 2067 prae
775 2028 814 2052 se
842 2015 999 2058 ferrent,
1019 2013 1114 2050 nihil
1133 2026 1264 2051 eorum
1284 2014 1356 2051 sibi
1376 2014 1456 2065 pla-

348 2091 454 2116 cere:
481 2085 519 2116 et
538 2078 751 2130 Philippus,
771 2079 941 2122 minime,
957 2079 1046 2128 quin
1067 2077 1325 2115 rebellandum
1343 2086 1457 2123 esset,

347 2142 497 2187 dubius,
518 2143 607 2192 quia
634 2150 762 2180 tamen
792 2143 989 2180 inmaturae
1019 2143 1064 2179 ad
1094 2143 1131 2179 id
1151 2143 1246 2179 vires
1266 2151 1388 2187 erant,
1408 2143 1457 2181 ad

345 2220 491 2245 moram
509 2208 826 2259 interponendam
844 2208 1097 2252 Demetrium,
1116 2208 1301 2245 minorem
1321 2207 1454 2253 filium,

344 2272 496 2308 mittere
521 2270 701 2315 Romam,
722 2270 834 2309 simul
855 2271 902 2308 ad
927 2272 1124 2322 purganda
1153 2272 1323 2316 crimina,
1344 2271 1455 2309 simul

344 2335 393 2373 ad
424 2334 698 2388 deprecandam
728 2336 824 2374 iram
856 2344 1022 2381 senatus,
1053 2337 1188 2374 statuit
1206 2351 1213 2373 :
1254 2337 1344 2374 sutis
1375 2348 1454 2373 cre·
