1546 2648
98 261 142 291 U.
156 261 193 292 C.
207 267 280 293 584.

96 305 136 335 A.
151 304 188 335 C.
209 309 280 335 168.

291 169 378 215 454
749 170 796 200 Τ.
820 169 956 199 mvn

294 262 342 298 ad
368 260 558 311 Bylazora
580 259 761 309 (Paeoniae
792 261 824 297 is
851 259 957 297 locus
984 260 1059 307 est)
1088 266 1212 297 castra
1237 272 1401 303 movere,

294 326 482 377 principes
503 325 550 362 ad
568 338 607 362 se
621 326 748 362 venire
766 325 984 374 frequentes
1001 340 1009 360 :
1033 325 1275 375 septuaginta
1294 325 1404 373 quin-

294 402 368 439 que
386 389 505 426 millia
532 388 579 425 ab
595 389 697 426 Axio
713 389 868 426 flumine
887 395 924 425 et
944 389 1075 425 castris
1105 389 1203 438 regis
1233 387 1404 424 aberant.

293 452 391 490 Haec
419 453 599 489 mandata
627 453 674 489 ad
699 465 762 489 eos
790 466 905 502 quum
925 452 1142 503 pertulisset
1169 452 1404 500 Antigonus,

295 517 582 567 adjecissetque,
602 529 669 567 per
693 518 792 553 viam
826 523 970 566 quanta
997 517 1167 553 omnium
1195 522 1407 566 praeparata

295 593 386 618 cura
403 581 502 630 regis
523 581 634 631 copia
651 580 885 617 multitudini
910 580 1024 622 foret,
1044 579 1255 629 quibusque
1274 590 1406 615 mune-

295 645 398 682 ribus
411 645 599 696 principes
616 644 1010 687 advenientes,vestis,
1027 644 1189 692 argenti,
1206 655 1407 691 equorum-

294 721 370 759 que
397 714 623 758 excepturus
652 719 720 744 rex
743 713 857 751 esset,
883 707 929 744 de
953 707 1012 743 his
1032 707 1183 756 quidem
1212 719 1252 743 se
1280 718 1410 743 coram

294 773 518 822 cognituros
549 772 804 823 respondent:
836 772 943 816 illud,
971 773 1072 822 quod
1107 785 1271 822 praesens
1304 772 1410 822 pepi-

294 836 453 886 gissent,
474 837 726 885 interrogant,
743 836 877 886 ecquid
896 849 1042 879 aurum,
1060 836 1162 886 quod
1180 836 1220 872 in
1239 835 1409 885 singulos

293 900 440 952 pedites
460 901 681 952 equitesque
700 901 939 946 dividendum
960 909 1072 946 esset,
1089 914 1217 938 secum
1233 902 1410 938 adduxis-

297 966 381 1002 set?
408 966 538 1005 Quum
560 966 609 1003 ad
633 966 671 1002 id
689 965 785 1003 nihil
803 965 1108 1017 responderetur,
1127 965 1331 1003 Clondicus
1352 977 1410 1001 re-

297 1028 407 1078 gulus
438 1042 583 1073 eorum,
612 1030 695 1073 Abi,
723 1031 895 1066 renuncia
925 1042 1022 1077 ergo,
1053 1029 1190 1078 inquit,
1223 1030 1314 1077 regi,
1343 1029 1413 1065 nisi

297 1106 427 1131 aurum
442 1095 642 1144 obsidesque
659 1097 886 1144 accepissent,
901 1107 1076 1142 nusquam
1094 1096 1177 1130 inde
1191 1095 1315 1130 Gallos
1334 1095 1412 1130 lon-

295 1160 376 1205 gius
399 1160 588 1205 vestigium
607 1163 777 1196 moturos,
834 1158 931 1195 Haec
960 1157 1080 1194 relata
1110 1157 1191 1206 regi
1218 1169 1332 1207 quum
1353 1169 1412 1193 es-

299 1228 398 1266 sent,
419 1222 604 1259 advocato
629 1222 805 1266 consilio,
836 1236 967 1272 quum,
994 1222 1084 1272 quid
1108 1235 1239 1258 omnes
1266 1221 1412 1258 suasuri

298 1292 438 1330 essent,
455 1286 666 1336 adpareret,
687 1287 781 1337 ipse,
797 1287 982 1336 pecuniae,
1003 1299 1115 1336 quam
1135 1285 1257 1334 regni,
1278 1284 1413 1321 melior

297 1357 442 1394 custOS,
462 1350 603 1386 institit
628 1350 675 1387 de
700 1351 857 1401 perfidia
874 1357 914 1387 et
941 1350 1093 1388 feritate
1112 1350 1310 1387 Gallorum
1336 1349 1414 1385 dis-

297 1427 434 1452 serere.
491 1415 697 1452 Multorum
712 1414 795 1462 jam
819 1420 903 1451 ante
922 1415 1081 1451 cladibus
1100 1419 1298 1463 expertum,
1316 1414 1415 1461 peri·

298 1480 458 1515 culosum
489 1491 572 1522 esse,
608 1484 749 1515 tantam
785 1480 1054 1523 multitudinem
1090 1480 1130 1515 in
1160 1479 1416 1515 Macedoniam

299 1544 474 1591 accipere,
494 1555 538 1579 ne
553 1545 738 1591 graviores
765 1555 822 1580 eos
849 1545 961 1580 socios
983 1543 1149 1586 habeant,
1176 1554 1284 1590 quam
1302 1541 1416 1578 hostes

300 1606 494 1643 Romanos.
563 1608 729 1656 Quinque
757 1608 876 1643 millia
903 1608 1063 1655 equitum
1092 1611 1150 1643 sat
1178 1617 1262 1649 esse,
1292 1604 1417 1654 quibus

298 1674 333 1706 et
352 1672 407 1706 uti
425 1672 475 1707 ad
493 1670 623 1707 bellum
647 1676 791 1720 possent
827 1676 864 1708 et
887 1683 1038 1720 quorum
1061 1671 1330 1707 multitudinem
1347 1669 1417 1718 ipsi

298 1746 369 1770 non
388 1736 553 1771 timeant.

353 1797 532 1834 XXVII.
577 1797 798 1848 Adparebat
816 1798 855 1834 in
875 1796 1067 1840 omnibus,
1087 1796 1297 1833 mercedem
1316 1794 1414 1832 mul-

299 1862 471 1898 titudinis
486 1862 633 1905 timere,
650 1873 720 1897 nec
735 1861 939 1911 quidquam
959 1860 1078 1897 aliud:
1102 1860 1180 1903 sed,
1197 1872 1313 1908 quum
1328 1871 1415 1895 sua-

300 1926 388 1962 dere
407 1925 621 1961 consulenti
640 1938 753 1962 nemo
770 1925 939 1969 auderet,
959 1925 1166 1962 remittitur
1180 1925 1414 1973 Antigonus,

299 1990 364 2039 qui
384 1990 596 2033 nunciaret,
617 1990 783 2039 quinque
812 1989 972 2026 millium
998 1990 1168 2038 equitum
1194 2001 1309 2039 opera
1328 1994 1415 2024 tan-

300 2062 383 2092 tum
416 2057 471 2092 uti
504 2068 654 2105 regem:
697 2062 942 2092 contemnere
975 2054 1255 2092 multitudinem
1289 2051 1415 2089 aliam.

300 2119 417 2158 Quod
447 2118 511 2156 ubi
538 2120 714 2157 audivere
732 2120 899 2163 barbari,
920 2125 1133 2156 ceterorum
1161 2117 1312 2167 quidem
1339 2115 1415 2152 fre-

300 2183 415 2218 mitus
437 2183 526 2227 fuit,
547 2184 829 2232 indignantium
854 2195 893 2219 se
922 2182 1064 2219 frustra
1089 2182 1233 2218 excitos
1263 2179 1414 2216 sedibus

300 2247 376 2298 suis
393 2261 400 2282 :
424 2246 629 2284 Clondicus
649 2259 775 2283 rursus
794 2247 1019 2295 interrogat,
1041 2245 1175 2294 ecquid
1194 2244 1283 2295 ipsis
1303 2243 1416 2293 quin-

300 2322 375 2360 que
392 2309 573 2355 millibus,
594 2310 696 2361 quod
724 2310 978 2355 convenisset,
1008 2309 1251 2347 numeraret?
1284 2307 1415 2346 Quum
