1546 2648
127 245 171 278 U.
183 247 221 278 C.
238 252 312 279 568.

127 291 169 322 A.
182 290 219 323 C.
238 297 310 323 184.

108 489 296 522 Contentio-

105 542 161 564 nes
180 535 218 565 de
234 544 310 566 cen-

108 585 192 608 sura.

123 1077 153 1108 .ῐ.
169 1077 270 1109 Porcii

131 1124 233 1153 atonis

137 1165 224 1197 udes.

323 144 408 176 200
457 126 461 133 ¹
754 146 801 176 τ.
823 146 955 177 mvn

324 248 368 272 ne
387 235 519 284 legibus
523 235 672 285 fierent,
693 234 898 285 pertinacia
919 238 961 279 Q.
981 236 1103 273 Flacci
1120 242 1154 273 et
1180 248 1294 285 prava
1307 237 1430 274 studia

324 299 506 336 hominum
533 301 747 349 inpedirent,
766 306 928 337 senatum
957 313 1105 344 censere,
1125 302 1211 337 satis
1237 288 1431 350 praetoriam

323 376 419 401 esse:
437 365 482 401 P.
502 357 685 400 Cornelius
702 369 892 413 utramque
910 367 947 401 in
966 366 1049 401 urbe
1058 364 1344 412 jurisdictionem
1363 365 1430 401 ha-

322 426 429 472 beret,
449 429 682 478 Apollinique
700 430 800 466 ludos
808 428 966 478 faceret.

376 492 465 529 XL.
494 492 568 529 His
602 492 765 529 comitiis
798 494 998 543 prudentia
1034 499 1072 529 et
1107 493 1246 530 virtute
1275 497 1428 530 senatus

321 555 495 599 sublatis,
525 555 600 592 alia
626 555 781 606 majoris
802 556 1032 599 certaminis,
1050 570 1125 605 quo
1154 564 1192 592 et
1219 555 1364 606 majore
1383 556 1429 592 de

320 633 374 665 re,
396 627 434 657 et
452 621 554 657 intel:
568 616 694 670 plures
714 621 1022 670 potentioresque
1041 621 1157 663 viros,
1177 626 1265 656 sunt
1284 625 1430 656 exorta.

320 685 530 721 Censuram
559 697 705 721 summa
724 685 972 721 contentione
988 684 1170 735 petebant
1193 683 1240 721 L.
1255 675 1429 720 Valerius

318 745 557 793 FlaccussP.
576 756 614 785 et
639 748 685 786 L.
707 743 918 799 Scipiones,
940 750 1010 786 Cn.
1029 748 1198 786 Manlius
1217 747 1352 791 Vulso,
1381 746 1429 784 L.

319 812 454 850 Furius
484 813 695 864 PurpureO,
719 814 895 865 patricii:
927 813 1066 864 plebeii
1096 819 1236 856 autem,
1255 811 1314 849 M.
1334 811 1430 848 Por-

319 878 399 915 cius
426 879 540 923 Cato,
559 878 616 916 M.
632 878 786 915 Fulvius
815 878 1009 922 Nobilior,
1026 878 1086 915 Ti.
1107 884 1145 914 et
1173 877 1230 914 M.
1251 877 1429 926 Sempro-

317 942 387 985 nii,
408 942 566 992 Longus
587 950 625 980 et
643 943 855 980 Tuditanus
875 959 882 979 ε
916 943 980 979 sed
1000 955 1130 979 omnes
1151 941 1330 992 patricios
1350 939 1430 991 ple-

318 1005 501 1057 beiosque
515 1007 837 1044 nobilissimarum
853 1007 1080 1043 familiarum
1097 1006 1154 1042 M.
1171 1006 1328 1042 Porcius
1344 1004 1429 1042 lon-

319 1083 365 1119 ge
385 1069 566 1109 anteibat.
624 1072 670 1109 In
685 1073 759 1109 hoc
780 1072 860 1108 viro
879 1078 987 1108 tanta
1006 1072 1059 1106 vis
1076 1070 1192 1107 animi
1213 1070 1431 1119 ingeniique

316 1135 404 1179 fuit,
426 1144 480 1180 ut,
502 1149 740 1186 quocumque
767 1136 854 1172 loco
879 1142 991 1172 natus
1011 1143 1123 1178 esset,
1144 1134 1337 1170 fortunam
1357 1133 1429 1170 sibi

316 1200 398 1251 ipse
433 1200 602 1237 facturus
639 1200 756 1237 fuisse
792 1198 994 1236 videretur.
1049 1193 1166 1235 Nulla
1200 1210 1274 1241 ars,
1307 1209 1430 1246 neque

315 1264 487 1314 privatae,
508 1277 630 1314 neque
649 1262 810 1314 publicae
831 1258 884 1300 rei
904 1254 1092 1312 gerendae,
1113 1261 1146 1298 ei
1166 1261 1297 1297 defuit.
1353 1260 1430 1297 Ur-

314 1327 433 1365 banas
454 1330 687 1379 rusticasque
706 1341 764 1365 res
785 1328 926 1379 pariter
941 1326 1114 1363 callebat.
1171 1325 1231 1362 Ad
1259 1328 1427 1361 summos

314 1391 481 1429 honores
511 1392 605 1430 alios
636 1393 794 1428 scientia
815 1391 929 1442 juris,
951 1390 1044 1426 alios
1075 1389 1308 1438 eloquentia,
1333 1387 1427 1425 alios

315 1455 440 1504 gloria
471 1456 644 1492 militaris
675 1456 871 1506 provexit:
910 1455 999 1490 huic
1029 1453 1204 1490 versatile
1233 1453 1430 1502 ingenium

315 1519 370 1555 sie
389 1519 530 1570 pariter
549 1519 596 1555 ad
615 1518 744 1555 omnia
768 1519 854 1561 fuit,
879 1523 919 1554 ut
937 1522 1069 1553 natum
1090 1516 1137 1553 ad
1165 1516 1202 1552 id
1231 1528 1346 1557 unum
1371 1515 1429 1552 di-

315 1595 434 1626 ceres,
455 1582 718 1632 quodcnmque
737 1589 878 1632 ageret.
935 1582 980 1618 In
1009 1581 1112 1618 bello
1132 1593 1246 1617 manu
1264 1580 1429 1617 fortissi-

314 1659 414 1691 muS,
451 1647 654 1697 multisque
696 1646 908 1696 insignibus
946 1645 1066 1682 clarus
1103 1645 1240 1695 pugnis
1257 1659 1264 1681 :
1313 1644 1428 1688 idem,

313 1718 519 1764 postquam
535 1713 581 1748 ad
601 1724 758 1761 magnos
778 1711 943 1747 honores
964 1710 1148 1760 pervenit,
1170 1720 1336 1745 summus
1356 1709 1429 1744 im-

315 1782 495 1828 perator:
528 1776 626 1812 idem
656 1776 694 1811 in
724 1787 830 1825 pace,
852 1775 883 1810 si
905 1773 969 1824 jus
994 1772 1223 1815 consuleres,
1244 1771 1428 1822 peritissi-

315 1851 424 1885 mus5
458 1841 489 1876 si
518 1845 650 1876 caussa
679 1838 822 1874 oranda
841 1844 953 1881 esset,
974 1836 1327 1885 eloquentissimus:
1359 1847 1430 1871 nec

315 1903 348 1940 is
368 1910 533 1948 tantum,
554 1903 660 1954 cujus
680 1903 812 1951 lingua
830 1903 916 1939 vivo
945 1914 990 1938 eo
1011 1901 1186 1949 viguerit,
1204 1911 1430 1936 monumen-

316 1974 399 2004 tum
419 1968 644 2017 eloquentiae
664 1967 809 2004 nullum
830 1973 975 2003 exstet:
1009 1965 1099 2001 vivit
1118 1965 1234 1999 immo
1253 1964 1432 2012 vigetque

316 2031 537 2082 eloquentia
553 2031 650 2082 ejus,
670 2038 817 2068 sacrata
833 2031 980 2081 scriptis
1001 2029 1123 2065 omnis
1143 2027 1303 2077 generis.
1333 2026 1433 2063 Ora-

316 2096 440 2132 tiones
461 2102 499 2132 et
518 2108 587 2145 pro
607 2107 646 2132 se
666 2095 807 2137 multae,
828 2100 864 2131 et
881 2107 949 2145 pro
969 2093 1066 2135 aliis,
1085 2099 1122 2128 et
1140 2092 1179 2127 in
1202 2091 1317 2127 alios:
1339 2103 1428 2127 nam

316 2172 396 2197 non
425 2159 548 2196 solum
577 2160 804 2203 accusando,
824 2159 889 2195 sed
918 2158 1032 2194 etiam
1062 2168 1233 2193 caussam
1252 2155 1426 2197 dicendo,

316 2223 494 2273 fatigavit
522 2224 710 2261 inimicos.
767 2222 984 2260 Simultates
1015 2221 1133 2258 nimio
1161 2219 1285 2270 plures
1305 2224 1343 2255 et
1362 2231 1427 2256 ex·

317 2295 520 2331 ercuerunt
538 2301 637 2333 eum,
658 2294 696 2326 et
714 2288 794 2340 ipse
814 2288 982 2326 exercuit
1009 2298 1070 2323 eas
1087 2300 1095 2323 ε
1127 2297 1196 2322 nec
1215 2282 1325 2321 facile
1344 2282 1429 2320 dix-

1509 2245 1521 2260 1
