1546 2648
358 210 514 240 LIBER
538 208 668 237 xnu-
699 207 807 237 CAP.
829 209 949 238 XXV.
1126 208 1210 256 345

100 296 226 334 citiam
246 297 325 346 regi
344 297 462 340 missi,
482 296 695 333 redierunt:
727 297 790 345 qui
804 294 887 346 jam
906 310 975 333 sua
993 306 1129 348 sponte
1147 300 1207 336 in-

97 360 236 397 festum
263 359 369 396 Persi
394 366 565 395 senatum
598 360 751 409 insuper
778 360 1044 404 accenderunt,
1078 362 1205 400 relatis

98 424 241 466 ordine,
261 436 343 472 quae
360 423 553 466 vidissent,
574 436 731 472 quaeque
751 424 956 461 audissent.
1018 426 1153 463 Vidisse
1169 440 1206 465 se

91 499 158 534 per
176 498 292 523 omnes
315 487 415 522 urbes
433 487 670 523 Macedonum
694 500 833 523 summa
857 489 892 523 vi
916 490 1044 536 parari
1062 489 1204 529 bellum.

96 551 213 592 Quum
232 553 281 587 ad
298 563 416 598 regem
437 553 689 600 pervenissent,
707 564 773 600 per
791 553 920 588 multos
939 554 1012 589 dies
1041 557 1204 591 conveni·

91 615 174 650 endi
192 613 266 660 ejus
279 620 488 663 potestatem
509 628 578 652 non
590 615 734 665 factam
749 632 761 652 :
787 621 976 664 postremo,
997 630 1106 666 quum
1125 619 1203 655 des-

88 684 218 726 perato
226 677 309 724 jam.
328 681 513 728 conloquio
535 679 692 729 profecti
710 685 833 723 essent,
856 686 932 717 tum
950 683 1091 718 demum
1108 694 1144 718 se
1161 695 1204 720 ex

88 744 214 779 itinere
232 749 425 786 revocatos,
446 749 480 779 et
499 746 546 780 ad
561 756 638 780 eum
655 746 875 781 introductos
889 757 970 782 esse.
1018 746 1101 782 Suae
1118 759 1202 784 ora-

89 807 502 856 tionissummamfuisse
512 825 525 851 ,-
544 807 680 856 foeduS,
694 820 774 844 cum
789 809 962 857 Philippo
979 811 1102 853 ictum,
1121 823 1202 849 cum

87 875 164 922 ipso
182 885 222 908 eo
244 877 326 920 post
346 877 492 907 mortem
516 873 635 919 patris
664 878 873 908 renovatam
886 889 899 909 .·
929 875 966 909 z'n
985 886 1054 921 quo
1073 876 1202 913 diserte

85 937 263 986 prohiberi
276 948 369 977 eum,
386 937 589 984 extrafines
604 948 707 971 arma
718 938 866 985 efferre5
883 938 1077 985 prohiberi,
1090 942 1201 977 socios

84 1002 215 1050 populi
235 1001 390 1036 Romani
410 1001 575 1036 lacessere
593 1000 696 1037 hello.
752 1001 929 1049 Exposita
948 1003 1076 1038 deinde
1102 1004 1146 1039 ab
1163 1016 1200 1041 se

88 1069 225 1109 ordine,
246 1078 324 1114 quae
340 1067 409 1113 ipsi
427 1077 540 1113 nuper
558 1066 593 1100 in
611 1069 736 1101 senatu
756 1065 951 1102 Eumenem
975 1078 1060 1102 vera
1079 1069 1201 1105 omnia

88 1136 123 1167 et
141 1135 321 1178 comperta
346 1129 554 1178 referentem
582 1130 775 1165 audissent.
831 1130 1078 1167 Samothracae
1103 1145 1200 1180 prce-

90 1201 184 1231 terea
202 1207 267 1243 per
285 1195 414 1230 multos
431 1195 504 1230 dies
518 1194 694 1229 occultum
709 1195 894 1230 consilium
912 1207 993 1231 cum
1006 1196 1197 1243 legationi-

88 1259 149 1294 bus
174 1259 374 1294 civitatium
391 1259 487 1293 Asioe
510 1269 627 1304 regem
656 1258 825 1295 habuisse.
881 1259 956 1295 Pro
975 1260 1029 1296 his
1059 1260 1198 1307 injuriis

82 1323 259 1372 satisfieri,
275 1327 435 1357 senatum
454 1334 591 1368 oequum
617 1334 767 1365 censere,
787 1324 960 1371 reddique
982 1324 1047 1360 sibi
1064 1337 1120 1361 res
1137 1338 1195 1362 so-

85 1388 216 1435 ciisque
240 1387 324 1429 suis,
345 1398 432 1434 quas
459 1391 584 1422 contra
603 1384 667 1432 jus
686 1386 840 1435 foederis
864 1387 1003 1424 habeat.
1059 1389 1195 1437 Regem

84 1453 132 1488 ad
150 1464 191 1488 ea
207 1453 325 1500 primo
344 1462 527 1486 accensum
556 1452 610 1486 ira
635 1452 862 1487 inclementer
881 1452 1051 1496 locutum,
1072 1457 1193 1491 avari-

85 1519 175 1553 tiam
210 1514 476 1562 superbiamque
511 1514 684 1550 Romanis
717 1513 935 1561 objicientem
950 1514 1166 1564 frequenter
1178 1535 1192 1556 .-

85 1581 178 1628 quod
207 1580 273 1614 alii
296 1590 402 1625 super
429 1578 518 1612 alios
553 1578 664 1624 legati
694 1579 853 1614 venirent
882 1580 1063 1627 speculari
1092 1582 1193 1618 dicta

74 1643 253 1692 factaque
278 1653 357 1683 sua,
379 1641 472 1688 quod
496 1652 532 1676 se
550 1642 599 1676 ad
628 1645 756 1677 nutum
785 1643 1043 1691 imperiumque
1069 1656 1191 1682 eorum

1222 303 1263 335 U.
1277 303 1314 335 C.
1329 309 1402 336 580.

1218 348 1258 378 A.
1272 347 1309 380 C.
1328 353 1403 384 172·

84 1709 203 1744 omnia
223 1707 340 1742 dicere
367 1717 410 1740 ac
426 1703 557 1752 facere
580 1717 720 1753 aequum
744 1711 934 1744 censerent·
988 1707 1188 1753 Postremo,
1210 1726 1217 1731 s

81 1773 234 1809 multum
253 1782 296 1805 uc
315 1771 376 1805 diu
389 1767 638 1817 vociferatum,
658 1771 787 1805 reverti
802 1774 946 1817 postero
960 1771 1016 1806 die
1020 1769 1164 1817 jussisse
1175 1789 1189 1810 .-

81 1838 251 1884 .scriptum
268 1846 304 1870 se
319 1845 519 1881 responsum
539 1834 626 1869 dare
648 1834 749 1870 velle.
811 1834 974 1873 Tumita
991 1835 1057 1871 sibi
1074 1838 1187 1885 scrip-

83 1906 158 1937 tum
177 1899 349 1935 traditum
369 1909 463 1933 esse:
490 1897 626 1939 Foedus,
646 1909 725 1933 eum
742 1901 847 1945 patre
865 1898 987 1940 ictum,
1005 1900 1053 1934 ad
1070 1912 1105 1935 se
1130 1902 1187 1936 ni-

80 1964 131 2000 hil
145 1963 336 2011 pertinere.
393 1961 438 1997 Id
453 1972 489 1997 se
516 1962 693 2003 renovari,
719 1962 900 2009 noniquia
928 1962 1109 2009 probaret,
1128 1965 1189 2000 sed

78 2029 163 2076 quia
181 2029 218 2063 in
235 2038 327 2063 nova
350 2026 564 2073 possessione
592 2026 894 2073 regnipatienda
912 2028 1032 2062 onmia
1059 2033 1202 2071 essent,

76 2103 233 2139 passum.
289 2089 331 2125 Si
349 2100 478 2125 novum
486 2086 614 2136 faedus
626 2100 743 2124 secum
751 2087 880 2137 facere
898 2089 1038 2132 vellent,
1060 2102 1185 2127 conve-

81 2154 160 2189 nire
173 2155 275 2201 prius
289 2154 332 2188 de
345 2151 602 2188 conditionibus
616 2151 736 2187 debere
748 2167 759 2187 .·
787 2156 834 2194 et,
849 2153 880 2187 si
899 2153 936 2187 in
955 2154 1114 2189 animum
1128 2156 1184 2190 in-

81 2219 260 2258 ducerent,
281 2221 321 2252 ut
339 2228 496 2264 exaequo
511 2215 638 2265 foedus
652 2216 776 2265 fieret,
796 2220 831 2252 et
854 2228 890 2252 se
905 2217 1076 2260 visurum,
1097 2220 1190 2266 quid.

78 2282 143 2318 sibi
150 2280 368 2329 faciundum
387 2285 486 2323 esset,
506 2285 542 2316 et
559 2281 640 2316 illos
658 2281 801 2317 credere
819 2280 1019 2329 reipublicae
1044 2284 1186 2319 consul-

80 2352 187 2384 turos.
241 2346 361 2394 Atque
379 2345 434 2382 ita
457 2356 494 2382 se
517 2346 746 2393 proripuisse,
773 2349 808 2382 et
834 2344 1030 2383 submoveri
1048 2358 1066 2383 e
1084 2348 1191 2394 regia·

584 2407 662 2449 05
