1546 2648
329 201 409 244 130
495 213 500 220 -
779 204 826 232 T.
852 203 986 233 mvn

113 294 206 370 3..ss
223 299 296 326 565.
331 289 374 327 C.
401 289 608 327 Flaminius
635 289 693 328 M.
715 290 837 328 Fulvii
868 304 1040 328 caussam
1069 291 1242 342 excepit:
1274 291 1352 341 qui,
1381 303 1440 329 ve-

147 359 155 368 .
199 360 207 368 .
226 345 297 373 187.

117 393 307 467 FDssfgssgitQ
331 420 393 456 Sic
424 420 478 456 M.
500 420 716 456 Marcellam
749 433 771 456 a
801 420 1044 468 Syracusanis,
1076 422 1127 457 sic
1161 422 1202 463 Q.
1223 422 1388 457 Fulvium
1419 431 1443 455 a

335 484 527 532 Campanis
551 490 759 521 accusatos:
788 487 872 533 quin
897 487 1018 522 euclem
1045 498 1153 534 opera
1177 487 1216 522 T.
1236 486 1443 527 Quinctium

332 562 355 584 a
374 549 548 596 Philippo
574 561 666 596 rege,
688 549 756 585 Μ’.
770 549 929 585 Acilium
955 555 989 585 et
1007 550 1051 586 L.
1072 550 1275 598 Scipionem
1301 549 1344 585 ab
1363 549 1441 584 An-

332 612 461 655 tiocho,
493 613 557 648 Cn.
578 613 762 648 Manlium
786 625 809 647 a
833 613 962 655 Gallis,
989 615 1101 661 ipsum
1128 614 1182 648 M.
1202 614 1366 649 Fulvium
1398 612 1442 647 ab

328 676 469 714 AEtolis
503 681 538 711 et
569 676 807 723 Cephallenia?
846 678 988 725 populis
1023 679 1183 713 accusari
1218 681 1441 724 paterentur.

331 741 559 776 Ambraciam
580 740 819 787 obpugnatam
846 744 879 775 et
902 745 1058 787 captam,
1080 745 1114 776 et
1141 742 1242 787 signa
1270 741 1355 776 inde
1382 752 1441 776 or·

332 360 441 391 terem
461 361 495 392 et
521 356 710 392 obsoletam
729 358 826 392 viam.
847 359 1018 404 ingressos
1035 358 1313 400 Ambracienses,
1333 356 1443 393 dixit.

329 809 569 853 ‘nomentaque
597 805 733 846 ablata,
758 809 792 840 et
819 810 937 840 cetera
954 804 1078 852 facta,
1100 817 1176 853 quse
1204 806 1318 852 captis
1345 804 1443 840 urbi-

331 871 393 906 bus
426 871 576 911 soleant,
608 875 819 917 negaturum
849 875 914 906 aut
949 883 1005 906 me
1037 883 1106 918 pro
1136 870 1189 905 M.
1210 870 1348 913 Fulvio,
1379 875 1443 906 aut

329 935 446 983 ipsum
469 935 524 970 M.
546 935 707 970 Fulvium
733 936 890 977 censetis,
914 935 1042 970 Patres
1061 937 1250 982 conscripti
1266 937 1287 969 ,9
1314 936 1374 982 qui
1403 934 1443 971 ob

331 999 395 1035 has
431 1011 485 1035 res
513 1005 632 1047 gestas
661 1000 881 1048 triumphum
911 1013 933 1035 a
966 1000 1060 1036 vobis
1094 1001 1338 1047 postulaturus
1369 1001 1440 1043 sit,-

330 1064 559 1101 Ambraciam
593 1069 750 1111 captam,
781 1065 963 1112 signaque,
994 1077 1070 1112 quse
1094 1065 1216 1100 ablata
1249 1066 1439 1100 criminun-

331 1134 403 1170 tur,
437 1133 470 1164 et
504 1134 617 1164 celera
649 1130 764 1176 spolia
799 1127 873 1174 ejus
901 1129 997 1164 urbis
1025 1134 1108 1164 ante
1127 1141 1267 1164 currum
1291 1129 1441 1170 laturus,

328 1193 515 1242 etfixurus
535 1194 568 1228 in
585 1192 743 1240 postibus
761 1194 842 1228 suis.
901 1193 1004 1228 Nihil
1023 1198 1085 1235 est,
1107 1195 1200 1240 quod
1216 1205 1252 1228 se
1271 1194 1312 1228 ab
1331 1193 1441 1228 AEto-

329 1257 371 1293 lis
385 1261 575 1305 separent:
603 1257 725 1292 cadem
741 1256 1043 1293 Ambraciensium
1064 1262 1097 1293 ct
1111 1257 1319 1293 AEtolorum
1338 1270 1439 1294 caus-

327 1332 367 1356 sa
390 1327 452 1356 est.
510 1320 639 1368 Itaque
657 1321 793 1367 collega
812 1333 908 1356 meus
927 1322 983 1356 vel
1008 1323 1043 1356 in
1072 1322 1147 1357 alia
1172 1334 1294 1357 caussa
1322 1323 1442 1358 inimi-

328 1385 432 1421 citias
457 1390 629 1428 exerceat,
656 1386 724 1427 cel,
751 1387 781 1421 si
809 1387 842 1421 iu
874 1385 941 1422 hac
960 1387 1082 1433 utique
1110 1387 1259 1429 mavult,
1289 1388 1443 1427 retineat

326 1451 592 1487 Ambracienses
618 1463 698 1487 suos
726 1453 759 1486 in
793 1452 984 1487 adventum
1014 1452 1067 1487 M.
1089 1452 1215 1487 Fulvii.
1255 1451 1350 1498 ,Ego
1378 1462 1442 1487 nec

326 1516 370 1553 de
394 1515 714 1557 Ambraciensibus,
745 1527 807 1550 nec
836 1516 880 1551 cle
897 1516 1035 1551 [Etolis
1063 1516 1202 1551 decerni
1230 1516 1439 1563 quidquam,

325 1580 465 1617 absente
483 1579 537 1614 Μ.
551 1579 687 1619 Fulvio,
707 1581 844 1626 patiar.

378 1642 526 1679 XLIV.
563 1642 691 1681 Quum
717 1642 896 1678 AEmilius
935 1641 1108 1678 callidam
1146 1641 1330 1678 malitiam
1364 1642 1435 1678 ini-

325 1707 427 1749 mici,
449 1706 551 1742 velut
579 1706 753 1742 omnibus
783 1713 928 1749 notam,
950 1706 1200 1749 insimularet,
1221 1713 1259 1742 et
1287 1712 1435 1756 tempus

326 1783 410 1806 eum
437 1769 621 1806 morando
645 1776 901 1807 extracturum
931 1771 1083 1814 diceret,
1107 1783 1155 1806 ne
1186 1770 1341 1806 consule
1366 1771 1437 1806 ini-

324 1835 424 1870 mico
446 1833 609 1870 Romam
630 1835 802 1878 veniret3
835 1835 1040 1870 certamine
1060 1833 1256 1870 consulum
1279 1834 1435 1870 biduum

325 1898 538 1935 absumtum
584 1905 639 1934 est
663 1913 670 1934 :
720 1911 790 1934 nec
837 1905 1022 1948 praesente
1056 1898 1244 1934 Flaminio
1287 1899 1436 1935 decerni

326 1964 528 2012 quidquam
564 1962 761 1999 videbatur
797 1975 919 2013 posse.
978 1963 1141 2013 Captata
1177 1963 1327 1998 occasio
1365 1969 1435 2007 est,

325 2040 441 2076 quum
471 2040 569 2075 aeger
598 2027 697 2063 forte
725 2027 932 2063 Flaminius
965 2027 1135 2072 abesset,
1169 2034 1219 2069 et,
1251 2027 1438 2063 referente

131 2094 164 2126 S.
182 2093 217 2123 C.
236 2093 266 2123 in
326 2090 500 2133 AEmilio‚
531 2090 899 2126 senatusconsultum
929 2091 1071 2126 factum
1101 2098 1170 2132 est,
1207 2091 1255 2127 Ut
1284 2091 1437 2127 Ambra-

134 2138 267 2177 gratiam

132 2179 300 2211 Ambraci-

133 2223 273 2253 ensium.
327 2225 417 2263 sent,
439 2233 480 2256 ac
506 2221 636 2268 legibus
653 2222 726 2256 suis
750 2225 963 2257 uterentur:
988 2222 1166 2268 portoria,
1189 2233 1266 2269 quae
1293 2222 1437 2265 vellent,

328 2156 495 2192 olen-sibus
523 2167 639 2191 omnes
666 2168 737 2191 suae
761 2168 816 2191 res
836 2157 1094 2191 redderentur:
1125 2158 1160 2191 in
1192 2156 1355 2192 libertate
1386 2169 1438 2193 es-

329 2290 424 2320 tcrra
450 2286 611 2332 marique
636 2290 817 2333 caperent,
845 2286 929 2321 dum
955 2296 1077 2320 eorum
1106 2286 1264 2320 immines
1284 2281 1440 2321 Romani

327 2362 369 2386 ac
399 2351 485 2386 socii
508 2349 635 2386 Latini
660 2351 809 2386 nominis
838 2354 961 2386 essent.
1019 2350 1133 2397 Signa
1163 2350 1307 2398 aliaque
1333 2361 1439 2386 orna-
