1546 2648
363 155 518 185 muniz
539 153 668 184 an.
701 152 807 184 cAv.
834 155 902 184 xx.
1101 155 1184 200 329

82 243 213 280 deletos
231 257 302 282 esse
317 260 330 282 .·
361 250 415 282 tot
432 245 550 281 millia
568 245 728 293 capitum
748 245 985 287 innoxiorum,
996 245 1112 294 fidem
1133 247 1186 282 in·
1199 245 1288 278 U·C·
1307 252 1381 282 579·

77 308 263 354 plorantia
288 310 416 358 populi
444 308 614 351 Romani,
644 320 688 344 ne
705 310 783 356 quis
809 321 980 356 umquam
1007 321 1043 345 se
1064 315 1188 357 postea

79 371 206 408 dedere
233 373 392 414 auderet,
421 373 570 420 pessimo
599 373 759 419 exemplo
786 373 946 407 venisse:
974 377 1009 408 et
1035 374 1188 409 destrae-->

80 438 133 470 tos
152 437 285 483 passim
304 435 413 482 justis
431 437 609 484 quondam
629 436 784 471 hostibus
799 435 927 484 populi
946 437 1103 472 Romani
1117 451 1188 485 pa-

77 499 166 534 catis
191 501 330 536 servire.
389 500 488 541 Quas
507 500 549 536 ob
566 511 622 535 res
645 501 791 548 placere
808 501 961 541 senatui,
982 500 1036 536 M.
1058 501 1187 548 Popil—

77 561 165 598 lium
184 565 361 600 consulem
379 564 546 611 Ligures,
563 565 683 612 pretio
702 564 892 600 emtoribus
918 564 1073 606 reddito,
1096 566 1190 612 ipsos

75 627 262 664 restituere
280 629 317 664 in
339 628 562 671 libertatem5
593 628 751 676 bonaque
779 632 821 663 ut
845 629 901 670 iis,
923 628 1095 675 quidquid
1114 626 1189 673 ejus

73 693 281 739 recuperari
297 693 421 740 possit,
435 692 636 727 reddantur
656 703 794 727 curare.
830 692 947 727 Arma
961 692 1080 739 primo
1099 703 1187 739 quo-

74 765 142 800 que
170 759 327 802 tempore
341 756 430 804 fieri
448 756 486 790 in
513 766 556 790 ea
581 759 716 802 gente:
743 755 923 790 consulem
942 755 986 790 de
1001 755 1189 802 provincia

73 817 253 859 decedere,
276 829 383 865 quum
413 819 550 854 deditos
579 819 614 853 in
635 819 753 853 sedem
780 829 883 853 suam
901 817 1054 864 Ligures
1081 820 1186 854 resti-

74 880 207 916 tuisset.
267 880 416 916 Claram
443 883 632 916 victoriam
649 881 820 917 vincendo
839 881 1095 929 obpugnantes,
1116 893 1187 918 non

72 945 248 980 soeviendo
266 946 301 980 in
320 945 496 994 adflictos,
505 946 605 994 fieri.

126 1007 203 1045 IX.
233 1008 392 1052 Consul,
409 1021 483 1058 qua
501 1008 645 1045 ferocia
663 1008 780 1045 animi
799 1020 886 1045 usus
909 1013 988 1044 erat
1007 1008 1046 1044 in
1065 1008 1186 1057 Ligu·

73 1071 192 1114 ribus,
228 1072 398 1108 eamdem
431 1073 478 1108 ad
512 1084 591 1108 non
623 1072 832 1122 parendum
861 1072 1010 1108 senatui
1040 1071 1187 1108 habuit.

75 1133 313 1182 Legionibus
344 1135 534 1185 extemplo
563 1135 670 1171 Pisas
699 1135 739 1170 in
770 1134 1016 1171 hibernacula
1049 1135 1187 1177 missis,

72 1197 190 1234 iratus
210 1198 402 1243 Patribus,
418 1199 578 1235 infestus
598 1199 767 1249 praetori,
783 1198 951 1235 Romam
969 1198 1079 1235 rediit
1095 1213 1102 1234 z
1126 1211 1185 1234 se-

71 1267 239 1310 natuque
268 1262 459 1313 extemplo
479 1264 526 1299 ad
556 1263 673 1299 aedem
692 1262 863 1298 Bellonae
883 1269 1035 1305 vocato,
1057 1261 1185 1299 multis

70 1324 194 1361 verbis
212 1326 383 1362 invectus
413 1332 471 1362 est
498 1327 538 1361 in
567 1332 768 1376 praetorem
788 1341 795 1361 :
829 1328 903 1374 qui,
924 1338 1034 1373 quum
1053 1326 1093 1361 ob
1111 1338 1186 1362 rem

71 1388 161 1425 bello
180 1389 264 1426 bene
278 1395 431 1438 gestam,
452 1392 507 1426 uti
526 1391 614 1426 Diis
633 1389 882 1426 inmortalibus
904 1390 1011 1425 honos
1039 1390 1185 1426 habere·

71 1457 143 1496 tur,
160 1454 296 1503 referre
313 1456 362 1490 ad
379 1459 541 1490 senatum
557 1455 738 1496 debuisset,
756 1455 924 1490 adversus
941 1466 978 1489 se
991 1466 1059 1502 pro
1073 1454 1184 1490 hosti-

69 1517 131 1553 bus
156 1519 499 1554 senatusconsultum
517 1517 681 1565 fecisset,
703 1529 772 1565 quo
800 1519 986 1554 victoriam
1014 1529 1116 1554 suam
1135 1519 1184 1554 ad

69 1581 223 1628 Ligures
243 1581 467 1630 transferret,
489 1582 640 1630 dedique
662 1583 705 1617 iis
721 1594 834 1629 prope
854 1582 1030 1617 consulem
1046 1586 1183 1629 praetor

59 1643 213 1691 juberet.
270 1646 399 1694 Itaque
415 1646 570 1681 multam
588 1647 621 1681 ei
638 1657 674 1681 se
694 1646 810 1680 dicere
827 1662 838 1681 .·
867 1658 888 1680 a
911 1645 1083 1681 Patribus
1096 1657 1182 1693 pos-
1201 1692 1207 1696 s

71 1710 200 1752 tulare,
217 1714 258 1745 ut
275 1711 622 1745 senatusconsultum·
639 1711 676 1744 in
693 1721 730 1744 se
738 1708 887 1758 factum
908 1711 986 1744 tolli
995 1707 1184 1754 juberent.-

67 1773 446 1821 supphcationemque,
475 1785 583 1821 quam
613 1773 769 1808 absentes
798 1784 840 1808 ex
872 1773 995 1814 literis,
1026 1774 1070 1808 (Ie
1100 1773 1183 1808 bene

64 1841 167 1883 gesta
193 1837 377 1885 republica
404 1838 531 1879 missis,
563 1838 748 1872 decernere
777 1837 970 1879 debuerint,
993 1842 1184 1884 praesentes

68 1900 206 1936 honoris
235 1902 400 1936 Deorum
427 1903 583 1949 primum
614 1913 751 1944 caussa,
774 1901 901 1936 deinde
929 1906 964 1936 et
983 1902 1039 1936 sui
1059 1902 1183 1948 aliquo

68 1964 212 1999 tandem
256 1968 431 2012 respectu,
480 1965 720 2000 decernerent.
776 1962 910 1998 Nihilo
957 1962 1179 2004 lenioribus,

68 2039 181 2076 quam
201 2026 351 2069 absens,
383 2033 601 2063 senatorum
631 2027 777 2075 aliquot
800 2025 1036 2061 orationibus
1056 2026 1179 2061 iucre-

67 2090 183 2140 pstus,
203 2097 338 2126 neutra
351 2092 543 2141 inpetrata
560 2104 616 2134 re,
634 2092 671 2126 in
692 2091 925 2140 provinciam
945 2090 1052 2125 redit.
1108 2090 1179 2125 Al-

69 2160 126 2189 ter
141 2153 274 2189 consul
291 2155 525 2197 Postumius,
544 2161 745 2191 consumta
764 2160 894 2190 aestate
913 2154 952 2189 in
972 2166 1177 2202 recognos-

68 2216 194 2252 cendis
215 2218 329 2265 agris,
349 2231 396 2255 ne
416 2219 496 2255 visa
514 2219 664 2268 quidem
684 2219 880 2269 provincia
899 2230 979 2260 sua,
1001 2205 1177 2253 comitio-

67 2293 151 2318 rum
179 2293 310 2319 caussa
339 2282 505 2321 Romam
535 2283 669 2320 rediit:
702 2282 877 2320 consules
907 2283 951 2321 C.
972 2281 1177 2333 Popillium

1200 289 1288 321 A.C.
1310 295 1380 324 17³·
