1546 2648
371 214 450 269 196
551 245 553 248 .
823 225 870 254 ς’.
893 224 1029 255 mvn

174 307 267 383 Hg-
284 313 355 381 ἰωὴ
369 320 512 352 centum
529 327 641 352 annos
657 316 822 352 servistis.
880 316 986 357 Quod
1012 316 1062 352 ad
1090 316 1183 364 leges
1199 317 1361 354 ademtas
1379 318 1479 354 adti-

208 373 216 382 ’
258 372 267 383 ”
306 358 443 423 84‘net,
473 393 538 428 ego
568 382 738 429 antiquus
765 380 1044 417 Lacedaemoniis
1072 381 1164 429 leges
1192 385 1360 429 tyrannos
1388 382 1475 418 ade-

369 448 472 484 misse
489 447 667 491 arbitror;
697 459 759 483 nos
785 459 856 483 non
876 459 960 483 suas
977 448 1158 490 ademisse,
1179 459 1266 496 quas
1284 460 1354 484 non
1372 447 1477 484 habe-

371 511 470 553 bant,
499 512 560 546 secl
585 515 723 547 nostras
749 511 840 558 leges
871 511 1028 555 dedisse5
1056 523 1120 547 nec
1147 512 1240 547 male
1268 512 1480 548 consuluisse

373 575 526 616 civitati,
547 586 654 622 quum
683 575 825 610 concilii
852 575 963 610 nostri
991 586 1069 610 eam
1087 573 1298 623 fecerimus,
1319 580 1354 611 et
1383 575 1482 611 nobis

372 639 631 680 miscuerimus,
650 641 692 673 ut
710 650 836 686 corpus
853 649 963 673 unum
984 642 1020 673 et
1037 639 1225 674 concilium
1244 639 1352 674 totius
1371 639 1481 674 Pelo-

370 703 520 752 ponnesi
547 706 645 738 esset.
707 703 820 744 Tunc,
850 706 892 737 ut
918 702 1059 749 opinor,
1086 703 1117 737 si
1147 702 1228 737 aliis
1255 702 1324 749 ipsi
1350 701 1483 748 legibus

368 769 578 809 viveremus,
609 767 702 802 alias
735 767 809 802 istis
838 763 1117 810 injunxissemus,
1149 766 1261 812 queri,
1292 776 1329 801 se
1359 766 1483 813 iniquo

361 828 447 877 jure
460 842 544 873 esse,
565 834 600 866 et
619 831 803 878 indignari
824 833 977 877 possent.
1034 828 1117 864 Scio
1145 840 1223 876 ego,
1243 829 1314 877 Ap.
1337 828 1483 874 Claudi,

370 894 463 930 hanc
491 895 700 936 orationem,
721 905 793 941 qua
818 905 897 929 sum
925 892 1044 928 adhuc
1065 904 1160 934 usus,
1181 903 1292 940 neque
1308 894 1483 929 sociorum

371 959 472 1007 apud
497 959 622 1000 socios,
652 969 764 1005 neque
792 957 908 993 liberae
932 958 1048 1004 gentis
1066 968 1162 992 esse:
1190 957 1251 992 sed
1268 968 1347 992 vere
1365 968 1482 994 servo-

370 1034 453 1059 rum
472 1022 749 1069 disceptantium
767 1021 867 1069 apud
885 1021 1054 1056 dominos.
1112 1020 1223 1062 Nam,
1243 1021 1274 1055 si
1297 1031 1368 1055 non
1386 1032 1482 1056 vana

371 1086 438 1122 illa
456 1098 524 1122 vox
545 1087 718 1133 praeconis
731 1084 828 1134 fuit,
850 1097 920 1133 qua
941 1085 1064 1120 liberos
1082 1096 1152 1120 esse
1169 1085 1326 1120 omnium
1348 1086 1486 1132 primos

371 1150 519 1187 Achaeos
528 1148 697 1195 jussistis,
716 1151 747 1185 si
758 1148 882 1198 foedus
900 1155 1020 1185 ratum
1039 1153 1103 1191 est,
1124 1149 1155 1185 si
1172 1149 1321 1184 societas
1338 1153 1372 1184 et
1391 1149 1484 1184 ami-

372 1215 461 1250 citia
478 1225 520 1249 ex
542 1225 642 1262 aequo
661 1214 878 1256 observatur,
899 1225 962 1249 cur
990 1225 1067 1260 ego,
1088 1213 1186 1260 quid,
1211 1211 1336 1260 Capua
1361 1216 1484 1260 capta,

363 1277 530 1328 feceritis
559 1278 728 1320 Romani,
748 1290 817 1314 non
846 1290 963 1326 quaero
977 1294 990 1321 ;
1018 1289 1077 1313 vos
1095 1278 1270 1313 rationem
1288 1278 1483 1324 reposcitis,

374 1343 462 1391 quid
481 1342 605 1378 Achaei
623 1342 904 1380 Lacedaemoniis
931 1343 1020 1379 bello
1039 1344 1141 1379 victis
1160 1341 1359 1391 fecerimus
1374 1343 1395 1379 ,9
1423 1342 1486 1378 In-

375 1405 518 1455 terfecti
536 1407 651 1454 aliqui
667 1411 773 1450 sunt5
792 1408 908 1456 finge,
928 1420 952 1443 a
976 1407 1084 1444 nobis.
1143 1408 1274 1458 Quid?
1299 1419 1359 1443 vos
1382 1418 1486 1443 sena-

375 1473 468 1506 tores
489 1469 691 1518 Campanos
713 1472 827 1506 securi
844 1483 915 1506 non
940 1472 1161 1519 percussistis
1175 1471 1197 1507 ‚9
1224 1470 1352 1506 Muros
1370 1471 1486 1507 dirui-

374 1544 477 1569 mus:
504 1546 564 1570 vos
591 1545 662 1570 non
691 1545 808 1570 muros
831 1538 984 1577 tantum,
1003 1535 1066 1570 secl
1083 1534 1204 1570 urbem
1223 1538 1258 1570 et
1276 1546 1382 1581 agros
1400 1535 1486 1571 acle-

362 1599 498 1636 ·mistiS.
556 1598 694 1647 Specie,
730 1600 859 1646 inquis,
892 1611 1031 1647 aequum
1059 1603 1110 1635 est
1128 1598 1280 1647 foeclus:
1317 1611 1357 1635 re
1387 1599 1488 1647 apud

372 1662 524 1699 Achaeos
538 1665 705 1711 precaria
734 1663 890 1706 libertas,
911 1665 1010 1711 apud
1029 1664 1209 1699 Romanos
1236 1664 1345 1699 etiam
1374 1664 1488 1712 impe-

373 1726 466 1762 rium
489 1732 551 1763 est.
609 1727 747 1769 Sentio,
768 1728 881 1776 Appi,
902 1735 949 1771 et,
965 1729 995 1763 si
1013 1739 1083 1763 non
1101 1731 1253 1774 oportet,
1273 1738 1341 1762 non
1366 1727 1486 1774 indig-

373 1802 440 1826 nor
455 1806 468 1834 ‚·
495 1791 568 1833 sed,
589 1803 651 1827 oro
670 1803 742 1833 vos,
765 1792 1025 1839 quantumlibet
1044 1791 1180 1826 intersit
1197 1791 1290 1825 inter
1308 1789 1489 1826 Romanos

373 1858 411 1891 et
438 1854 598 1896 Achoeos,
631 1856 738 1891 modo
769 1867 812 1890 ne
844 1857 880 1891 in
912 1867 1010 1903 (equo
1039 1855 1152 1891 hostes
1178 1855 1284 1890 vestri
1311 1855 1490 1902 nostrique

375 1920 475 1966 apud
491 1930 552 1955 vos
568 1920 653 1961 sint,
675 1932 717 1954 ac
732 1931 795 1955 nos
811 1920 899 1955 socii
915 1935 924 1964 3
958 1921 1066 1955 immo
1086 1931 1128 1955 ne
1147 1919 1292 1954 meliore
1300 1916 1386 1964 jure
1402 1919 1486 1956 sint.

375 1982 488 2025 Nam,
509 1988 549 2019 ut
569 1985 605 2019 in
623 1995 721 2031 aequo
749 1986 874 2026 essent,
904 1995 967 2019 nos
984 1983 1156 2032 fecimus,
1187 1994 1296 2031 quum
1325 1983 1418 2030 leges
1446 1982 1488 2019 iis

373 2051 513 2082 nostras
532 2047 694 2083 dedimus
708 2063 721 2090 ,-
750 2059 872 2095 quum,
892 2053 933 2083 ut
952 2047 1075 2084 Aclzaei
1093 2047 1235 2083 concilii
1258 2050 1381 2088 essent,
1401 2046 1486 2095 effe-

372 2112 496 2147 cimus.
551 2111 693 2147 Porum
714 2116 776 2146 ·.est
809 2113 921 2153 victis,
953 2113 1046 2159 quod
1073 2109 1262 2147 victoribus
1289 2111 1377 2146 sotis
1408 2114 1487 2148 est.-

367 2175 455 2224 plus
476 2175 663 2222 postulant
687 2174 817 2217 hostes,
838 2188 943 2223 quam
972 2177 1058 2211 socii
1076 2175 1215 2212 habent.
1274 2174 1361 2215 Quae
1383 2172 1486 2220 jure·

363 2237 539 2285 jurando,
556 2250 633 2286 quae
647 2240 885 2275 monumentis
902 2240 1089 2274 literarum
1108 2240 1144 2274 in
1166 2239 1288 2287 lupide
1304 2238 1488 2286 insculptis

372 2304 412 2339 in
438 2307 608 2339 aeternam
632 2304 841 2338 memoriam
870 2307 993 2338 sancta
1024 2307 1131 2350 atque
1161 2306 1307 2338 sacrata
1329 2305 1423 2343 sunt,
1442 2311 1485 2337 oa
1518 2313 1530 2328 ·

326 2382 327 2385 ¹
371 2378 454 2406 eum
467 2365 632 2418 perjurio
652 2371 772 2405 nostro
799 2367 924 2404 tollere
944 2370 1095 2417 parant.
1155 2365 1325 2404 Veremur
1343 2365 1482 2414 quidem

1534 2163 1541 2252 „0⁴-
