1546 2648
334 167 489 198 LIBER
512 167 745 196 XXXVIII·
779 166 886 195 CAP.
909 166 1054 196 XXXI.
1176 166 1252 210 113

144 253 416 291 arcessentibus
434 253 681 304 AEgiensibus
698 254 860 291 maxime
876 267 919 290 ac
936 253 1251 297 Lacedaemoniis,
1269 260 1309 289 U.
1323 259 1359 291 C.
1378 265 1451 291 563.

141 316 302 368 trajecit.
348 318 522 368 AEgium,
541 332 563 355 a
578 319 765 369 principio
785 319 943 354 Achaici
964 318 1130 360 concilii,
1152 330 1250 355 sem-
1270 303 1305 333 Α·
1320 302 1357 334 C·
1377 307 1450 336 ¹⁸9*

139 396 207 434 per
225 390 433 420 conventus
453 385 577 434 gentis
603 385 734 421 indicti
762 392 850 420 sunt
863 401 874 430 3
907 397 972 420 seu
992 384 1171 433 dignitati
1191 398 1253 421 ur—

139 447 196 484 bis
215 448 267 491 id,
287 461 352 485 seu
375 448 449 486 loci
469 450 750 500 opportunitati
780 449 910 485 datum
930 456 1009 485 est:
1042 449 1143 484 hunc
1169 461 1252 485 mo-

137 524 216 548 rem
235 512 501 564 Philopoemen
522 527 567 550 eo
582 514 746 564 primum
765 526 867 550 anno
887 512 1117 549 labefactare
1135 526 1251 549 cona-

135 582 212 620 tus,
236 576 359 626 legem
382 577 541 628 parabat
565 577 677 621 ferre,
699 584 741 614 ut
760 578 799 613 in
819 577 995 613 omnibus
1016 576 1248 620 civitatibus,

136 653 220 690 quae
234 641 394 679 Achaici
410 642 559 679 concilii
577 651 715 686 essent,
737 644 776 678 in
797 644 914 679 vicem
935 647 1143 678 conventus
1160 654 1249 691 age-

135 711 289 742 rentur:
313 713 351 743 et
370 707 438 744 sub
457 708 660 744 adventum
681 707 860 751 consulis,
878 707 1098 755 Damiurgis
1116 707 1248 742 civita-

137 770 245 814 tium,
267 772 330 820 qui
350 784 517 808 summus
540 778 597 808 est
618 773 876 821 magistratus,
898 771 1057 820 AEgium
1085 783 1249 807 evocan-

132 833 249 877 tibus,
276 835 543 886 Philopoemen
579 837 737 886 (praetor
768 843 850 873 tum
876 836 973 883 erat)
1000 836 1124 884 Argos
1155 847 1248 871 con-

131 904 287 935 ventum
303 899 443 936 edixit:
466 913 542 949 quo
559 913 674 950 quum
694 900 891 951 adpareret
911 913 1041 937 omnes
1060 899 1139 936 fere
1155 912 1248 936 con-

132 968 327 1007 venturos,
350 963 482 1000 consul
498 977 662 1014 quoque,
680 977 907 1014 quamquam
928 964 1170 1012 AEgiensium
1189 963 1247 1000 fa-

131 1025 246 1063 vebat
274 1040 430 1072 caussae,
464 1029 589 1078 Argos
619 1029 746 1075 venit,
780 1028 846 1065 ubi
874 1041 989 1078 quum
1020 1028 1246 1077 disceptatio

130 1091 279 1135 fuisset,
303 1098 342 1128 et
361 1105 440 1129 rem
466 1093 687 1130 inclinatam
707 1099 891 1136 cerneret,
911 1093 1065 1143 incepto
1086 1092 1245 1129 destitit.

130 1154 413 1193 Lacedaemonii
438 1157 573 1194 deinde
595 1170 681 1194 eum
709 1158 749 1194 in
777 1170 845 1194 sua
870 1158 1079 1194 certamina
1098 1163 1246 1194 averte-

129 1226 232 1257 runt.
279 1220 489 1258 Sollicitam
509 1234 592 1258 eam
611 1222 804 1259 civitatem
825 1221 970 1259 exsules
991 1223 1155 1259 maxime
1174 1223 1244 1260 ha-

127 1281 295 1321 bebant:
319 1297 479 1334 quorum
499 1298 636 1335 magna
655 1298 740 1336 pars
760 1286 799 1321 in
820 1286 1018 1322 maritimis
1039 1285 1244 1324 Laconica

128 1360 206 1385 orae
228 1348 407 1392 castellis,
434 1362 517 1398 quae
544 1350 668 1386 omnis
698 1350 847 1386 ademta
874 1356 968 1393 erat,
991 1350 1240 1388 habitabant:

127 1411 166 1448 id
198 1424 297 1461 aegre
321 1413 508 1463 patientes
541 1412 838 1457 Lacedaemonii,
865 1421 906 1449 ut
929 1413 1055 1462 aliqua
1080 1414 1241 1451 liberum

127 1476 175 1512 ad
191 1489 296 1513 mare
314 1476 500 1514 haberent
518 1477 678 1521 aditum,
699 1478 730 1514 si
750 1477 902 1527 quando
929 1477 1096 1515 Romam
1119 1478 1242 1515 aliove

126 1553 203 1591 quo
222 1541 418 1578 mitterent
441 1541 603 1591 legatos,
625 1542 810 1592 simulque
829 1549 871 1578 ut
892 1543 1102 1593 emporium
1124 1550 1162 1579 et
1180 1554 1241 1580 re·

125 1605 364 1655 ceptaculum
389 1607 596 1658 peregrinis
623 1607 810 1643 mercibus
832 1607 878 1643 ad
898 1608 1129 1643 necessarios
1150 1620 1238 1644 usus

125 1676 238 1713 esset,
266 1678 380 1706 nocte
406 1671 529 1707 adorti
549 1672 673 1708 vicum
698 1672 943 1715 maritimum,
964 1674 1118 1708 nomine
1137 1673 1239 1717 Lan,

122 1735 317 1784 inproviso
350 1748 595 1786 occupavere.
650 1736 801 1780 Vicani,
834 1737 972 1785 quique
1005 1736 1058 1773 ibi
1092 1737 1246 1774 exsules

122 1798 364 1842 habitabant,
385 1801 508 1849 primo
528 1801 726 1850 inopinata
745 1814 785 1837 re
802 1802 925 1837 territi
945 1809 1052 1839 sunt:
1086 1803 1236 1847 deinde,

123 1863 192 1900 sub
212 1863 333 1900 lucem
350 1867 586 1915 congregati,
602 1865 675 1902 levi
690 1866 898 1902 certamine
917 1866 1144 1917 expulerunt
1159 1868 1237 1905 La-

121 1927 393 1964 cedaemonios:
420 1935 542 1965 terror
559 1935 688 1965 tamen
709 1942 862 1966 omnem
881 1931 1110 1968 maritimam
1131 1944 1237 1968 oram

121 1992 306 2041 pervasit:
339 1992 561 2042 legatosque
581 1995 848 2037 communiter,
866 2000 907 2031 ,et
933 1995 1088 2032 castella
1109 1997 1239 2033 omnia

122 2054 283 2104 vicique,
318 2062 355 2092 et
388 2056 550 2101 exsules,
581 2057 717 2106 quibus
748 2057 802 2093 ibi
831 2057 1024 2094 domicilia
1050 2067 1173 2104 erant,
1194 2061 1239 2097 ad

126 2119 288 2155 Achaeos
308 2121 504 2158 miserunt.
602 2118 605 2119 ⁷

177 2181 336 2221 XXXI.
363 2183 631 2235 Philopoemen
660 2185 912 2237 p1·aet01·‚jam
944 2188 1032 2226 inde
1058 2189 1105 2226 ab
1127 2190 1239 2226 initio
1253 2191 1428 2223 Decretum

126 2245 297 2285 exsulum
317 2260 456 2285 caussae
477 2257 514 2286 et
534 2251 691 2296 amicus,
712 2260 750 2288 et
770 2259 904 2290 auctor
924 2265 1071 2304 semper
1086 2254 1237 2290 Achaeis
1251 2236 1449 2308 ἷζςῗῗοῖῒζξ

122 2310 320 2349 minuendi
349 2323 439 2363 opes
474 2319 512 2350 et
542 2316 810 2354 auctoritatem
842 2317 1235 2362 Lacedaemoniorum,
1251 2321 1389 2352 monios.
