1546 2648
319 157 403 212 368
481 173 486 180 *
786 171 815 199 'r
857 171 989 201 mvn

128 259 169 289 U.
180 257 218 290 C.
235 256 508 301 sel-Rhodios,
528 264 585 302 ut,
605 258 757 304 omissa,
778 273 891 311 quam
916 273 1015 312 saepe
1033 272 1169 298 vanam
1194 263 1341 313 experti
1366 268 1425 301 es·

126 301 307 339 A·C·171-

320 327 419 365 sent,
438 334 568 370 regum
594 322 842 360 fovendorum
871 336 951 375 spe,
970 323 1187 361 Romanam
1206 326 1427 364 societatem

322 386 454 435 (unam
482 392 562 422 tum
591 387 629 422 in
658 388 767 424 terris
794 387 853 424 vel
877 388 1032 433 viribus,
1051 388 1110 425 vel
1135 389 1207 426 fide
1233 388 1425 437 stabilem)

318 451 538 488 retinerent.
595 451 740 488 Bellum
766 453 938 489 inminere
963 465 1044 489 cum
1063 453 1194 490 Perseo
1205 470 1218 490 .·
1248 455 1430 492 desidera·

319 518 417 552 turos
434 515 616 552 Romanos
634 517 795 552 eumdem
813 517 976 552 navalem
995 518 1227 566 adparatum,
1244 530 1347 567 quem
1361 531 1428 556 nu-

313 590 384 627 per
399 579 584 621 Antiochi,
606 591 709 627 quem
729 579 895 627 Philippi
919 585 1002 615 ante
1027 580 1116 616 bello
1133 582 1326 618 vidissent:
1357 587 1428 619 tre-

312 643 505 690 pidaturos
525 647 598 678 tum
617 648 761 690 repente
782 643 953 690 paranda
975 644 1098 687 classe,
1119 657 1228 693 quum
1252 647 1429 682 mittenda

317 710 405 742 esset
415 722 428 750 ‚-
457 707 524 742 nisi
542 706 684 755 reficere
701 717 820 751 naves,
840 707 908 742 nisi
926 707 1103 743 instruere
1124 708 1311 744 navalibus
1327 709 1431 745 sociis

318 771 509 819 coepissent.
566 769 613 806 Id
637 782 678 806 eo
702 771 817 817 magis
841 771 934 806 enise
949 769 1164 817 faciendum
1190 783 1274 816 esse,
1294 777 1334 808 ut
1359 775 1430 810 cri-

316 836 416 871 mina
439 835 562 871 delata
587 835 631 870 ab
655 834 817 871 Eumene
828 834 911 883 fide
935 847 1055 871 rerum
1078 824 1300 884 refellerent*
1353 835 1427 874 His

317 898 481 943 incitati,
520 899 770 948 quadraginta
815 899 967 935 navium
1008 898 1165 936 classem
1201 901 1426 937 instructam

316 969 568 1013 ornatamque
594 963 728 1012 legatis
754 962 940 1000 Romanis
963 963 1265 1009 advenientibus,
1288 972 1329 1001 ut
1349 977 1428 1002 non

314 1033 575 1078 exspectatam
593 1028 900 1065 adhortationem
918 1039 999 1065 esse
1018 1027 1229 1078 adpareret,
1249 1029 1426 1066 ostende-

318 1098 419 1129 runt.
464 1091 518 1128 Et
535 1093 617 1129 haec
636 1092 780 1141 legatio
798 1104 979 1141 magnum
998 1093 1045 1129 ad
1064 1091 1322 1130 conciliandos
1342 1093 1425 1130 ani·

317 1167 400 1191 mos
436 1156 646 1192 civitatium
682 1156 785 1192 Asiae
820 1161 1056 1192 momentum
1089 1155 1174 1192 fuit.
1229 1155 1424 1193 Decimius

319 1230 414 1255 unus
444 1219 526 1255 sine
554 1218 632 1255 ullo
658 1218 808 1262 effectu,
828 1225 1023 1270 captarum
1043 1218 1158 1255 etiam
1182 1219 1427 1269 pecuniarum

318 1282 366 1319 ab
395 1283 548 1332 regibus
577 1282 795 1333 Illyriorum
824 1282 1040 1334 suspicione
1068 1282 1233 1326 infamis,
1261 1281 1427 1320 Romam

318 1346 442 1385 rediit.

125 1417 308 1450 Perseusle-
373 1409 520 1448 XLVI.
549 1410 723 1455 Perseus,
745 1423 860 1459 quum
884 1423 908 1447 a
931 1409 1136 1459 conloquio
1161 1408 1427 1449 Romanorum

123 1463 360 1535 {ffiffiuffi'gtin
375 1474 655 1530 ‘Macedoniam
683 1474 886 1525 recepisset
912 1486 1006 1518 sese,
1025 1473 1172 1522 legatos
1198 1471 1364 1510 Romam
1383 1474 1428 1511 de

123 1547 280 1579 Rhodum
319 1539 508 1577 inchoatis
528 1551 613 1576 cum
631 1538 782 1576 Marcio
800 1537 1084 1575 conditionibus
1103 1537 1206 1587 pacis
1231 1538 1357 1574 misit:
1389 1543 1428 1574 et

125 1592 237 1623 mittit.

317 1604 549 1654 Byzantium
567 1610 607 1641 et
622 1602 804 1641 Rhodum
820 1601 947 1639 literas
966 1601 1100 1651 legatis
1119 1601 1292 1639 ferendas
1312 1600 1427 1639 dedit.

317 1668 365 1706 ln
384 1667 502 1705 literis
523 1668 652 1705 eadem
678 1667 869 1705 sententia
893 1666 941 1703 ad
968 1679 1098 1705 omnes
1126 1673 1230 1703 erat:
1261 1666 1428 1703 conlocu-

319 1738 396 1770 tum
413 1745 450 1769 se
469 1744 550 1769 cum
568 1732 817 1769 Romanorum
836 1732 988 1780 legatis:
1017 1743 1099 1780 quae
1125 1729 1304 1774 audisset,
1324 1742 1427 1779 quae-

317 1809 390 1847 que
417 1797 587 1840 dixisset,
608 1797 663 1833 ita
681 1796 877 1846 disposita,
899 1801 940 1831 ut
963 1795 1133 1845 superior
1151 1793 1268 1830 fuisse
1293 1794 1332 1830 in
1352 1793 1427 1830 dis-

318 1861 535 1911 ceptatione
555 1859 671 1896 videri
696 1865 836 1910 posset.
891 1857 1006 1908 Apud
1031 1857 1205 1894 Rhodios
1225 1856 1342 1906 legati
1362 1857 1427 1894 ad-

318 1926 506 1969 diderunt,
530 1925 712 1975 Confidere
736 1936 862 1974 pacem
880 1923 1080 1972 ficturum:
1109 1922 1313 1959 auctoribus
1336 1924 1431 1959 enim

319 1991 464 2028 Marcio
483 1996 591 2039 atque
609 1991 738 2034 Atilio,
759 1991 880 2026 missos
898 1988 1054 2025 Romam
1073 1988 1219 2035 legatos.
1275 1987 1319 2023 Si
1342 1999 1429 2035 per-

315 2060 441 2103 gerent
460 2055 760 2091 Romanircontra
773 2053 899 2102 foedus
916 2063 1055 2089 movere
1072 2052 1217 2093 bellum,
1238 2055 1314 2087 tum
1332 2052 1430 2087 omni

315 2121 452 2166 gratia,
473 2121 570 2155 omni
588 2129 653 2166 ope
671 2119 874 2154 enitendum
890 2117 980 2166 fore
1001 2116 1163 2158 Rhodiis,
1183 2119 1224 2151 ut
1241 2115 1428 2151 reconcili-

316 2188 376 2220 ent
400 2195 538 2231 pacem.
596 2183 637 2219 Si
664 2182 758 2218 nihil
785 2182 1004 2230 deprecando
1029 2181 1235 2229 preficiunt,
1255 2179 1293 2215 id
1317 2189 1427 2227 agen-

317 2248 416 2290 dum,
431 2259 476 2282 ne
495 2248 648 2283 omnium
668 2257 785 2282 rerum
798 2244 860 2291 jus
879 2257 922 2281 ac
937 2249 1094 2293 potestas
1113 2245 1162 2279 ad
1180 2254 1291 2279 unum
1307 2254 1426 2291 popu-

319 2313 391 2347 lum.
422 2312 617 2359 perveniat.
676 2312 792 2351 Quum
830 2313 1024 2346 ceterorum
1063 2309 1100 2345 id
1136 2309 1314 2350 interesse,
1351 2309 1427 2344 tum
