1546 2648
421 104 576 158 meae
598 128 681 156 xL.
712 126 818 156 cAr.
844 129 922 156 ιν.
1023 124 1028 128 ’
1144 130 1226 176 279

118 227 202 252 cum
222 215 372 260 Persea,
395 216 697 254 inimicissimum
725 215 893 252 fecerat:
925 217 971 260 is,
993 219 1225 268 prospiciens

117 279 259 323 auimo,
290 286 433 329 quanto
466 293 551 316 cum
584 279 752 330 periculo
787 291 855 316 suo
887 280 1086 317 haereditas
1120 284 1225 332 regui

117 350 275 379 ventura
293 350 391 380 esset
419 344 467 380 ad
485 344 637 386 Persea,
660 349 702 379 ut
720 344 882 392 primum
903 343 1031 379 labare
1060 347 1227 383 animum

114 407 228 454 regis,
249 413 286 442 et
305 407 550 456 ingemiscere
577 406 767 442 interdum
788 405 853 441 filii
873 406 1059 442 desiderio
1079 410 1195 445 sensit
1214 427 1223 454 3

113 481 215 506 nunc
233 470 437 519 praebendo
466 483 589 513 aures,
610 482 711 506 nunc
739 469 959 506 lacessendo
985 471 1099 507 etiam
1120 485 1226 510 men-

112 532 257 569 tionem
286 535 340 570 rei
367 542 509 571 temere
538 541 646 577 actae,
677 547 776 584 saepe
805 534 976 582 querenti
1006 547 1164 582 querens
1189 545 1226 573 et

112 594 193 644 ipse
222 597 376 644 aderat:
408 604 459 641 et,
480 610 596 647 quum
624 596 743 633 multa
773 595 943 632 adsoleat
971 597 1108 633 veritas
1130 612 1224 648 prae-

112 657 202 694 bere
230 662 390 710 vestigia
419 663 490 704 sui,
521 662 626 697 omni
655 674 727 710 ope
757 659 974 710 adjuvabat,
995 674 1071 710 quo
1101 669 1223 698 matu-

112 722 188 759 rius
209 726 337 761 omnia
357 732 589 762 emanarent.
647 725 821 774 Suspecti
838 731 874 760 et
896 726 1057 761 ministri
1076 725 1223 762 facino—

103 786 177 834 ris,
206 788 358 836 Apelles
389 790 551 825 maxime
580 794 618 825 et
646 788 850 831 Philocles,
882 797 1015 834 ,erant3
1049 791 1111 838 qui
1140 790 1222 825 Ro-

112 860 212 884 mam
244 849 361 899 legati
392 852 556 895 fuerant,
588 851 791 900 literasque
822 851 991 887 exitiales
1024 852 1224 889 Demetrio

112 910 181 947 sub
201 914 355 950 nomine
373 914 580 950 Flaminini
601 913 829 950 adtulerant.

163 976 247 1014 LV.
277 977 405 1015 Falsas
436 992 530 1022 esse,
553 985 590 1014 et
619 992 640 1014 a
669 978 793 1014 scriba
813 978 976 1021 vitiatas,
998 980 1224 1028 signumque

111 1040 378 1086 adulterinum,
402 1043 516 1092 vulgo
546 1044 584 1079 in
614 1044 718 1091 regia
745 1042 970 1079 fremebant.
1027 1043 1221 1087 Ceterum,

111 1116 226 1152 quum
256 1114 430 1156 suspecta
459 1107 593 1155 magis,
625 1119 738 1155 quam
775 1105 989 1149 manifesta,
1021 1114 1119 1143 esset
1147 1120 1220 1150 res,

111 1166 211 1203 forte
230 1168 389 1218 Xychus
410 1170 542 1206 obvius
559 1170 602 1206 fit
620 1170 834 1218 Antigono,
853 1170 1222 1219 comprehensusque

110 1230 157 1267 ab
179 1244 223 1267 eo
244 1233 282 1268 in
312 1235 454 1282 regiam
484 1240 541 1269 est
570 1234 795 1283 perductus:
828 1233 962 1269 relicto
988 1246 1033 1269 eo
1054 1235 1222 1270 custodi-

108 1293 192 1338 bus,
212 1296 431 1345 Antigonus
452 1297 498 1333 ad
514 1297 733 1346 Philippum
752 1297 950 1345 processit.
996 1297 1141 1340 Multis,
1162 1298 1220 1333 in-

109 1360 204 1408 quit,
222 1361 439 1398 sermonibus
468 1362 681 1397 intellexisse
698 1362 834 1402 videor,
856 1373 984 1407 magno
1015 1366 1048 1396 te
1067 1364 1220 1398 aestimcz-

109 1428 242 1467 turum,
260 1427 291 1461 si
307 1427 397 1462 scire
423 1437 508 1461 vera
527 1427 648 1462 onmia
664 1426 777 1473 possis
796 1426 839 1461 de
852 1425 948 1474 filiis
968 1427 1050 1468 tuis,
1070 1431 1150 1462 uter
1179 1427 1221 1462 ab

108 1493 187 1524 utro
203 1491 338 1536 petitus
355 1489 498 1538 fraude
517 1494 551 1526 et
579 1491 718 1527 ins-idus
741 1494 839 1525 esset.
895 1490 1017 1525 Homo
1035 1501 1127 1526 unus
1146 1502 1222 1526 om-

107 1552 221 1594 nium,
243 1554 302 1600 qui
330 1554 464 1588 nodum
484 1552 586 1598 hujus
605 1555 734 1588 erroris
753 1553 929 1588 exsolvere
948 1554 1074 1600 possit,
1094 1555 1128 1589 z'n
1154 1566 1223 1601 po-

109 1619 236 1651 testate
265 1620 328 1651 tua
356 1621 407 1652 est
425 1616 571 1663 Xychus
587 1632 598 1652 .·
615 1615 721 1664 forte
748 1620 914 1652 vocatum
938 1617 1223 1664 perductumque

1241 232 1282 261 U.
1298 231 1336 260 C.
1355 236 1429 266 57³.

1239 275 1279 305 A.
1296 274 1331 304 C.
1350 280 1422 309 179.

1234 1305 1423 1337 Innocentia

1234 1348 1389 1378 Demetrii

1234 1399 1352 1430 agnita.

107 1678 144 1713 in
162 1679 299 1725 regiam
319 1682 439 1715 vocari
447 1677 602 1724 juberet.
649 1678 845 1714 Adductus
866 1678 989 1728 primo
1009 1679 1063 1714 ita
1082 1691 1221 1728 negare
1239 1713 1245 1717 β

105 1741 380 1784 inconstanter,
402 1748 457 1785 ut,
477 1755 595 1792 parvo
624 1749 728 1778 metu
758 1742 925 1784 admoto,
956 1748 1131 1791 paratum
1159 1743 1221 1778 in-

104 1804 226 1841 dicem
262 1818 343 1841 esse
376 1807 593 1856 adpareret:
627 1811 873 1856 conspectum
900 1807 1057 1842 tortoris
1086 1806 1218 1843 verbe-

104 1881 262 1918 rumque
280 1882 359 1905 non
379 1870 580 1906 sustinuit:
615 1870 860 1917 ordinemque
890 1881 1042 1905 omnem
1070 1869 1217 1906 facino-

103 1933 154 1968 ris
174 1932 385 1982 legatorum
404 1935 680 1982 ministeriique
696 1934 754 1968 sui
773 1933 962 1981 exposuit.
1008 1932 1216 1982 Extemplo

105 1997 223 2040 missi,
244 1998 307 2047 qui
336 1998 482 2047 legatos
507 1997 885 2047 comprehenderent,
905 1996 1132 2039 Philoclem,
1153 1997 1217 2045 qui

103 2074 266 2110 praesens
313 2068 408 2105 erat,
446 2061 741 2111 obpresserunt:
787 2059 955 2110 Apelles,
993 2061 1127 2096 missus
1170 2060 1218 2097 ad

105 2124 300 2161 Chaeream
333 2126 533 2174 quemdam
565 2124 878 2174 persequendum,
910 2124 1054 2160 indicio
1086 2123 1218 2172 Xychi

106 2187 249 2231 audito,
268 2188 307 2224 in
326 2188 478 2226 Italiam
503 2188 667 2239 trajecit.
724 2189 785 2225 De
810 2188 983 2227 Philocle
1009 2188 1104 2224 nihil
1124 2188 1219 2223 certi

102 2251 297 2301 vulgatum
313 2258 370 2289 est
389 2268 397 2290 ι
429 2253 492 2291 alii
511 2254 635 2306 primo
655 2253 849 2292 audaciter
869 2260 1089 2302 negantem,
1111 2258 1217 2302 post,-
