1546 2648
354 167 514 197 Lmen
540 162 659 194 xmr.
691 162 797 194 cAP.
822 163 993 193 xxvu.
1127 158 1210 205 513

94 258 227 301 filium,
256 256 337 308 jam
369 257 417 294 ab
443 256 577 294 ‘Roma
610 267 837 305 regressum,
868 255 915 292 ad
942 252 1143 303 AEgInium
1171 257 1209 288 et

92 324 259 372 Agassas
293 321 523 373 diripiendas
555 321 697 358 mittit:
730 322 911 369 Agassas,
947 318 1062 368 quod,
1094 330 1210 367 quum

89 386 240 423 Marcio
259 385 406 422 consuli
427 384 672 421 tradidissent
699 383 845 427 urbem,
875 383 995 433 petita
1021 381 1122 419 ultro
1149 393 1209 420 so-

89 450 227 486 cietate
245 439 439 492 Romana,
460 447 677 485 defecerant
693 459 820 484 rursus
841 446 887 483 ad
904 446 1064 483 Persea:
1097 445 1210 495 AEgi-

89 514 278 551 niensium
312 527 454 551 novum
491 515 633 552 crimen
671 521 777 550 erat:
824 513 934 550 famae
972 512 1018 548 de
1052 512 1211 548 victoria

90 578 355 616 Romanorum
375 578 488 616 fidem
516 592 594 616 non
615 579 816 622 habentes,
844 579 882 614 in
904 576 1087 628 quosdam
1107 576 1208 612 mili-

90 647 188 686 tum,
226 643 358 680 urbem
394 645 600 694 ingressos,
639 642 830 679 hostiliter
867 642 1078 678 saevierant.
1146 640 1210 676 Ad

93 706 299 744 AEniorum
325 720 475 758 quoque
505 706 696 743 hostiliter
725 706 856 743 urbem
882 704 1131 756 diripiendam
1160 705 1208 742 L.

91 769 331 807 Postumium
360 772 476 814 misit,
508 771 607 820 quod
638 771 883 821 pertinacius,
905 781 1016 819 quam
1036 769 1208 805 finitimae

92 835 280 878 civitates,
301 836 341 871 in
369 836 481 872 armis
506 835 671 871 fuerant.
727 835 914 871 Autumni
947 832 1026 870 fere
1059 840 1206 883 tempus

91 905 196 944 erat3
220 898 327 950 cujus
347 900 529 949 temporis
550 900 662 935 initio
682 897 987 935 circumeundam
1003 896 1204 940 Graeciam,

89 963 333 1013 visendaque,
362 976 444 1013 quae
464 963 668 1000 nobilitata
697 962 799 999 fama
825 963 944 1010 magis
971 961 1123 998 auribus
1144 974 1205 998 ac-

91 1033 202 1077 cepta
221 1035 324 1070 sunt,
345 1041 457 1077 quam
477 1027 597 1064 oculis
618 1033 842 1069 noscuntur,
874 1032 914 1061 ut
942 1026 1090 1069 statuit,
1110 1037 1206 1075 prae-

92 1092 219 1141 posito
239 1093 372 1128 castris
393 1093 435 1129 C.
449 1092 618 1142 Sulpicio
638 1090 766 1133 Gallo,
786 1090 979 1140 profectus
1001 1102 1086 1126 cum
1106 1090 1209 1127 haud

92 1167 232 1204 magno
252 1157 450 1200 comitatu,
480 1155 698 1204 tegentibus
729 1154 848 1190 latera
875 1154 1053 1204 Scipione
1072 1154 1151 1191 filio
1170 1162 1209 1191 et

91 1220 283 1256 Athenaeo
302 1220 486 1257 Eumenis
506 1220 604 1269 regis
624 1219 755 1263 fratre,
772 1231 840 1269 per
857 1219 1094 1256 Thessaliam
1112 1218 1207 1256 Del-

90 1285 189 1335 phos
219 1286 331 1335 petit,
364 1285 539 1321 inclitum
573 1284 791 1321 oraculum:
823 1284 903 1328 ubi,
935 1284 1119 1320 sacrificio
1150 1284 1206 1320 A-

91 1348 226 1399 pollini
258 1349 377 1393 facto,
398 1350 598 1386 inchoatas
626 1350 664 1385 in
686 1347 872 1384 vestibulo
893 1348 1102 1392 columnaS,
1123 1348 1208 1398 qui-

90 1415 161 1451 bus
199 1416 401 1466 inposituri
439 1422 584 1452 statuas
623 1416 722 1464 regis
761 1415 889 1450 Persei
925 1413 1091 1458 fuerant,
1130 1416 1207 1451 suis

90 1480 226 1516 statuis
250 1481 372 1517 victor
390 1481 608 1517 destinavit.
655 1474 835 1517 Lebadiae
855 1491 1006 1528 quoque
1024 1478 1209 1529 templum

1224 259 1265 290 U.
1278 259 1316 290 C.
1332 263 1408 290 585»,

1221 304 1262 334 A.
1276 303 1314 335 C.
1332 307 1400 338 167.

1220 900 1351 932 Paullus

1220 945 1381 975 Graeciam

1219 993 1371 1028 peragrat.

91 1543 198 1579 Jovis
218 1543 432 1594 Trophonii
453 1544 570 1580 adiit:
602 1544 655 1580 ibi
675 1552 790 1593 quum
815 1543 969 1579 vidisset
994 1555 1037 1579 os
1058 1551 1222 1594 specus,‘

91 1615 159 1656 per
177 1607 279 1656 quod
308 1607 463 1644 oraculo
489 1613 639 1644 utentes
671 1608 906 1643 sciscitatum
925 1606 1029 1643 Deos
1050 1607 1207 1643 descen-

88 1671 197 1714 dunt,
229 1671 415 1707 sacrificio
449 1671 537 1707 Jovi
568 1670 862 1720 Hercynnaeque
892 1671 1011 1713 facto,
1045 1683 1206 1720 quorum

88 1734 141 1771 ibi
169 1735 352 1785 templum
384 1743 455 1779 est,
486 1735 705 1772 Chalcidem
750 1736 796 1772 ad
838 1734 1095 1785 spectaculum
1121 1735 1205 1772 Eu-

88 1799 162 1849 ripi
179 1801 202 1822 ἦ
221 1808 376 1848 aevoque
396 1806 484 1836 ante
503 1800 651 1843 insulae,
672 1806 789 1849 ponte
809 1801 1023 1836 continenti
1041 1799 1203 1849 junctae,

87 1864 293 1901 descendit.
350 1865 385 1900 A
406 1864 588 1900 Chalcide
606 1864 781 1901 Aulidem
800 1863 957 1914 trajicit,
983 1865 1099 1899 trium
1118 1864 1206 1900 mil-⁷

89 1927 182 1964 lium
219 1929 343 1979 spatio
377 1929 595 1972 dista-ntem,
638 1937 791 1979 portum
828 1928 1002 1964 inclitum
1037 1929 1204 1965 statione

87 1992 280 2041 quondam
320 1992 422 2028 mille
460 1993 611 2029 navium
631 1993 946 2041 Agamemnoniae
967 1992 1111 2036 classis,
1131 1993 1204 2029 Di-

87 2070 243 2108 anaeque
268 2058 466 2108 templum,
490 2059 554 2094 ubi
588 2059 745 2095 navibus
779 2070 929 2095 cursum
957 2059 1004 2095 ad
1028 2059 1200 2110 Trojam,

87 2119 165 2158 filia
183 2122 336 2159 victima
355 2124 429 2159 aris
449 2124 617 2167 admota,
635 2136 702 2160 rex
722 2123 785 2160 ille
805 2132 934 2172 regum
955 2124 1077 2173 petiit.
1107 2124 1201 2161 Inde

88 2185 261 2235 Oropum
294 2187 432 2223 Atticae
461 2195 617 2224 ventum
650 2194 709 2224 est
720 2205 731 2235 3
779 2189 841 2224 ubi
880 2200 951 2238 pro
979 2186 1066 2224 D‘eo
1095 2198 1200 2226 vates

85 2250 362 2300 Amphilochus
383 2251 532 2303 colitur,
547 2252 805 2302 templumque
821 2259 1010 2289 vetustum
1025 2260 1095 2296 est,
1113 2253 1200 2289 fon-

85 2314 186 2352 tibus
206 2315 370 2365 rivisque
389 2316 490 2353 circa
507 2325 712 2355 amoenum.
758 2318 930 2356 Athenas
947 2317 1048 2362 inde,
1068 2317 1198 2368 plenas

595 2381 627 2417 Z
648 2383 670 2417 ὓ
