1546 2648
353 201 510 230 Lmen
534 199 663 228 xml.
695 197 802 228 cAv.
827 199 906 229 nx.
1095 187 1178 243 385

70 295 187 329 tentus
204 291 288 328 bene
312 295 467 339 regesta
486 291 635 338 quiesset
662 300 702 325 eo
721 289 792 330 die,
820 288 877 324 vel
900 289 1003 336 pacis
1030 287 1182 325 honestoe

67 357 306 392 conditionem
329 355 547 396 habiturum,
574 354 631 389 vel
656 353 830 401 plurimos
857 352 940 388 belli
966 356 1090 395 socios,
1120 355 1182 401 qui

57 419 254 468 fortunam
277 423 518 467 sequerentur,
536 419 567 453 si
584 417 718 453 bellare
734 416 872 452 mallet.
930 415 975 452 In
995 416 1069 452 hoc
1088 428 1180 453 con-

68 483 194 520 silium
211 483 369 534 pronior
397 488 477 519 erat
496 482 643 520 animus
674 479 787 529 regiS.
843 478 993 528 Itaque,
1023 479 1180 516 conlau-

67 547 158 584 dato
175 547 370 592 Evandro,
388 549 498 598 signa
516 547 660 590 referri,
677 545 921 597 peditumque
941 558 1077 595 agmen
1095 546 1180 583 red-

66 610 120 647 ire
138 611 178 647 in
198 617 322 648 castra
333 610 448 662 jubet
460 628 470 657 ;
504 610 692 660 equitibus
713 610 879 660 receptui
901 622 1048 646 canere.

118 673 208 712 LX.
238 675 418 712 Cecidere
437 687 482 710 eo
502 675 560 710 die
576 673 623 710 ab
643 672 829 709 Romanis
845 672 998 709 ducenti
1018 673 1178 722 equites,

67 739 143 775 duo
161 738 293 782 millia,
322 738 423 775 haud
443 738 581 781 minus,
611 737 804 788 peditum3
837 737 939 787 capti
963 736 1081 774 ferme
1109 737 1178 774 du-

65 802 167 840 eenti
187 803 355 851 equites:
387 815 434 838 ex
452 802 564 850 regiis
595 807 719 837 autem
743 801 877 850 viginti
904 801 1064 850 equites,
1084 813 1178 851 qua·

65 866 239 915 draginta
275 865 418 915 pedites
456 864 658 901 interfecti.
715 863 925 914 Postquam
960 864 1105 901 rediere
1138 866 1178 901 in

65 935 189 966 castra
207 928 384 970 victores,
405 939 535 963 omnes
556 927 704 975 quidem
720 926 811 970 laeti,
833 933 922 963 ante
941 927 1034 964 alios
1054 927 1179 964 Thra-

64 1005 150 1030 cum
168 991 336 1028 insolens
355 991 487 1028 laetitia
508 990 722 1026 eminebat:
755 1003 841 1027 cum
860 996 974 1027 cantu
994 991 1093 1027 enim
1115 1003 1178 1027 su-.

63 1056 206 1107 perfixa
231 1055 357 1106 capita
385 1055 553 1090 hostium
581 1059 778 1104 portantes
804 1054 1008 1091 redierunt.
1064 1054 1180 1105 Apud

62 1120 261 1157 Romanos
291 1132 369 1156 non
402 1119 586 1155 moestitia
614 1124 763 1155 tantum
793 1131 840 1154 ex
868 1118 967 1155 male
986 1125 1093 1168 gesta
1122 1131 1176 1162 re,

64 1185 129 1221 sed
161 1196 280 1233 pavor
312 1184 425 1220 etiam
459 1189 553 1225 erat,
586 1195 634 1218 ne
672 1182 863 1233 extemplo
896 1189 1020 1220 castra
1054 1183 1177 1219 hostis

63 1248 340 1296 adgrederetur.
396 1246 587 1283 Eumenes
619 1246 788 1289 suadere,
810 1253 852 1283 ut
881 1252 985 1283 trans
1006 1246 1174 1283 Peneum

61 1310 284 1348 transferret
302 1316 448 1355 castra3
481 1316 522 1345 ut
540 1322 611 1359 pro
631 1310 868 1346 munimento
888 1323 1037 1347 amnem
1056 1310 1173 1346 habe-

60 1381 131 1417 ret,
153 1374 239 1409 dum
260 1372 421 1423 perculsi
441 1372 579 1408 milites
600 1373 746 1409 animos
763 1373 1011 1422 conligerent.
1069 1374 1171 1411 Con·

60 1437 118 1474 sul
135 1438 278 1474 moveri
295 1436 441 1485 flagitio
460 1436 607 1472 timoris
626 1436 770 1474 fatendi
787 1452 795 1474 ε
826 1438 947 1473 victus
963 1444 1091 1476 tamen
1110 1450 1172 1474 ra-

58 1503 178 1545 tione,
209 1501 360 1538 silentio
388 1501 513 1538 noctis
545 1501 774 1538 transductis
805 1502 939 1552 copiis,
973 1509 1097 1539 castra
1128 1503 1170 1540 in

59 1565 237 1602 ulteriore
255 1566 338 1614 ripa
357 1565 579 1603 communit.
616 1564 716 1608 Rex,
736 1571 891 1615 postero
907 1566 967 1603 die
987 1566 1033 1603 ad
1052 1566 1171 1604 laces-

62 1630 198 1666 sendos
213 1629 349 1680 proelio
364 1630 494 1665 hostes
510 1643 745 1681 progressus,
755 1637 956 1682 postquam
970 1638 1073 1669 trans
1092 1646 1171 1670 am-

61 1706 146 1730 nem
176 1694 214 1729 in
243 1700 329 1729 tuto
358 1694 485 1744 posita
516 1702 640 1731 castra
672 1695 950 1739 animadvertit,
979 1697 1173 1734 fatebatur

59 1756 210 1806 quidem
228 1763 440 1806 peccatum,
461 1757 562 1806 quod
582 1757 702 1807 pridie
717 1770 795 1794 non
815 1759 1014 1795 institisset
1034 1761 1167 1806 victis3

4 1856 8 1861 ,
60 1819 124 1856 sed
143 1819 339 1869 aliquanto
359 1818 542 1870 majorem
563 1820 712 1872 culpam
732 1834 826 1864 esse,
848 1821 949 1871 quod
977 1830 1091 1860 nocte
1109 1823 1170 1860 fo-

58 1890 116 1920 ret
135 1890 322 1926 cessatum
340 1898 348 1920 t
381 1897 483 1926 nam,
505 1891 546 1920 ut
566 1886 755 1921 neminem
776 1885 891 1922 alium
912 1898 1066 1923 suorum
1087 1900 1169 1923 mo-

59 1953 175 1989 veret,
192 1947 263 1983 levi
281 1954 471 1984 armatura
486 1948 654 1992 inmissa,
667 1949 939 2000 trepidantium
951 1950 989 1986 in
1006 1952 1170 1987 transitu

59 2010 222 2048 fluminis
250 2011 418 2047 hostium
437 2011 552 2048 deleri
582 2024 720 2062 magna
738 2024 785 2049 ex
814 2019 921 2063 parte
940 2014 1068 2064 copias
1098 2027 1168 2064 po-

0 2100 2 2119 }
57 2074 185 2110 tuisse.
208 2093 213 2097 -
239 2074 424 2112 Romanis
438 2075 587 2124 quidem
604 2088 766 2126 praesens
782 2089 900 2127 pavor
912 2076 1058 2113 demtus
1072 2085 1166 2121 erat,

0 2126 2 2153 ἰ
57 2138 95 2173 in
129 2143 214 2173 tuto
248 2145 371 2175 castra
403 2139 658 2176 habentibus:
691 2140 869 2176 damnum
905 2141 1005 2177 inter
1042 2149 1168 2179 cetera

55 2200 245 2251 praecipue
262 2200 372 2239 famae
400 2203 604 2240 movebat:
636 2211 674 2241 et
705 2205 744 2240 in
764 2204 924 2240 consilio
948 2205 1046 2255 apud
1073 2218 1166 2242 con·

57 2264 174 2300 sulem
193 2276 263 2314 pro
292 2275 332 2300 se
351 2266 507 2315 quisque
534 2268 574 2303 in
596 2267 752 2304 AEtolos
782 2268 1031 2305 conferebant
1058 2282 1167 2305 caus-

22 2332 25 2333 ’
57 2339 134 2363 sam
148 2343 159 2372 3
182 2327 226 2363 ab
240 2327 398 2377 iisfugae
413 2331 624 2379 terrorisque
634 2332 854 2380 principium
871 2337 987 2369 ortum
1001 2347 1013 2369 .·
1032 2338 1168 2370 secutos

109 2389 211 2428 Vox..
240 2389 309 2428 IV.
592 2393 619 2429 S

1194 290 1285 322 U.C.
1302 299 1376 323 581.

1192 334 1285 366 A.C.
1303 342 1378 371 171-

1193 417 1348 456 Receptui

1193 461 1291 491 canit.

1188 1253 1260 1285 Cos.
1277 1260 1364 1287 trans

1187 1297 1331 1329 Peneum

1186 1346 1287 1371 castra

1184 1383 1342 1416 transfert.
