1546 2648
401 178 964 213 ansnxn.cAP.X1.1v.
1154 166 1233 220 269

123 273 276 311 colonia
294 273 554 316 deduceretui,
575 270 707 320 gratiae
731 268 778 305 ab
800 273 933 304 senatu
953 272 1069 302 actae.
1102 266 1235 303 trium·
1248 275 1291 306 U.
1304 274 1341 305 C.
1355 277 1429 307 572.

125 339 194 373 viri
223 338 339 375 creati
368 337 415 373 ad
446 348 528 372 eam
557 347 635 371 rem
665 334 714 373 Q.
727 332 868 369 Fabius
899 331 1040 373 Buteo,
1063 329 1121 367 M.
1138 337 1175 366 et
1194 330 1237 368 P.
1250 319 1289 349 A·
1301 318 1338 348 C·
1353 322 1427 347 ¹¹³⁹·

127 400 282 452 Popillii
308 401 498 438 Laenates.
555 400 590 436 A
611 399 654 435 C.
674 397 818 435 Maenio
848 396 1124 447 praet01·e(cui‚
1151 409 1238 446 pio-

122 465 248 502 vincia
286 464 459 501 Sardinia
486 475 600 512 quum
638 461 838 503 evenisset,
870 458 1038 495 additum
1075 465 1168 501 erat,
1200 466 1242 495 ut

125 534 309 579 quaereret
327 528 373 564 de
398 526 587 564 veneficiis
607 525 758 575 longius
788 524 833 561 ab
855 523 947 560 urbe
973 522 1102 558 decem
1128 523 1241 559 milli-

124 592 196 629 bus
216 592 412 643 passuum)
434 590 553 626 literae
575 588 724 631 adlatae,
746 589 793 624 Se
801 587 881 634 jam
901 588 972 622 tria
991 587 1109 623 millia
1128 587 1242 624 homi-

125 668 212 692 uum
242 658 442 698 damnasse,
476 660 511 690 et
543 665 696 690 crescere
726 652 792 688 sibi
819 653 1044 700 quaestionem
1076 653 1242 689 indiciis.-

128 725 193 757 aut
212 733 290 757 eam
309 721 371 756 sibi
392 732 463 755 esse
483 719 723 759 deserendam,
737 721 802 753 aut
816 716 1040 764 provinciam
1060 717 1244 753 dimitten-

127 786 223 820 dam.
271 784 319 823 Q.
333 783 486 819 Fulvius
502 782 658 818 Flaccus
680 793 726 816 ex
745 779 935 829 Hispania
953 779 1065 815 rediit
1078 779 1244 818 Romam

127 859 215 883 curn
233 860 373 895 magna
392 847 494 883 fama
513 853 705 896 gestarum
734 858 871 888 rerum,
897 845 974 894 qui,
996 858 1111 894 quum
1138 853 1245 884 extra

127 909 262 946 urbem
280 911 465 960 triumphi
486 922 618 947 caussa
638 915 751 953 esset,
769 908 901 945 consul
920 914 976 944 est
992 916 1138 946 creatus
1159 924 1245 947 cum

129 974 176 1011 L.
188 974 338 1011 Manlio
359 975 544 1020 Acidin03
577 980 616 1010 et
635 979 723 1024 post
750 985 891 1023 paucos
911 972 988 1008 dies
1010 985 1095 1009 cum
1114 974 1244 1010 militi-

129 1038 216 1082 bus,
238 1051 332 1087 quos
363 1051 491 1075 secum
511 1038 731 1081 deduxerat,
762 1036 998 1087 triumphans
1030 1037 1162 1074 urbem
1190 1046 1248 1076 est

131 1104 315 1140 invectus.
361 1104 469 1140 Tulit
489 1105 528 1139 in
547 1103 743 1152 triumpho
764 1114 923 1139 coronas
944 1115 1073 1139 aureas
1094 1109 1246 1141 centum

132 1168 269 1216 viginti
285 1175 448 1217 quatuor
463 1183 471 1204 ι
494 1174 678 1218 praeterea
693 1168 773 1202 auri
789 1167 916 1217 pondo
934 1167 1092 1215 triginta
1108 1180 1242 1215 unum3

129 1238 172 1268 et
202 1231 341 1279 signati
379 1232 557 1268 Oscensis
595 1230 792 1268 nummum
824 1237 977 1267 centum
1006 1233 1247 1282 septuaginta

130 1295 206 1331 tria
231 1294 349 1331 millia
376 1295 571 1332 ducentos.
628 1295 818 1330 Militibus
839 1294 884 1330 de
911 1295 1037 1344 praeda
1063 1296 1249 1345 quinqua-

132 1371 250 1408 genos
270 1359 443 1395 denarios
471 1359 588 1402 dedit,
614 1358 751 1409 duplex
781 1358 1080 1402 centurionibus,
1111 1360 1248 1409 triplex

128 1423 263 1471 equiti,
284 1423 518 1460 tantumdem
545 1423 657 1459 sociis
679 1422 810 1458 Latini
834 1422 1014 1466 nominis,
1036 1429 1075 1460 et
1104 1424 1248 1474 stipen-

129 1490 232 1526 dium
253 1490 428 1527 omnibus
450 1491 599 1542 duplex.

187 1553 335 1591 XLIV.
364 1554 424 1590 Eo
444 1568 545 1591 anno
576 1555 727 1604 rogatio
757 1556 919 1605 primum
946 1556 1025 1594 lata
1050 1565 1108 1594 est
1136 1558 1183 1595 ab
1202 1559 1249 1597 L.
1265 1567 1331 1597 Lex
1346 1576 1402 1598 an-

135 1615 253 1651 Villio
274 1616 427 1653 tribuno
446 1617 582 1667 plebis,
604 1624 698 1666 quot
721 1630 842 1654 annos
863 1621 944 1656 nati
965 1633 1151 1670 quemque
1171 1635 1251 1660 ma·
1263 1612 1362 1641 nasia·

135 1678 337 1727 gistratum
358 1686 530 1728 peterent
546 1686 821 1730 caperentque:
854 1683 940 1719 inde
961 1696 1174 1733 cognomen
1194 1686 1252 1723 fa,

137 1742 252 1779 miliae
274 1743 451 1787 inditum,
475 1750 516 1780 ut
535 1745 703 1780 Annales
724 1746 1014 1796 adpellarentur.
1066 1750 1254 1788 Praetores

135 1815 300 1857 quatuor
326 1816 413 1859 post
438 1809 577 1846 multos
609 1823 728 1846 annos
758 1811 841 1860 lege
859 1813 994 1850 Baebia
1020 1817 1151 1860 creati,
1172 1830 1255 1866 quae

136 1871 290 1908 alternis
312 1880 515 1922 quaternos
530 1874 693 1924 jubebat
709 1876 848 1913 creari:
881 1878 921 1913 hi
941 1877 1048 1923 facti,
1070 1880 1141 1917 Cn.
1157 1882 1255 1918 Cor·

136 1934 257 1971 nelius
289 1936 431 1986 Scipio,
460 1937 688 1974 C.Valerius
720 1938 914 1982 Laevhms,
945 1941 993 1980 Q.
1011 1948 1048 1978 et
1070 1943 1114 1979 P.
1133 1944 1255 1982 Mucii

140 1998 190 2037 Q.
210 1998 253 2035 F.
275 1999 465 2037 Scaevolae.
503 2001 552 2039 Q.
573 2001 707 2037 Fulvio
739 2010 776 2037 et
804 2002 851 2038 L.
867 2002 1017 2041 Manlio
1037 2007 1254 2046 consulibus
1268 2015 1311 2045 U.
1324 2014 1361 2045 C.
1376 2019 1447 2050 573.

139 2062 269 2098 eadem
288 2064 497 2113 provincia,
519 2079 602 2115 quae
623 2067 893 2116 superioribus,
910 2069 992 2118 pari
1012 2083 1170 2108 numero
1191 2086 1254 2110 co·
1268 2060 1307 2089 Α·
1323 2058 1359 2088 C·
1376 2064 1448 2093 ¹⁷⁹·

142 2125 214 2173 piae
244 2126 428 2174 peditum,
464 2129 648 2177 equitum,
681 2130 833 2174 civium,
869 2133 1058 2170 sociorum
1085 2135 1257 2176 decretae.

143 2186 190 2222 Iu
217 2187 414 2238 Hispaniis
435 2192 578 2229 duabus
598 2193 658 2230 Ti.
674 2194 901 2244 Sempronio
929 2203 967 2233 et
992 2197 1038 2235 L.
1058 2199 1258 2239 Postumio

142 2263 228 2285 cum
250 2252 379 2290 iisdem
403 2258 644 2301 exercitibus,
666 2271 761 2307 quos
790 2259 990 2306 haberent,
1012 2272 1260 2320 prorogatum

143 2309 342 2365 imperium
363 2324 443 2354 est:
477 2327 514 2355 et
533 2321 571 2356 in
589 2321 898 2372 supplementum
911 2326 1083 2363 consules
1101 2329 1263 2365 scribexe
