1546 2648
302 236 458 266 LIBER
482 232 688 264 xxxvn.
733 230 841 260 CAP.
866 230 1029 259 XLVII.
1172 224 1227 270 57

109 327 205 370 nias,
225 326 390 365 decrevit
410 333 578 369 senatus,
606 326 668 362 Uti
690 324 727 360 C.
749 323 885 359 Laelius
904 322 1040 364 consul,
1060 322 1092 356 si
1113 321 1147 356 ei
1170 320 1225 356 vi·
1240 323 1281 353 U.
1292 321 1330 352 C.
1350 325 1424 352 562.

111 393 266 435 deretur,
286 405 346 428 setc
366 393 481 428 millia
496 390 731 440 flczniliarnm
752 387 996 428 conscriberet,
1018 398 1095 434 quoe
1114 387 1150 421 in
1169 397 1228 421 eas
1238 367 1279 397 A·
1296 365 1332 396 C·
1355 372 1428 398 ¹⁹0’

109 457 266 493 colonias
281 459 523 493 dividerentur
536 472 548 492 .·
567 461 601 492 et
619 461 657 491 ut
673 455 718 491 L.
731 454 997 490 Aurunculeius
1011 456 1144 499 prcetor
1161 451 1228 486 {ri-

110 524 266 558 umviros
285 528 420 558 crearet
440 524 487 558 ad
507 535 564 558 eos
585 523 725 558 colonos
745 521 976 556 deducendos.
1022 517 1151 553 Creati
1170 516 1228 553 M.

113 585 254 622 Atilius
273 587 470 630 Serranus,
487 586 532 623 L.
551 586 723 623 Valerius
745 585 787 622 P,
804 585 846 621 F.
863 584 1036 627 Flaccus,
1055 582 1101 619 L.
1114 581 1229 618 Vale·

114 650 192 687 rius
213 651 256 687 C.
278 651 318 687 F.
339 652 488 702 Tappo.

167 715 337 753 XLVI-²1.
359 716 474 752 Haud
490 717 545 752 ita
560 715 681 752 multo
701 720 804 765 post,
821 727 936 764 quum
951 712 1033 764 jam
1051 711 1228 749 consula-

114 779 211 816 rium
238 782 481 817 com-*riorum
507 781 700 831 adpeteret
725 787 889 830 tempuS,
912 779 954 815 C.
976 778 1116 815 Laelius
1138 790 1231 814 con-

115 844 172 880 sul
192 858 238 882 ex
259 846 384 883 Gallia
404 847 568 883 Romam
590 847 723 882 rediit:
755 846 787 881 is
808 858 885 881 non
907 844 1044 887 solum,
1063 856 1108 880 ex
1128 843 1232 879 facto

117 908 274 946 absente
303 923 342 946 se
371 911 717 954 senatusconsulto,
738 911 776 946 in
804 909 1109 960 supplementum
1139 908 1233 943 Cre-

115 987 239 1012 monae
269 981 306 1012 et
334 976 540 1013 Placentiae
571 976 728 1012 colonos
755 976 928 1025 scripsit3
962 974 1041 1016 sed,
1063 980 1104 1009 ut
1124 985 1232 1009 novae

117 1039 277 1077 coloniae
297 1041 379 1077 duae
399 1042 437 1077 in
459 1054 607 1090 agrum,
624 1041 686 1090 qni
705 1041 891 1077 Boiorum
906 1040 1053 1082 fuisset,
1071 1038 1232 1074 deduce-

118 1111 263 1148 rentur,
284 1112 322 1141 et
350 1105 493 1148 retulit,
515 1112 553 1141 et
582 1112 737 1141 auctore
764 1118 809 1141 eo
836 1105 967 1140 Patres
993 1109 1234 1140 censuerunt.

118 1161 268 1204 Eodem
297 1175 469 1219 tempore
498 1169 544 1206 L.
567 1169 715 1205 AEmilii
744 1169 918 1219 praetoris
948 1168 1068 1203 literae
1099 1167 1234 1203 adlatae

120 1232 166 1269 <le
185 1233 308 1269 navali
329 1246 457 1283 pugna
478 1234 523 1269 ad
546 1233 804 1283 Myonnesum
824 1233 939 1276 facta,
962 1239 999 1268 et
1018 1232 1064 1268 L.
1087 1232 1235 1281 Scipio-

119 1309 206 1333 nem
227 1297 419 1334 consulem
441 1299 649 1334 exercitum
669 1299 708 1334 in
730 1299 860 1334 Asiam
882 1297 1087 1347 trajecisse.
1145 1296 1235 1333 Vic-

117 1362 226 1398 toriae
246 1361 388 1398 navalis
409 1375 502 1411 ergo
521 1363 560 1398 in
582 1375 696 1398 unum
718 1362 816 1398 diem
837 1361 1065 1411 supplicatio
1082 1361 1235 1397 decreta

119 1433 198 1462 est:
230 1427 270 1462 in
290 1426 449 1462 alterum
471 1427 583 1470 diem,
605 1427 706 1476 quod
727 1427 913 1463 exercitus
933 1425 1131 1462 Romanus
1154 1434 1234 1462 tum

119 1490 282 1541 primum
303 1491 340 1527 in
361 1491 453 1527 Asia
474 1491 661 1541 posuisset
681 1498 817 1534 castra,
841 1497 881 1526 ut
902 1503 945 1526 ea
965 1503 1023 1526 res
1054 1503 1236 1540 prospera

119 1560 157 1590 et
175 1553 263 1591 laeta
281 1556 447 1592 eveniret
465 1571 471 1591 :
496 1556 636 1591 vicenis
658 1555 866 1606 majoribus
888 1556 1023 1591 hostiis
1044 1555 1082 1591 in
1103 1556 1236 1604 singu-

118 1619 173 1655 las
194 1619 490 1669 supplicationes
511 1620 722 1656 sacrificare
743 1619 874 1656 consul
897 1627 952 1656 est
966 1619 1109 1669 jussus.
1140 1619 1236 1656 Inde

121 1683 335 1720 consularia
367 1685 521 1721 comitia
550 1698 689 1734 magna
709 1686 956 1721 contentione
976 1685 1120 1721 habita.
1177 1685 1234 1723 M.

119 1747 300 1783 AEmilius
329 1748 495 1798 Lepidus
527 1749 682 1798 petebat
710 1749 867 1785 adversa
888 1749 990 1786 fama
1019 1738 1249 1792 hominum(

117 1812 218 1862 quod
244 1813 477 1862 provinciam
505 1813 673 1850 Siciliam
702 1815 854 1864 petendi
875 1826 1020 1857 caussa,
1042 1827 1119 1850 non
1141 1828 1233 1852 con-

115 1879 215 1916 sulto
245 1886 393 1922 senatu,
423 1885 464 1915 ut
493 1880 565 1915 sibi
597 1880 633 1915 id
662 1880 786 1915 facere
816 1878 961 1922 liceret,
992 1879 1229 1928 reliquisset:

115 1944 292 1995 petebant
317 1957 402 1980 cum
423 1957 468 1979 eo
488 1944 545 1980 M.
566 1944 721 1980 Fulvius
751 1944 948 1987 Nobilior,
971 1945 1042 1981 Cn.
1062 1943 1232 1982 Manlius

115 2009 250 2052 Vulso,
269 2008 326 2045 M.
348 2009 521 2045 Valerius
541 2008 735 2045 Messalla.
792 2008 947 2045 Fulvius
975 2010 1109 2046 consul
1138 2024 1232 2048 unus

116 2083 278 2117 creatur,
299 2087 413 2123 quum
442 2075 558 2109 ceteri
584 2075 773 2110 centurias
802 2087 877 2110 non
906 2074 1148 2125 explessent:
1181 2077 1233 2113 is-

116 2151 189 2188 que
207 2145 361 2188 postero
381 2139 440 2175 die
461 2139 532 2174 Cn.
550 2138 754 2182 BIanlium,
771 2139 920 2190 Lepido
941 2139 1102 2190 deiecto,
1125 2142 1231 2189 (nam

114 2202 296 2240 Messalla
327 2203 462 2247 tacuit)
496 2202 681 2251 collegam
712 2204 818 2239 dixit.
877 2203 1064 2241 Praetores
1095 2206 1230 2242 exinde

115 2266 222 2309 sacti,
247 2267 321 2302 duo
348 2267 396 2306 Q.
416 2266 539 2310 Fabii,
560 2267 694 2303 Labeo
721 2275 757 2303 et
785 2267 928 2310 Pictor,
954 2268 1106 2316 (flamen
1131 2271 1230 2307 Qui-

111 2330 245 2368 rinalis
267 2344 313 2368 eo
334 2343 434 2368 anno
464 2333 711 2382 inauguratus
740 2332 883 2381 fuerat)
905 2333 961 2370 M.
983 2334 1229 2385 Sempronius

630 2395 711 2433 D5
