1546 2648
271 148 354 205 558
712 161 963 191 murone.

269 251 388 287 millia
414 251 638 299 septingenta
672 252 823 300 triginta
845 264 914 289 sex.
972 250 1012 288 C.
1038 249 1232 294 Gracchus,
1257 249 1391 286 Tiberii

256 315 398 363 frater,
429 315 590 351 tribunus
612 316 739 365 plebis,
765 317 985 365 eloquentior
1010 328 1118 365 quam
1135 314 1278 364 frater,
1302 325 1388 363 per-

267 380 420 415 niciosas
438 379 576 428 aliquot
606 380 698 428 leges
730 381 841 418 tulit:
868 383 960 417 inter
978 392 1066 429 quas
1082 379 1388 429 frumentariam,

267 448 311 478 ut
329 443 483 481 semisse
512 449 550 480 et
579 443 717 481 triente
745 443 979 482 frumentum
999 443 1102 494 plebi
1123 443 1300 480 daretur:
1321 442 1388 478 ⁴al-

269 511 382 542 teram
409 507 521 555 legem
550 509 748 555 agrariam,
781 520 890 556 quam
919 513 953 544 et
973 507 1102 556 frater
1130 506 1204 554 ejus
1234 507 1390 542 tulerat:

268 572 425 614 tertiam,
453 583 524 619 qua
541 576 733 619 equestrem
751 573 924 614 ordinem,
949 575 1034 606 tunc
1053 583 1132 606 cum
1155 575 1283 606 senatu
1303 581 1387 605 con-

266 636 486 677 sentientem,
515 640 761 684 conrumperet
776 651 789 672 .·
817 641 859 671 ut
877 635 1049 671 sexcenti
1074 646 1122 670 ex
1142 633 1330 682 equitibus
1350 633 1390 669 in

267 698 409 734 curiam
435 695 744 746 sublegerentur:
777 703 816 734 et
844 699 933 747 quia
951 696 1024 733 illis
1051 696 1287 746 temporibus
1307 701 1386 732 tre·

267 762 367 797 centi
401 767 548 798 tantum
577 767 771 797 senatores
799 767 920 805 erant,
950 761 1120 797 sexcenti
1145 761 1289 810 equites
1310 764 1388 796 tre-

266 827 385 862 centis
406 825 645 862 senatoribus
664 824 959 862 admiscerentur
977 839 985 860 :
1016 827 1055 862 id
1073 829 1137 868 est,
1168 830 1208 861 ut
1227 829 1386 873 equester

265 891 353 926 ordo
381 890 432 926 bis
460 894 601 925 tantum
630 890 762 926 virium
792 890 828 925 in
852 893 978 925 senatu
997 888 1166 925 haberet:
1196 893 1245 931 et,
1273 889 1388 924 conti-

264 959 376 991 nuato
395 956 430 995 in
450 955 605 991 alterum
623 966 756 990 annum
776 954 974 997 tribunatu,
995 954 1128 1001 legibus
1155 955 1310 1001 agrariis
1329 954 1387 989 la-

267 1022 312 1056 tis
329 1020 458 1069 effecit,
479 1024 520 1055 ut
539 1019 737 1067 complures
755 1019 901 1054 coloniae
925 1020 963 1054 in
982 1019 1096 1055 Italia
1115 1019 1386 1060 deducerentur,

265 1089 300 1119 et
320 1095 392 1119 una
419 1085 454 1119 in
472 1084 546 1119 solo
566 1083 696 1118 dirutce
715 1082 979 1130 Karthaginis,-
1009 1094 1090 1130 quo,
1121 1083 1195 1131 ipse
1223 1083 1389 1118 triumvir

264 1151 416 1190 creatus,
437 1147 614 1183 coloniam
634 1147 792 1182 deduscit.
849 1146 1034 1182 Praeterea
1053 1157 1110 1181 res
1127 1157 1150 1181 a
1171 1146 1214 1187 Q.
1235 1145 1388 1182 Metello

265 1213 404 1248 consule
429 1213 598 1248 adversus
616 1211 783 1247 Baliares
808 1215 926 1259 gestas
951 1211 1134 1247 continet:
1162 1221 1249 1259 quas
1273 1210 1389 1246 Graeci

270 1276 476 1323 Gymnesias
501 1277 703 1324 adpellant,
725 1276 810 1324 quia
829 1279 987 1312 aestatem
1005 1275 1096 1311 nudi
1113 1276 1282 1322 exigant.-
1310 1274 1387 1310 Ba·

266 1341 372 1376 liures
389 1353 413 1376 a
433 1341 495 1377 teli
512 1342 619 1377 missu
646 1340 837 1389 adpellati,
867 1345 932 1376 aut
950 1353 973 1376 a
993 1341 1120 1383 Baleo,
1140 1339 1310 1376 Herculis
1328 1351 1387 1376 co-

263 1405 364 1447 mite,
384 1404 433 1441 ibi
450 1406 574 1441 relicto
594 1409 690 1447 tunc,
717 1416 826 1453 quum
843 1405 1018 1440 Hercules
1036 1405 1086 1440 acl
1105 1405 1301 1452 Geryonem
1318 1415 1390 1440 na·

263 1471 413 1516 vig-aret.
477 1470 603 1505 BIotus
635 1481 772 1517 quoque
801 1469 917 1517 Syriae
947 1467 1168 1518 referuntur,
1197 1470 1235 1504 in
1264 1467 1388 1516 quibus

265 1532 459 1580 Cleopatra
477 1533 708 1569 Demetrium
727 1534 844 1569 virum
860 1545 963 1569 suum
982 1537 1018 1568 et
1037 1532 1226 1568 Seleucum
1243 1532 1383 1581 filium,

265 1598 452 1644 indignata
472 1598 580 1644 quod,
602 1598 714 1633 occiso
738 1587 847 1644 patre
864 1595 938 1643 ejus
962 1608 986 1632 a
1003 1608 1052 1640 se,
1072 1594 1206 1643 injussu
1223 1607 1286 1632 suo
1304 1596 1384 1632 clia-

261 1662 367 1697 dema
383 1662 573 1705 sumsisset,
594 1662 786 1698 interemit.

761 1757 875 1795 LXI.

267 1829 325 1882 C'.
351 1846 458 1882 SEX
462 1847 514 1883 TI
521 1847 584 1883 US
616 1847 822 1894 proconsul,
855 1847 953 1882 victa
985 1845 1232 1882 Salluviorum
1261 1850 1382 1893 gente,

259 1911 434 1947 coloniam
457 1911 578 1958 Aquas
597 1911 738 1947 Sext-ias
756 1911 928 1952 condidit,
950 1909 991 1945 ob
1010 1921 1184 1957 aquarum
1205 1910 1346 1957 copiam
1364 1920 1384 1945 e

259 1975 388 2011 calidis
404 1973 627 2024 frigidisque
635 1973 816 2024 fontibus,
836 1979 943 2023 atque
961 1986 984 2010 a
1003 1975 1144 2009 nomine
1161 1985 1223 2009 suo
1244 1975 1296 2008 ita
1313 1974 1380 2008 acl·

256 2039 424 2088 pellatas.
484 2039 548 2075 Cn.
565 2039 754 2076 Domitius
778 2040 968 2088 proconsul
986 2040 1152 2075 ach-ersus
1166 2037 1381 2084 Allobrogas

260 2104 310 2139 ad
340 2105 512 2151 oppidum
549 2104 757 2140 Vindalium
785 2103 950 2152 feliciter
983 2103 1173 2151 pugnavit.
1249 2101 1383 2142 Quibus

258 2167 388 2203 bellum
405 2166 581 2216 inferendi
597 2180 719 2203 caussa
727 2166 823 2217 suit,
844 2167 940 2216 quod
959 2164 1379 2208 Teutomalium‚'Sallu-

255 2233 395 2268 viarum
414 2243 545 2280 regem,
556 2231 762 2280 fugientem
781 2233 1004 2280 recepissent,
1021 2236 1055 2266 et
1074 2231 1169 2266 omn-i
1188 2241 1254 2278 ope
1262 2227 1380 2276 juvis-

255 2301 356 2341 sent,-
386 2297 549 2345 quodque
574 2296 782 2334 AEduorum
809 2308 928 2346 agros,
956 2297 1134 2334 sociorum
1157 2293 1287 2344 populi
1306 2292 1380 2330 Ro-
