1546 2648
302 132 390 179 470
758 129 805 159 T.
830 129 963 159 L1V11

109 222 154 253 U·
166 221 204 252 C·
219 225 292 252 584·
305 223 407 274 quod
442 219 563 258 hostis
600 219 718 270 prior,
752 224 882 269 aperte
914 229 1082 268 pugnam
1117 216 1345 262 detractans,
1377 219 1417 256 in

111 265 200 296 A-C.
218 268 429 324 ¹⁶⁶'castra
461 285 590 335 copias
622 284 856 329 reduxisset3
889 282 954 318 sed
979 282 1109 324 etiam,
1129 282 1230 331 quod
1258 295 1304 319 eo
1332 282 1419 320 loco

304 351 415 400 signa
433 348 707 391 constituisset,
729 360 804 396 quo
825 345 1004 396 phalanx,
1025 358 1138 394 quam
1167 346 1341 383 inutilem
1359 345 1419 383 vel

303 414 505 451 mediocris
524 410 703 461 iniquitas
720 410 793 447 loci
815 410 991 452 efficeret,
1007 410 1222 459 promoveri
1237 423 1315 446 non
1331 422 1420 460 pos-

305 484 375 514 set.
431 475 576 513 Consul
596 475 642 511 ad
662 474 713 517 id,
734 474 834 522 quod
863 473 984 523 pridie
1011 473 1295 522 praetermisisse
1322 487 1420 524 pug-

304 541 422 578 nandi
441 540 681 577 occasionem
703 537 912 580 videbatur,
933 542 972 573 et
989 536 1115 573 locum
1138 537 1284 574 dedisse
1302 538 1420 581 hosti,

305 607 338 642 si
356 611 471 642 nocte
490 604 594 641 abire
625 602 752 645 vellet,
780 607 872 637 tunc
898 606 1047 650 quoque
1075 613 1142 650 per
1170 601 1333 651 speciem
1361 603 1421 639 in-

304 668 473 705 molandi
493 674 614 703 terere
634 665 832 703 videbatur
853 670 1016 714 tempuS,
1045 677 1161 713 quum
1188 664 1273 701 luce
1300 665 1423 716 prima

306 733 457 781 signum
479 731 718 782 propositum
748 741 886 780 pugnae
919 729 965 765 ad
995 729 1207 765 exeundum
1233 729 1273 766 in
1302 730 1422 766 aciem

305 796 452 832 fuisset.
507 795 639 831 Tertia
668 794 816 830 demum
846 793 955 835 hora,
977 792 1161 829 sacrificio
1190 793 1262 829 rite
1289 806 1423 844 pel-pe·

305 866 422 903 tmto,
457 859 503 896 ad
541 858 742 895 consilium
773 858 947 903 vocavit3
994 863 1107 906 atque
1140 857 1207 900 ibi,
1239 857 1340 907 quod
1368 858 1423 895 rei

306 923 480 972 gerendae
525 928 674 971 tempus
712 926 824 964 esset,
862 920 1052 969 loquendo
1090 926 1127 956 et
1160 920 1423 971 intempestive

306 985 558 1022 consultando
592 984 790 1020 videbatur
818 984 1043 1033 quibusdam
1074 984 1296 1021 extrahere:
1335 990 1423 1035 post

307 1052 499 1086 sermones
518 1055 646 1086 tamen
667 1048 801 1084 consul
819 1049 1032 1084 orationem
1051 1048 1197 1085 habuit.

112 1121 239 1153 AEmilii
360 1112 600 1150 XXXVIII.
631 1113 675 1149 P.
697 1113 846 1155 Nasica,
868 1114 1028 1160 egregius
1052 1113 1266 1156 adolescens,
1287 1125 1329 1149 est
1347 1125 1423 1149 om-

113 1165 283 1247 gumgtifidtssi-
306 1179 406 1215 nibus
426 1190 528 1220 unus,
549 1177 673 1226 quibus
693 1177 852 1213 hesterno
872 1178 930 1213 die
952 1179 1110 1224 pugnari
1134 1177 1288 1225 placuit,
1310 1178 1422 1214 denu-

112 1250 186 1280 lata.
308 1244 408 1279 davit
427 1242 517 1278 mihi
534 1253 637 1277 suum
656 1241 841 1277 consilium
859 1256 870 1276 :
899 1242 993 1276 idem
1017 1245 1154 1288 postea,
1174 1243 1227 1276 ita
1244 1246 1286 1277 ut
1305 1245 1422 1277 trans-

304 1307 371 1342 isse
395 1307 432 1341 in
460 1306 674 1341 sententiam
701 1316 815 1340 meum
843 1304 960 1340 videri
983 1308 1115 1351 posset,
1146 1302 1270 1340 tacuit.
1331 1304 1422 1346 Qui-

303 1371 451 1407 busdam
469 1371 553 1406 aliis
571 1370 745 1405 absentem
764 1380 908 1417 carpere
924 1370 1189 1416 imperatorem,
1203 1381 1311 1417 quam
1328 1381 1421 1417 prae-

303 1441 436 1471 sentem
454 1446 607 1477 monere,
627 1435 754 1470 melius
782 1435 896 1470 visum
924 1439 986 1470 est.
1044 1434 1095 1470 Et
1114 1434 1190 1477 tibi,
1212 1435 1256 1471 P.
1270 1435 1419 1477 Nasica,

305 1504 342 1536 et
360 1501 572 1548 quicumque
594 1499 702 1541 idem,
733 1499 828 1546 quod
857 1503 908 1541 tu,
938 1499 1111 1535 occultius
1137 1503 1332 1542 senserunt,
1350 1510 1422 1535 non

304 1565 484 1613 gravabor
501 1565 650 1601 reddere
667 1565 791 1600 dilatae
815 1576 947 1612 pugnoe
967 1566 1157 1601 rationem.
1214 1565 1313 1601 Nam
1341 1569 1423 1600 tan-

309 1635 386 1666 tum
405 1629 514 1671 abest,
534 1633 577 1665 ut
600 1640 657 1664 ‘me
685 1628 855 1664 hesternae
881 1630 1007 1677 quietis
1031 1630 1217 1677 poeniteat,
1236 1633 1278 1665 ut
1302 1640 1421 1665 serva-

308 1698 383 1729 tum
413 1706 436 1729 a
464 1705 520 1729 me
538 1694 730 1730 exercitum
759 1705 798 1728 eo
827 1694 973 1729 consilio
1002 1694 1142 1729 credam
1161 1709 1173 1730 .·
1205 1695 1241 1729 in
1269 1705 1341 1741 qua
1367 1704 1423 1729 me

307 1759 472 1805 opinione
491 1769 560 1794 esse
578 1769 621 1793 ne
649 1758 727 1805 quis
750 1759 825 1793 sine
850 1769 973 1793 caussa
991 1756 1144 1793 vestram
1163 1758 1297 1799 credat,
1323 1768 1421 1793 reco-

303 1826 466 1868 gnoscat,
488 1823 653 1868 agedum,
678 1833 826 1862 meeum,
846 1822 877 1856 si
903 1822 1058 1864 videtur,
1080 1833 1187 1869 quam
1213 1821 1330 1856 multa
1355 1833 1423 1869 pro

306 1884 405 1920 hoste
423 1889 458 1921 et
477 1886 644 1920 adversus
671 1895 734 1920 nos
748 1883 903 1933 fuerint.
959 1883 1047 1920 Jam
1067 1885 1224 1920 onmium
1245 1885 1420 1932 primum,

305 1954 480 1997 quantum
506 1961 654 1985 numero
681 1961 745 1985 nos
773 1953 955 1997 praestent,
975 1950 1151 1984 neminem
1176 1947 1332 1984 vestram
1356 1959 1422 1984 nec

303 2018 390 2048 ante
421 2015 615 2060 ignorasse,
647 2016 682 2050 et
721 2013 880 2050 hesterno
916 2014 974 2049 die
1004 2013 1216 2061 inplicatam
1248 2014 1423 2048 intuentes

302 2077 415 2112 aciem
448 2078 752 2120 animadvertisse,
780 2082 913 2114 certum
943 2077 1062 2112 habeo.
1120 2076 1178 2112 Ex
1206 2075 1274 2111 huc
1300 2080 1422 2112 nostra

297 2141 485 2187 paucitate
516 2145 647 2188 quarta
675 2153 764 2189 pars
793 2142 949 2177 militum
977 2141 1148 2188 proesidio
1176 2141 1421 2188 inpedimentis

299 2206 428 2242 relicta
457 2210 558 2242 erat:
587 2218 650 2242 nec
678 2207 946 2254 ignavissimam
978 2216 1151 2253 quemque
1186 2205 1341 2252 relinqui
1372 2204 1421 2239 ad

299 2270 496 2306 custodiam
530 2271 754 2307 sarcinarum
789 2271 896 2307 scitis.
954 2269 1025 2306 Sed
1051 2267 1238 2318 fuerimus
1277 2278 1396 2304 omnes
1411 2283 1422 2303 .·
