1546 2648
315 95 400 150 306
771 107 816 136 τ.
841 108 974 137 mvn

120 198 213 231 U.C.
230 195 416 236 ³7⁶.baud
436 194 685 245 negligenter,
703 203 743 232 ut
757 198 819 246 qui
836 198 875 233 in
891 210 936 234 eo
952 198 1150 236 victoriam
1162 199 1255 236 verti
1271 200 1423 244 scirent,

120 242 161 272 Α.
176 242 213 273 C.
232 248 304 278 176.

115 1941 245 1972 Bellum

116 1985 194 2013 inter
212 1985 292 2014 Dar-

113 2028 213 2056 danos
229 2034 261 2057 et

117 2069 295 2100 Bastarnas.

316 271 451 309 corpus
481 257 728 296 occultavere.
785 260 873 296 Alia
897 261 1101 298 multitudo
1131 262 1298 313 peditum
1318 265 1424 314 equi·
1469 251 1471 253 Ι

313 329 484 372 tumque,
514 322 721 360 deturbatis
750 323 940 368 hostibus,
962 334 1110 362 montes
1139 328 1220 363 sine
1239 327 1334 364 duce
1362 340 1423 364 ce-

312 397 413 435 pere.
467 386 529 422 Ad
547 387 713 435 quinque
740 387 857 424 millia
882 387 1068 438 Ligurum
1095 391 1241 427 occisa:
1275 403 1320 427 ex
1339 390 1422 427 Ro-

311 461 425 486 mano
446 450 616 486 exercitu
635 451 710 487 duo
731 458 770 487 et
789 453 1064 502 quinquaginta
1083 455 1309 491 ceciderunt.
1352 455 1424 491 Su-

310 527 377 565 per
395 521 473 552 tam
493 516 702 552 evidentem
734 516 852 552 tristis
873 517 1009 552 ominis
1036 524 1225 561 eventum,
1246 518 1359 554 etiam
1379 531 1426 555 ex

311 578 472 628 pullario
489 579 659 616 auditum
685 586 756 622 est,
776 580 909 615 vitium
930 581 968 616 in
995 581 1164 631 auspicio
1183 581 1321 628 fuisse3
1353 595 1423 622 nec

310 641 349 678 id
368 641 561 678 consulem
580 643 787 692 ignorasse.
845 643 890 680 C.
910 643 1098 688 Valerius,
1117 644 1247 681 audita

572 751 595 774 ·Χ-
762 752 787 775 st-
952 753 975 776 *
1141 751 1165 775 δί’

310 860 423 910 periti
442 860 670 909 religIOnum
682 860 856 912 jurisque
881 861 1037 912 publici,
1058 860 1209 910 quando
1229 859 1305 897 duo
1323 860 1425 897 ordi-

309 924 407 960 narii
426 924 599 962 consules
620 924 700 976 ejus
720 926 825 968 anni,
843 925 939 962 alter
956 924 1109 969 morbo,
1130 924 1225 962 alter
1242 924 1343 962 ferro
1358 937 1425 975 pe-

309 989 448 1032 riisset,
472 989 686 1027 subfectum
705 989 900 1028 consulem
928 989 1124 1040 negabant
1142 994 1244 1027 recte
1270 988 1425 1026 comitia

309 1051 450 1089 habere
469 1065 595 1102 posse.

569 1149 593 1171 ἥ
759 1148 783 1171 ’Χ-
949 1147 972 1170 ὅῑ-
1139 1147 1163 1170 -Χ-

311 1221 477 1259 deduxit.

363 1298 481 1335 XIX.
513 1298 578 1334 Cis
614 1299 860 1349 Apenninum
896 1297 1044 1342 Garuli,
1079 1304 1118 1334 et
1152 1297 1344 1349 Lapicini,
1383 1305 1423 1335 et

310 1360 497 1399 Hei-cates
511 1377 522 1408 ;
554 1367 657 1398 trans
677 1363 922 1412 Apenninum
934 1361 1126 1397 Briniates
1137 1361 1300 1398 fuerant.
1357 1360 1425 1398 Iu·
1477 1382 1480 1384 v

309 1430 368 1462 ter
387 1425 586 1462 Audenam
606 1438 754 1462 amnem
773 1424 981 1462 P.Mucius
1002 1436 1088 1461 cum
1107 1425 1166 1468 iis,
1188 1425 1251 1473 qui
1271 1424 1422 1464 Lunam
1443 1459 1448 1462 .

309 1488 493 1538 Pisasque
512 1489 731 1540 depopulati
752 1495 873 1533 erant,
893 1488 1035 1526 bellum
1055 1489 1194 1538 gessit:
1227 1487 1424 1525 omnibus-

309 1567 382 1604 que
401 1556 440 1591 in
460 1556 643 1592 ditionem
662 1555 823 1591 redactis
844 1567 948 1591 arma
975 1554 1127 1590 ademit.
1185 1552 1247 1589 Ob
1268 1565 1330 1589 eas
1349 1565 1422 1596 res,

305 1620 347 1656 in
384 1620 510 1657 Gallia
545 1620 828 1670 Liguribusque
864 1626 990 1669 gestas
1028 1620 1188 1656 duorum
1225 1618 1424 1656 consulum

307 1686 424 1721 ductu
443 1687 701 1736 auspicioque,
720 1692 871 1722 senatus
887 1686 926 1722 in
944 1685 1110 1721 triduum
1125 1683 1421 1733 supplicationes

308 1748 486 1792 decrevit,
508 1756 545 1784 et
564 1749 816 1798 quadraginta
834 1749 969 1785 hostiis
985 1747 1188 1784 sacrificari
1200 1745 1330 1796 jussit.
1370 1746 1423 1783 Et

305 1812 490 1849 tumultus
513 1813 662 1861 quidem
694 1812 860 1848 Gallicus
891 1819 927 1848 et
956 1811 1195 1860 Ligustinus,
1223 1811 1287 1859 qui
1316 1811 1421 1860 prin-

308 1877 409 1926 cipio
429 1876 508 1927 ejus
538 1877 627 1912 anni
662 1883 814 1913 exortus
835 1877 971 1918 fuerat,
992 1876 1093 1912 haud
1121 1887 1261 1924 magno
1281 1880 1422 1911 conatu

308 1942 414 1978 brevi
433 1942 633 1992 obpressus
654 1950 745 1979 erat.
794 1942 890 1978 Belli
911 1941 1152 1978 Macedonici
1172 1941 1325 1977 subibat
1336 1940 1420 1990 jam

309 2019 412 2049 cura,
434 2008 615 2043 miscente
634 2006 774 2043 Perseo
794 2007 893 2043 inter
918 2006 1119 2043 Dardanos
1138 2005 1420 2054 Bastarnasque

308 2070 537 2106 certamina:
571 2072 609 2105 et
630 2069 759 2118 legati,
792 2071 853 2119 qui
885 2071 988 2106 missi
1017 2069 1064 2106 ad
1093 2082 1150 2105 res
1180 2068 1350 2105 visendas
1380 2068 1420 2104 iu

306 2132 574 2169 Macedoniam
595 2140 716 2175 erant,
730 2133 813 2184 jam
832 2140 1065 2170 reverterant
1080 2132 1259 2175 Romam,
1280 2143 1418 2168 renun-

307 2197 587 2246 ciaverantque,
613 2197 754 2235 bellum
784 2199 821 2234 in
842 2197 1038 2234 Dardania
1067 2209 1159 2233 esse.
1218 2194 1336 2231 Simul
1355 2207 1416 2230 ve-

309 2267 445 2298 nerant
471 2268 507 2298 et
537 2262 584 2299 ab
604 2275 693 2312 rege
721 2262 861 2299 Pei-seo
890 2269 1076 2305 oratores,
1107 2261 1170 2310 qui
1200 2264 1417 2311 purgarent,
