1546 2648
309 169 366 224 96
465 208 470 215 ,
683 171 685 173 “
752 175 969 207 '‘r-mvn

113 272 206 309 uc,
220 281 293 308 563.
311 275 370 306 ter
388 267 530 305 ultimae
549 266 787 318 propinquis,
807 267 967 317 imperio
983 274 1170 318 parerent.
1207 268 1422 313 Postremo,

114 321 202 352 ²⁸0·
215 327 287 353 189.
311 346 428 384 quum
445 339 521 369 tres
542 338 669 368 essent
695 338 842 380 gentes,
864 332 1112 377 Tolistoboii,
1132 334 1302 377 Trocmi,
1325 333 1422 370 Tec-

307 398 447 447 tosagi,
468 399 507 433 in
536 402 611 433 tres
638 403 779 446 partes,
809 409 884 445 qua
914 399 1048 447 cuique
1077 398 1305 448 populorum
1333 410 1422 434 suo-

307 475 391 499 rum
410 459 604 510 vectigalis
624 461 718 496 Asia
736 466 848 503 esset,
869 461 1088 499 diviserunt.
1131 462 1304 499 Trocmis
1325 461 1422 499 Hel-

307 529 473 579 lesponti
489 541 556 564 ora
571 528 659 563 data
672 543 681 572 3
704 526 938 563 Tolistoboii
953 527 1110 565 AEolida
1124 534 1236 578 atque
1253 529 1418 570 Ioniam,

306 592 513 641 Tectosagi
527 584 801 628 mediterranea
814 592 916 627 Asiae
933 593 1058 628 sortiti
1075 599 1164 629 sunt
1178 608 1186 629 z
1219 601 1258 630 et
1276 594 1420 644 stipen-

111 663 229 713 Sedem
243 673 296 695 ca·
307 657 411 694 dium
435 662 521 694 tota
538 657 591 694 cis
614 655 785 692 Taurum
805 657 899 692 Asia
917 656 1135 705 exigebant.
1192 658 1327 694 Sedem
1352 671 1422 694 au·

111 708 281 793 2532&ss
306 729 383 760 tem
402 722 474 773 ipsi
499 721 571 758 sibi
592 721 692 757 circa
710 720 842 770 Halyn
867 720 1008 757 flumen
1034 727 1238 771 ceperunt:
1270 728 1419 758 tantus-

304 800 377 838 que
405 793 526 823 terror
555 798 686 822 eorum
713 786 879 822 nominis
909 792 1004 829 erat,
1032 785 1274 822 multitudine
1304 786 1418 822 etiam

302 864 442 901 magna
460 849 593 887 sobole
612 855 737 893 aucta,
755 856 797 885 ut
816 850 933 899 Syriae
946 862 1098 900 quoque
1117 851 1164 887 ad
1183 857 1417 901 postremum

302 929 408 966 reges
426 915 655 965 stipendium
671 914 758 951 dare
773 927 850 951 non
867 914 1090 952 abnuerent.
1119 915 1268 951 Primus
1285 915 1417 951 Asiam

300 978 551 1016 incolentium
577 978 712 1015 abnuit
741 977 909 1022 Attalus,
933 984 1042 1028 pater
1075 980 1172 1027 regis
1203 979 1413 1015 Eumenis:

301 1044 511 1093 audacique
536 1043 705 1094 incepto,
732 1050 870 1093 praeter
898 1043 1067 1080 omnium
1094 1044 1328 1093 opinionem,
1349 1043 1415 1080 ad-

299 1108 374 1145 fuit
402 1107 571 1150 fortuna,
601 1113 641 1143 et
669 1106 786 1155 signis
817 1105 978 1143 conlatis
1009 1108 1180 1157 superior
1208 1107 1303 1143 fuit:
1337 1119 1414 1143 non

298 1178 428 1210 tamen
447 1173 502 1208 ita
520 1171 677 1220 infregit
696 1171 842 1207 animos
863 1184 1008 1214 eorum,
1036 1179 1074 1207 nt
1095 1171 1322 1207 absisterent
1342 1171 1413 1207 im-

298 1237 417 1288 perio.
473 1236 627 1272 Eaedem
645 1247 736 1285 opes
758 1248 876 1285 usque
896 1236 940 1272 ad
962 1235 1103 1272 bellum
1122 1236 1308 1272 Antiochi
1328 1248 1414 1272 cum

298 1300 486 1337 Romanis
505 1304 744 1336 manserunt:
776 1305 859 1335 tum
879 1313 1044 1349 quoqne,
1071 1300 1182 1350 pulso
1201 1299 1411 1342 Antiocho,

297 1376 476 1414 magnam
502 1376 608 1413 spem
634 1362 862 1407 habuerunt,
884 1364 973 1413 quia
995 1364 1127 1414 procul
1153 1364 1244 1400 mari
1265 1363 1408 1400 incole-

295 1436 395 1472 rent,
416 1429 636 1465 Romanum
651 1428 858 1464 exercitum
878 1428 925 1464 ad
941 1441 980 1465 se
995 1441 1072 1465 non
1093 1416 1374 1480 perventurum.

350 1492 484 1530 XVII.
514 1493 612 1528 Cum
630 1491 704 1528 hoc
728 1492 854 1535 hoste,
875 1498 953 1528 tam
972 1492 1131 1528 terribili
1152 1491 1328 1528 omnibus
1349 1505 1408 1529 re-

297 1557 421 1607 gionis
439 1555 470 1607 ej
478 1569 533 1601 us,
550 1557 639 1606 quia
652 1556 792 1593 bellum
808 1557 1014 1605 gerendum
1027 1563 1121 1600 erat,
1137 1570 1207 1607 pro
1222 1558 1408 1593 concione

296 1624 434 1660 milites
461 1624 624 1660 maxime
653 1623 693 1658 in
721 1623 823 1658 hunc
845 1623 999 1659 modum
1020 1622 1217 1659 adlocutus
1238 1630 1295 1660 est
1313 1635 1406 1659 con-

100 1692 245 1742 Manl'ius
296 1688 372 1724 sul:
407 1690 490 1725 Non
518 1701 575 1725 me
604 1690 779 1736 praeterit,
808 1689 951 1731 milites,
977 1690 1147 1732 omnium,
1177 1701 1255 1736 quae
1282 1689 1408 1724 Asiam

99 1743 280 1813 ῗιέῗέξὲἑῖω
294 1754 429 1796 colunt,
464 1755 627 1801 gentium
662 1754 788 1789 Gallos
808 1752 920 1803 fama
952 1753 1033 1789 belli
1066 1757 1250 1800 proestare.
1300 1753 1409 1788 Inter

291 1820 518 1855 mitissimum
530 1831 640 1866 genus
660 1817 957 1866 lzominumserooe
970 1819 1083 1859 natio,
1098 1821 1301 1865 peri-agata
1315 1817 1406 1853 bello

287 1895 403 1932 prope
427 1883 545 1919 orbem·
567 1888 757 1925 terrarum,
783 1883 902 1918 sedem
924 1883 1041 1930 cepit:
1067 1893 1217 1929 procera
1237 1893 1403 1929 corpora,

284 1948 468 1996 promissae
492 1952 527 1983 et
551 1947 712 1982 rutilatae
736 1959 854 1988 comoe,
876 1952 977 1982 vasta
995 1951 1108 1987 scuta,
1129 1947 1303 1993 proelongi
1320 1946 1403 1992 gla-

289 2013 364 2048 dii:
394 2013 443 2047 acl
463 2012 527 2047 hoc
551 2017 676 2047 cantm
702 2012 895 2046 ineuntium
921 2011 1101 2059 proelium,
1123 2015 1156 2045 et
1175 2010 1348 2051 ululatus,
1369 2015 1404 2046 et

289 2077 463 2124 tripudia,
498 2080 533 2111 et
564 2077 799 2123 quatientium
828 2079 929 2111 scuta
960 2076 993 2109 in
1019 2070 1180 2122 jmtrium
1215 2075 1403 2121 quemdam

285 2141 431 2176 modum
457 2139 650 2175 horrendus
669 2152 848 2175 armorum
870 2140 1025 2188 crepitus
1038 2155 1049 2174 .·
1080 2140 1199 2174 omnia
1219 2139 1261 2173 de
1280 2139 1400 2174 indus-

286 2205 358 2242 tria
381 2205 576 2251 composita
602 2205 650 2240 acl
678 2209 858 2239 terrorem.
917 2204 988 2239 Sed
1009 2203 1093 2241 herc,
1115 2202 1236 2250 quihus
1254 2203 1400 2238 insolita

283 2274 391 2318 atque
404 2271 541 2305 insueta
556 2274 650 2310 sunt,
673 2270 801 2311 Grceci,
816 2274 850 2304 et
867 2269 1037 2317 Phryges,
1053 2273 1086 2304 et
1105 2268 1212 2303 Cares
1228 2269 1399 2304 timeant:

283 2333 471 2377 Romanis,
508 2335 641 2370 Gallici
675 2335 849 2369 tumultus
883 2335 1051 2375 adsuetis,
1082 2334 1191 2369 etiarn
1219 2334 1396 2368 vanitates

282 2403 374 2437 nota*
391 2404 484 2436 suut.
533 2399 652 2436 Semel
668 2401 787 2448 primo
806 2411 988 2448 congressu
1009 2399 1057 2435 acl
1074 2398 1207 2434 Alliam
1229 2397 1313 2433 olim
1324 2395 1395 2446 fu·
