1546 2648
383 150 540 179 LIBER
564 148 706 179 XLIV.
738 150 845 180 cAP.
868 151 938 181 lv.
1136 151 1219 196 427

108 246 182 284 rat,
203 241 361 277 nuncius
389 240 435 277 ad
453 239 675 276 Ascuridem
701 238 875 289 paludem
902 238 1083 278 obcurrit.
1139 243 1218 279 Ad·
1235 249 1274 279 U.
1289 249 1326 280 C.
1341 255 1414 282 583.

109 304 189 341 dita
207 305 323 353 igitur
348 311 385 340 et
404 304 474 354 ipsi
504 303 641 340 fiducia
670 309 741 345 est,
770 302 1059 353 conjunctisque
1085 308 1218 356 copiis,
1232 294 1270 323 A·
1285 293 1322 325 C·
1341 298 1415 326 ¹⁶⁹·

108 375 230 404 castra
249 367 410 410 tumulo,
428 367 490 416 qui
507 366 721 408 tenebatur,
737 379 810 416 qua
828 368 1066 416 aptissimum
1081 370 1127 405 ad
1145 369 1220 406 loci

110 439 282 469 naturam
306 440 400 475 erat,
421 438 508 468 sunt
535 432 735 469 adclinata.
793 432 886 468 Non
912 433 1080 469 hostium
1104 435 1219 471 modo

107 504 244 540 castra,
265 510 346 546 quae
366 497 495 548 paullo
523 496 606 547 plus
635 496 736 532 mille
756 509 933 547 passuum
963 495 1134 541 aberant,
1155 499 1220 535 sed

106 561 229 596 omnis
250 562 354 610 regio
375 562 421 598 ad
440 561 558 598 Dium
579 568 617 598 et
644 561 807 604 Philam,
829 573 969 611 oraque
994 562 1123 605 maris,
1144 562 1221 599 late

105 630 261 674 patente
281 639 326 662 ex
353 632 432 662 tam
458 626 536 662 alto
560 625 659 676 jugo
679 632 897 676 prospectu,
919 625 1037 662 oculis
1064 625 1220 676 subjici-

107 693 181 725 tur.
238 689 333 728 Quae
363 702 421 726 res
460 690 633 726 accendit
669 689 781 726 militi
819 690 981 733 animos,
1018 697 1222 740 postquam

108 763 294 788 summam
316 753 422 796 belli,
450 766 493 790 ac
519 754 642 802 regias
672 765 803 789 onmes
834 754 977 803 copias,
1007 759 1222 802 terramque

108 814 287 851 hostilem
316 822 396 852 tam
430 829 451 852 e
487 817 703 866 propinquo
740 823 1032 867 conspexerunt.
1087 816 1223 866 Itaque

108 889 226 926 quum
253 878 411 923 alacres,
431 881 607 930 protinus
637 881 790 917 duceret
819 881 866 918 ad
889 888 1013 918 castra
1039 881 1223 924 hostium,

107 941 302 979 consulem
327 943 595 990 hortarentur5
628 944 707 980 dies
737 957 834 981 unus
859 944 968 981 fessis
997 944 1130 981 labore
1154 945 1224 980 viae

85 1050 94 1062 1
107 1005 155 1042 ad
174 1007 339 1055 quietem
359 1008 466 1044 datus
487 1015 570 1045 est:
601 1009 718 1045 tertio
739 1009 813 1052 die,
834 1016 941 1058 parte
963 1009 1160 1059 copiarum
1179 1007 1227 1044 ad

106 1070 323 1120 praesidium
341 1078 553 1108 castrorum
566 1072 715 1116 relicta,
731 1072 867 1109 consul
881 1073 929 1109 ad
942 1072 1092 1109 hostem
1109 1072 1225 1109 ducit,

159 1133 228 1171 IV.
258 1134 421 1185 Hippias
450 1149 572 1186 nuper
601 1137 648 1173 ad
678 1137 864 1173 tuendum
894 1137 1034 1173 saltum
1063 1136 1111 1172 ab
1137 1148 1225 1184 rege
1239 1136 1332 1184 {fevia
1348 1145 1431 1175 9¹0³·

108 1197 244 1234 missus
273 1206 377 1235 erat:
410 1200 489 1248 qui,
513 1212 561 1236 ex
579 1213 655 1249 quo
675 1208 799 1236 castra
816 1200 998 1236 Romana
1018 1201 1059 1236 in
1077 1198 1224 1235 tumulo
1238 1179 1427 1253 ζῗᾶἓὲἒὲῃί-

108 1264 321 1312 conspexit,
344 1265 566 1314 praeparatis
594 1265 642 1301 ad
670 1272 863 1301 certamen
893 1264 1028 1301 animis
1055 1275 1224 1307 suorum,
1237 1265 1312 1296 bus.

107 1325 274 1362 venienti
291 1327 435 1375 agmini
451 1327 618 1364 consulis
634 1328 769 1365 obvius
781 1328 879 1364 fuit:
912 1334 951 1363 et
970 1327 1140 1363 Romani
1159 1339 1226 1364 ex-

106 1389 224 1439 pediti
237 1390 284 1426 ad
295 1403 464 1441 pugnam
478 1392 665 1435 exierant,
683 1399 720 1428 et
739 1393 869 1428 hostes
885 1407 893 1428 :
926 1391 1017 1427 levis
1035 1397 1228 1427 armatura

108 1461 202 1498 erat,
218 1456 516 1506 promtissimum
533 1469 653 1505 genus
674 1457 721 1493 ad
743 1456 1005 1494 lacessendum
1021 1462 1226 1493 certamen.

109 1518 315 1568 Congressi
334 1520 450 1568 igitur
475 1520 684 1570 extemplo,
705 1519 783 1557 tela
802 1519 1073 1570 conjecerunt:
1106 1518 1227 1555 multa

107 1582 298 1631 utrimque
323 1582 479 1619 vulnera
506 1584 710 1620 temerario
738 1584 892 1620 incursu
921 1589 961 1619 et
989 1588 1159 1632 accepta,
1187 1587 1235 1620 ets

108 1643 249 1681 inlata:
282 1646 394 1696 pauci
413 1645 608 1696 utriusque
627 1647 746 1697 partis
775 1646 1004 1683 ceciderunt.
1060 1645 1225 1681 Irritatis

107 1709 148 1745 in
167 1716 361 1760 posterum
380 1710 479 1746 diem
500 1711 650 1754 animis,
668 1710 877 1761 majoribus
894 1711 1012 1761 copiis
1033 1716 1148 1758 atque
1166 1710 1225 1745 in-

107 1771 242 1809 festius
262 1786 489 1810 concursum
513 1773 560 1810 ab
580 1773 668 1816 illis,
689 1775 721 1809 si
746 1774 821 1810 loci
842 1774 932 1809 satis
954 1773 1002 1809 ad
1031 1771 1224 1822 explican-

106 1835 196 1873 dam
211 1838 330 1874 aciem
345 1837 479 1874 fuisset
494 1851 502 1874 z
527 1837 666 1888 jugum
682 1838 840 1880 montis,
857 1837 897 1873 in
917 1842 1121 1885 angustum
1136 1836 1223 1872 dor·

111 1913 193 1937 sum
215 1908 432 1946 cuneatum,
451 1902 517 1938 vix
544 1903 663 1938 ternis
693 1902 891 1938 ordinibus
921 1907 1158 1938 armatorum
1185 1900 1227 1936 in

109 1963 236 2002 fronte
258 1966 394 2016 patuit.
450 1965 600 2014 Itaque,
631 1966 760 2015 paucis
794 1963 1227 2015 pugnantibus‚›cetera

110 2028 329 2072 multitudo,
359 2030 548 2080 praecipue
577 2030 641 2078 qui
670 2029 840 2077 gravium
875 2039 1064 2063 armorum
1102 2032 1225 2070 erant,

113 2098 342 2140 spectatores
358 2105 495 2143 pugnae
516 2092 670 2129 stabant
686 2107 693 2128 ε
717 2092 808 2128 levis
825 2099 1015 2128 armatura
1029 2090 1144 2126 etiam
1161 2102 1226 2139 per

113 2154 315 2192 amfractus
329 2155 415 2206 jugi
444 2169 680 2208 procurrere,
700 2162 739 2193 et
767 2155 814 2193 ab
834 2155 1015 2192 lateribus
1043 2167 1128 2190 cum
1153 2153 1228 2189 levi

113 2226 304 2256 armatura
319 2233 529 2265 conserere,
545 2235 613 2272 per
630 2221 761 2271 iniqua
776 2226 890 2271 atque
905 2232 1013 2269 aequa
1026 2218 1111 2254 loca
1129 2229 1227 2267 pug-

113 2295 201 2320 nam
220 2290 370 2336 petere:
402 2297 460 2330 ac,
479 2285 650 2337 pluribus
670 2298 717 2324 ea
734 2286 793 2324 die
805 2284 1026 2328 vulneratis,
1040 2294 1154 2333 quam
1169 2281 1227 2318 in-²
