1546 2648
319 180 472 210 mmm
496 176 676 207 xxxix.
709 176 816 205 cAr.
838 176 950 206 xlx.
1114 172 1192 219 173

82 269 195 312 natis,
216 276 280 306 aut
300 271 339 306 in
356 281 516 319 quorum
536 281 650 304 manu
665 272 805 310 essent,
826 265 1042 309 tradebant,
1061 273 1102 304 ut
1121 267 1192 318 ipsi
1208 281 1248 312 u,
1262 279 1300 311 c,
1315 286 1388 313 566.

83 334 120 369 in
142 333 289 384 privato
305 333 649 370 animadverterent
663 333 702 368 in
719 343 780 368 eas
797 345 804 366 :
837 330 869 366 si
884 342 997 366 nemo
1011 337 1092 367 erat
1110 331 1191 368 ido·
1207 325 1244 355 Α·
1259 324 1297 357 C·
1315 329 1387 357 ¹⁸⁶·

79 385 171 432 neus
191 397 364 447 supplicii
385 403 555 440 exactor,
576 397 615 432 in
635 395 789 446 publico
809 393 1192 432 animadvertebatur.

77 458 222 497 Datum
256 461 390 498 deinde
420 460 638 498 consulibus
672 459 869 508 negotium
900 465 970 501 est,
1002 465 1044 494 ut
1063 459 1194 496 omnia

76 523 333 562 Bacchanalia
358 525 493 563 Romae
524 526 700 576 primum,
721 523 855 560 deinde
875 535 942 573 per
968 528 1089 560 totam
1110 522 1192 560 Ita-

74 588 179 633 liam,
206 591 421 638 diruerent3
455 597 561 628 extra
581 602 694 639 quam
721 589 753 624 si
772 601 846 638 qua
873 587 924 624 ibi
949 594 1097 625 vetusta
1126 601 1192 625 ara

75 662 141 689 aut
159 654 309 702 signum
338 661 600 692 consecratum
626 660 748 690 esset:
780 653 819 688 in
849 651 1035 702 reliquum
1055 652 1191 689 deinde

75 719 406 756 senatusconsulto
444 726 597 756 cautum
633 725 704 762 est,
742 718 800 754 Ne
815 739 818 746 =
835 730 904 766 qua
942 717 1191 754 Bacchanalia

74 781 199 820 Romae
212 796 297 820 neve
312 786 347 821 in
364 785 478 821 Italia
492 789 629 821 essent:
655 784 775 832 siquis
794 783 867 819 tale
883 795 1026 819 sacrum
1043 783 1189 819 sollem-

68 857 113 880 ne
131 851 167 882 et
184 850 418 885 necessarium
443 850 601 891 duceret,
621 859 685 884 nec
707 849 783 883 sine
800 847 970 894 religione
991 851 1025 882 et
1039 848 1189 896 piaculo

68 921 105 945 se
123 911 162 946 id
181 914 344 949 omittere
358 925 472 962 posse,
487 914 586 962 apud
599 917 790 961 praetorem
809 912 984 948 urbanum
999 913 1187 962 profitere-

0 989 4 1007 »
70 978 143 1017 tur,
159 981 295 1023 praetor
312 983 476 1014 senatum
501 977 722 1014 consuleret:
750 977 780 1012 si
799 977 831 1012 ei
853 977 1066 1024 permissura
1083 982 1185 1021 esset,

0 1039 3 1055 ¹
68 1051 176 1087 quum
197 1042 233 1077 in
250 1048 376 1079 senatu
395 1047 535 1079 centum
554 1055 624 1079 non
644 1044 759 1078 miuus
777 1046 901 1085 essent,
922 1043 974 1078 ita
990 1043 1027 1078 id
1041 1054 1187 1079 sacrum

0 1096 4 1164 ᾖ
53 1102 216 1152 faceret,
238 1107 323 1142 (lum
342 1119 385 1143 ne
400 1108 482 1156 plus
500 1109 654 1156 quinque
674 1107 850 1156 sacrificio
874 1108 1096 1150 interessent,
1115 1119 1186 1144 neu

0 1168 4 1240 ι
66 1179 137 1214 qua
151 1172 305 1217 pecunia
318 1173 525 1214 communis,
546 1184 614 1208 neu
629 1173 705 1220 quis
719 1172 889 1219 magister
905 1183 1102 1216 sacrorum,
1116 1176 1183 1209 aut

0 1241 4 1284 ρ
58 1234 224 1269 sacerdos
243 1240 340 1272 esset.

0 1286 1 1298 ³
112 1296 229 1335 XIX.
248 1298 363 1336 Aliud
382 1301 516 1338 delude
534 1301 623 1337 huic
642 1299 904 1351 conjunctum,
924 1302 1110 1341 referente
1130 1303 1180 1344 Q.

0 1339 4 1400 i
65 1358 216 1398 Marcio
236 1363 405 1408 consule,
427 1364 798 1402 senatusconsultum
817 1365 959 1403 factum
981 1373 1051 1409 est,
1075 1368 1123 1404 Ut
1139 1370 1183 1404 de

0 1402 5 1469 Ι
61 1426 116 1469 iis,
137 1439 222 1475 quos
245 1441 314 1477 pro
333 1430 507 1466 indicibus
535 1431 693 1467 consules
711 1430 926 1474 habuissent,
955 1433 1098 1480 integra
1125 1445 1182 1469 res

0 1474 5 1533 l
58 1492 108 1527 acl
123 1498 284 1545 senatum
303 1495 514 1545 referretur,
532 1509 642 1545 quum
656 1496 721 1545 Sp.
735 1497 954 1540 Postumius,
975 1499 1178 1545 quaestioni·

59 1556 122 1592 bus
152 1557 337 1607 perfectis,
368 1561 524 1597 Romam
554 1562 710 1598 redisset.
765 1561 933 1597 Minium
961 1561 1176 1600 Cerrinium

61 1619 299 1672 Campanum
325 1624 489 1661 Ardeam
517 1625 556 1661 in
582 1624 733 1665 vincula
760 1625 988 1662 mittendum
1017 1639 1174 1664 censue-

58 1692 162 1729 runt,
182 1688 540 1738 magistratibusque
560 1689 783 1726 Ardeatium
810 1689 1103 1740 praedicendum,
1131 1699 1173 1729 ut

55 1749 262 1788 intentiore
281 1765 366 1789 eum
386 1753 560 1790 custodia
584 1754 848 1801 adservarent3
881 1768 959 1792 non
980 1755 1103 1794 solum
1122 1770 1172 1795 ne

52 1813 248 1863 effugeret,
263 1816 328 1853 sed
347 1830 394 1854 ne
413 1819 545 1854 mortis
562 1819 840 1855 consciscendae
856 1818 982 1856 locum
998 1821 1169 1860 haberet.

55 1877 118 1929 Sp.
131 1879 348 1918 Postumius
370 1881 565 1931 aliquanto
585 1889 674 1934 post
691 1883 862 1921 Romam
881 1886 1007 1922 venit:
1042 1899 1087 1923 eo
1107 1900 1168 1924 re-

52 1942 211 1988 ferente,
231 1946 276 1982 de
295 1946 338 1984 P.
354 1946 506 1984 AEbutii
535 1955 573 1984 et
598 1948 769 1999 Hispalae
791 1950 964 1987 Feceniae
994 1953 1166 2002 praemio,
1213 1982 1221 1991 .

0 2014 7 2059 ff
51 2008 153 2056 quod
179 2021 309 2047 eorum
329 2024 445 2061 opera
473 2012 640 2050 iudicata
658 2013 917 2051 Bacchanalia
946 2023 1085 2060 essent,
1107 2030 1166 2055 se·

50 2074 378 2111 natusconsultum
403 2075 548 2112 factum
577 2084 647 2121 est,
683 2079 733 2115 Ut
757 2080 908 2128 singulis
936 2080 990 2117 his
1017 2087 1166 2119 centena

9 2183 13 2190 Ι
47 2136 167 2171 millia
184 2139 262 2174 aeris
280 2145 466 2187 quoestores
483 2142 611 2179 urbani
630 2155 671 2179 ex
685 2156 813 2180 aerarzo
829 2146 969 2183 darent
1032 2148 1165 2197 Utique

0 2190 7 2298 Ξ
48 2201 170 2236 consul
187 2214 265 2238 cum
285 2205 431 2241 tribunis
454 2207 571 2254 plebis
599 2213 733 2256 ageret,
758 2215 798 2246 ut
816 2212 865 2246 ad
889 2212 1027 2259 plebem
1042 2216 1163 2261 primo

46 2276 184 2313 qaoque
204 2271 358 2315 tempore
364 2269 525 2318 ferrent
543 2277 583 2308 ut
597 2273 641 2310 P.
650 2274 802 2311 AEbutio
821 2277 970 2312 emerita
983 2279 1163 2326 stipendia

11 2435 14 2464 Ι

47 2334 169 2373 essent,
190 2343 232 2368 ne
251 2332 381 2370 invitus
400 2337 585 2380 militaret,
606 2350 692 2375 neve
708 2352 827 2376 censor
846 2343 877 2377 ei
896 2353 1024 2391 equum
1040 2343 1160 2391 publi-
