1546 2648
283 427 347 478 T.
387 425 600 477 LIVII
651 425 1072 478 PATAVINI

475 565 510 602 L
519 565 538 602 Ι
548 565 582 602 Β
591 564 672 602 ER
708 564 864 602 XLIII.

541 698 742 721 ...Φ-..-

198 811 358 848 ADEM
377 818 521 854 aestate,
542 824 616 860 qua
635 811 673 846 in
694 809 893 847 Thessalia
912 810 1073 858 equestri
1094 822 1223 860 pugna
1238 847 1268 876 U
1290 847 1316 878 C

214 876 338 912 vicere
355 875 537 917 Romani,
559 874 720 922 legatus,
742 875 780 910 in
801 874 992 923 Illyricum
1020 887 1041 910 a
1068 874 1222 910 consule
1234 868 1327 922 Asc-⁶
1343 856 1417 926 {551¹

110 939 259 982 missus,
277 938 458 989 opulenta
474 939 549 975 duo
566 938 703 988 oppida
721 939 754 973 vi
771 945 884 985 atque
904 938 1015 973 armis
1036 939 1162 986 co'e'git
1181 938 1219 973 in
1235 947 1332 976 Gesta
1346 946 1381 975 in

108 1002 359 1047 deditionem;
382 1002 585 1050 omniaque
605 1002 649 1036 iis
670 1013 738 1037 sua
757 1001 957 1041 concessit,
980 1007 1020 1036 ut
1040 1001 1220 1049 opinione
1233 989 1373 1029 Illyrico.

107 1064 317 1101 clementiae
333 1077 412 1108 eos,
430 1065 495 1113 qui
511 1065 742 1101 Carnuntem
759 1064 944 1099 munitam
962 1063 1091 1098 urbem
1112 1063 1217 1098 inco-

107 1127 250 1171 lebant,
280 1127 482 1164 adliceret:
527 1133 729 1177 postquam
762 1139 846 1169 nec,
877 1133 918 1161 ut
950 1126 1129 1162 dederent
1162 1138 1215 1168 se,

106 1190 345 1240 compellere,
378 1203 501 1239 neque
534 1203 667 1240 capere
701 1190 909 1226 obsidendo
948 1196 1123 1239 poterat3
1167 1202 1216 1225 ne

105 1254 249 1290 duabus
270 1254 620 1305 obpugnationibus
641 1255 895 1303 nequidquam
910 1253 1090 1302 fatigatus
1107 1252 1212 1288 miles

103 1324 215 1360 esset,
236 1331 327 1366 quas
354 1319 456 1368 prius
481 1319 645 1354 intactas
672 1319 781 1354 urbes
808 1317 1024 1366 reliquerat,
1045 1317 1211 1366 diripuit.

101 1381 210 1418 Alter
229 1381 361 1418 consul
381 1383 424 1419 C.
443 1382 594 1418 Cassius
614 1394 684 1418 nec
704 1382 744 1417 in
764 1380 904 1423 Gallia,
923 1393 1034 1428 quam
1054 1380 1209 1416 sortitus
1224 1404 1349 1435 Cassius
1371 1415 1428 1445 per

101 1452 195 1488 erat,
215 1444 460 1481 memorabile
480 1446 682 1494 quidquam
704 1444 844 1492 gessit:
877 1449 915 1479 et
932 1455 996 1492 per
1016 1442 1206 1492 Illyricum
1222 1447 1391 1495 illyricum

100 1510 235 1545 ducere
253 1509 421 1557 legiones
441 1509 479 1545 in
499 1508 767 1544 Macedoniam
783 1520 881 1543 vano
897 1508 1050 1556 incepto
1068 1513 1124 1542 est
1143 1519 1207 1542 co-
1221 1490 1426 1562 ffiazllaffido‘*

98 1578 223 1608 natus,
279 1571 497 1620 ingressum
530 1573 604 1608 hoc
635 1574 705 1608 iter
739 1570 934 1608 consulem
971 1576 1122 1606 senatus
1161 1584 1206 1607 ex
1220 1582 1366 1606 conatur.

97 1635 397 1684 Aquileiensium
416 1635 550 1684 legatis
569 1637 768 1684 cognovit:
792 1636 868 1683 qui,
887 1642 1084 1683 querentes
1101 1634 1206 1671 colo-

97 1700 198 1734 niam
219 1710 324 1733 suam
344 1711 481 1733 novam
501 1705 538 1734 et
557 1698 758 1741 infirmam,
778 1698 940 1734 necdum
965 1698 1055 1733 satis
1082 1698 1207 1733 muni-
1229 1686 1233 1688 ,

94 1768 188 1804 tam,
209 1762 308 1797 inter
334 1761 489 1797 infestas
517 1762 691 1797 nationes
720 1761 906 1797 Istrorum
932 1767 969 1796 et
988 1760 1205 1809 lllyriorum

92 1837 188 1868 esse,
208 1837 325 1874 quum
350 1831 536 1875 peterent,
557 1832 598 1861 ut
624 1831 775 1861 senatus
797 1837 894 1860 curae
914 1824 1086 1867 haberet,
1108 1837 1203 1873 quo-

94 1889 206 1925 modo
236 1902 280 1925 ea
308 1888 460 1925 colonia
492 1890 715 1930 muniretur,
747 1888 984 1936 interrogati,
1014 1887 1203 1922 vellentne

94 1964 177 1988 eam
195 1964 274 1988 rem
294 1952 337 1988 C.
358 1952 492 1988 Cassio
513 1951 660 1988 consuli
689 1951 881 1986 mandari?
910 1948 1200 1998 responderunt,

95 2016 280 2058 Cassium,
301 2015 515 2064 Aquileiam
536 2016 678 2051 indicto
698 2015 880 2056 exercitu,
900 2012 1112 2062 profectum
1135 2025 1203 2061 per

95 2078 283 2127 Illyricum
304 2079 343 2116 in
361 2079 627 2116 Macedoniam
647 2091 740 2115 esse.
784 2078 843 2114 Ea
861 2089 918 2112 res
940 2077 1062 2125 primo
1077 2076 1201 2112 incre-

93 2140 219 2177 dibilis
237 2143 334 2179 visa:
367 2150 405 2179 et
424 2156 492 2193 pro
513 2157 551 2179 se
572 2144 729 2192 quisque
749 2142 912 2184 credere,
934 2141 1067 2176 Carnis
1087 2140 1199 2176 forsi-

93 2209 160 2239 tan
187 2211 252 2239 aut
277 2204 384 2241 Istris
408 2205 549 2242 bellum
576 2205 746 2241 inlatum.
803 2204 901 2240 Tum
921 2202 1197 2252 Aquileienses,

91 2266 187 2302 nihil
206 2279 245 2302 se
266 2266 363 2303 ultra
382 2269 490 2312 scire,
509 2282 579 2304 nec
598 2268 734 2305 audere
759 2267 971 2308 adfirmare,
992 2279 1104 2314 quam
1130 2266 1197 2301 tri-

90 2329 197 2378 ginta
215 2330 360 2367 dierum
378 2330 607 2370 frumentum
627 2332 739 2371 militi
758 2332 886 2369 datum
897 2346 910 2377 3
932 2338 969 2367 et
989 2330 1117 2373 duces,
1133 2329 1202 2378 qui
