1546 2648
96 248 138 278 U.
149 247 187 279 C.
204 254 278 280 584.

94 293 135 322 A.
148 291 186 322 C.
206 297 278 322 168.

95 345 196 375 Persei
204 346 300 376 mise·

95 389 193 419 tanda
207 398 285 420 sors.

85 1092 274 1133 Amphipoli

86 1135 162 1166 abit.

78 1850 262 1882 Samothra-

76 1902 148 1941 cam
162 1904 270 1934 perve-

76 1942 134 1965 nlt-

309 147 394 201 478
737 158 785 187 ‘r-
801 153 954 187 Livii*

310 246 502 299 piendum.
541 245 714 289 Perseus,
735 258 811 282 una
828 251 978 282 tantum
997 257 1063 297 spe
1080 245 1312 282 Bisaltarum
1330 257 1424 282 aux·

311 312 365 349 ilii
385 317 546 354 tentata,
566 310 613 347 ad
640 323 735 360 quos
754 310 1010 359 nequidquam
1029 310 1183 347 miserat
1201 308 1363 358 legatoe,
1382 309 1423 345 in

310 376 533 413 concionem
570 375 769 426 processit,
799 374 1020 425 Philippum
1048 387 1176 411 secum
1207 372 1324 410 filium
1352 373 1422 409 ha·

308 440 426 477 bens:
459 446 501 477 ut
519 446 557 476 et
575 441 677 490 ipsos
696 438 1048 489 Amphipolitanos,
1069 445 1108 475 et
1126 440 1295 489 equitum
1315 436 1420 488 pedi-

306 512 476 554 tumque,
497 505 561 554 qui
581 510 646 541 aut
665 515 811 554 semper
837 503 971 547 secuti,
991 508 1058 539 aut
1085 503 1177 552 fuga
1204 503 1335 539 eodem
1355 501 1421 537 de-

305 568 375 606 lati
394 576 515 612 erant,
537 569 775 605 adhortando
794 568 942 604 animos
958 567 1213 604 confirmaret.
1260 567 1332 603 Sed
1351 565 1420 602 ali-

305 633 454 682 quoties
475 633 599 668 dicere
623 632 869 681 incipientem
897 642 1013 679 quum
1035 630 1199 667 lacrimae
1218 629 1421 680 praepedis-

306 703 416 742 sent3
449 697 538 746 quia
569 697 649 747 ipse
681 695 804 731 dicere
836 694 998 743 nequiit,
1031 694 1213 730 Evandro
1247 694 1421 730 Cretensi

305 761 429 804 editis,
457 773 540 809 quae
570 760 632 809 agi
664 772 749 795 cum
781 757 1025 796 multitudine
1052 757 1179 802 vellet,
1205 759 1248 795 de
1276 757 1420 809 templo

305 825 511 862 descendit.
565 823 792 866 Multitudo,
823 823 926 859 sicut
954 823 1000 858 ad
1037 829 1281 872 conspectum
1319 822 1419 872 regis

302 889 507 937 fletumque
533 895 611 925 tam
637 886 890 924 miserabilem
919 892 957 922 et
984 887 1064 935 ipsa
1091 887 1330 934 ingemuerat
1360 885 1417 922 la—

303 953 614 1002 crimaveratque,
642 953 698 988 ita·
723 951 892 987 Evandri
920 951 1134 986 orationem
1163 949 1416 1000 adspernaba-

302 1024 387 1054 tur:
420 1023 458 1052 et
477 1017 628 1065 quidam
649 1016 729 1052 ausi
746 1020 835 1050 sunt
854 1014 978 1050 media
998 1026 1042 1049 ex
1063 1014 1248 1049 concione
1267 1012 1416 1050 subcla-

301 1094 418 1124 mare,
448 1082 554 1117 Abite
581 1081 675 1123 hinc,
702 1092 759 1122 ne,
781 1080 842 1127 qui.
866 1080 977 1126 pauci
1001 1090 1238 1126 supersumus,
1267 1082 1418 1126 propter

299 1158 360 1183 vos
383 1157 583 1194 pereamus.
638 1142 791 1180 Horum
808 1142 952 1178 ferocia
969 1153 1101 1177 vocem
1125 1141 1290 1177 Evandri
1311 1140 1415 1176 clau-

301 1211 361 1247 sit.
419 1208 503 1245 Rex
523 1210 562 1244 in
582 1208 737 1244 domum
756 1219 795 1242 se
818 1207 973 1256 recepit,
994 1206 1229 1256 pecuniaque
1258 1210 1296 1240 et
1320 1217 1413 1241 auro

300 1279 535 1322 argentoque
554 1272 594 1308 in
613 1271 775 1314 lembos,
796 1271 860 1320 qui
878 1271 918 1306 in
943 1271 1144 1320 Strymone
1163 1269 1329 1312 stabant,
1350 1269 1415 1305 de-

297 1338 399 1380 latis,
421 1344 458 1373 et
478 1338 559 1387 ipse
578 1336 625 1372 ad
643 1335 783 1371 flumen
803 1335 1005 1371 descendit.
1052 1333 1235 1376 Thraces,
1255 1332 1413 1369 navibus

297 1414 337 1438 se
357 1401 594 1437 committere
616 1411 693 1435 non
714 1398 809 1442 ausi,
831 1398 963 1434 domos
984 1397 1133 1447 dilapsi,
1154 1403 1192 1433 et
1212 1396 1293 1433 aliae
1313 1396 1413 1432 mili-

296 1466 386 1502 taris
417 1464 564 1514 generis
598 1461 745 1499 turbae:
779 1463 978 1498 Cretenses
1013 1474 1118 1512 spem
1151 1460 1319 1511 pecuniae
1353 1471 1412 1495 se-

296 1530 397 1566 cuti:
430 1535 480 1571 et,
503 1528 683 1578 quoniam
714 1527 753 1562 in
787 1526 988 1562 dividendo
1014 1525 1097 1575 plus
1126 1523 1410 1566 obfensionum,

296 1607 409 1643 quam
441 1593 587 1642 gratiae,
616 1597 710 1634 erat,
739 1591 1016 1640 quinquaginta
1040 1589 1184 1626 talenta
1213 1589 1258 1624 iis
1287 1587 1414 1638 posita

294 1663 383 1694 sunt
407 1657 446 1692 in
477 1656 560 1706 ripa
585 1655 808 1704 diripienda.
863 1654 925 1691 Ab
950 1654 1022 1691 hac
1048 1653 1260 1703 direptione
1293 1663 1409 1700 quum

293 1734 359 1772 per
378 1719 583 1756 tumultum
612 1730 728 1756 naves
756 1717 1067 1760 conscenderent,
1098 1715 1264 1752 lembum
1292 1727 1409 1751 unum

291 1786 331 1821 in
369 1784 470 1820 ostio
513 1783 633 1819 amnis
671 1780 915 1818 multitudine
951 1785 1148 1829 gravatum
1185 1783 1408 1814 merserunt.

293 1848 500 1898 Galepsum
529 1859 575 1882 eo
604 1846 676 1888 die,
697 1850 851 1895 postero
881 1845 1181 1885 Samothracam,
1203 1853 1314 1891 quam
1341 1853 1408 1892 pe·-

292 1912 438 1954 tebant,
455 1910 703 1962 perveniunt:
727 1909 774 1945 ad
794 1908 867 1944 duo
887 1907 1006 1944 millia
1023 1906 1212 1943 talentum
1231 1911 1408 1955 pervecta

289 1989 336 2013 eo
353 1976 542 2012 dicuntur.

343 2039 490 2076 XLVI.
520 2037 691 2081 Paullus,
719 2050 787 2088 per
815 2047 947 2072 omnes
978 2034 1122 2071 deditas
1152 2033 1321 2068 civitates
1351 2032 1408 2068 di-

285 2103 423 2146 missis,
444 2104 507 2152 qui
527 2109 746 2153 praeessent,
766 2113 814 2137 ne
843 2113 917 2149 qua
950 2098 1089 2149 injuria
1117 2098 1156 2133 in
1184 2109 1285 2133 nova
1312 2108 1406 2146 pace

283 2167 392 2204 victis
412 2166 532 2208 fieret,
553 2165 785 2213 retentisque
804 2164 903 2213 apud
931 2175 970 2198 se
1000 2160 1313 2198 caduceatoribus
1342 2172 1405 2196 re-

281 2231 354 2280 gis,
385 2230 428 2267 P.
443 2230 638 2272 Nasicam,
670 2230 821 2279 ignarus
851 2227 951 2276 fugae
983 2226 1096 2275 regis,
1130 2223 1396 2274 Amphipolim

282 2295 385 2331 misit
414 2307 501 2332 cum
528 2293 677 2331 modica
705 2292 875 2344 peditum
905 2292 1152 2342 equitumque
1178 2300 1321 2327 manu:
1353 2287 1405 2324 si-
