1546 2648
319 147 399 191 288
455 174 459 181 -
767 156 816 185 Τ.
840 157 975 185 mvn

127 252 217 283 U.C.
237 247 493 286 574.diebatur
520 246 567 283 ad
595 258 697 283 mare
723 247 954 283 vocantium.
1010 244 1056 281 Id
1084 244 1182 281 forte
1212 251 1352 283 temere
1371 246 1418 284 ab

125 295 166 325 A.
181 295 307 329 C.178.

127 347 270 386 Fugiunt

127 390 165 418 ad
181 400 267 420 mare

320 322 397 348 uno
434 310 682 347 exclamatum
714 310 805 346 totis
843 309 981 358 passim
1017 308 1245 358 personabat
1277 312 1421 349 castris.

320 375 454 424 Itaque
478 375 613 424 primo,
646 373 748 409 velut
770 372 867 423 jussi
896 373 933 408 id
961 372 1098 415 facere,
1129 373 1239 422 pauci
1272 375 1421 417 armati,

130 432 280 464 Romani.
320 437 441 488 major
460 450 544 488 pars
564 438 738 479 inermes,
755 436 801 472 ad
817 448 917 472 mare
937 435 1157 472 decurrunt:
1180 436 1266 472 dein
1282 437 1420 487 plures,

115 1709 183 1739 Istri
197 1719 273 1750 epu.

113 1752 219 1783 lantur
235 1754 267 1785 in

114 1795 222 1825 castris

113 1835 209 1868 Rom.

319 509 511 553 postremo
532 513 648 550 prope
666 511 811 542 omnes,
830 505 868 535 et
886 499 966 548 ipse
987 497 1142 544 consu13
1175 511 1302 548 quum,
1323 500 1422 538 frus·

319 573 378 602 tra
409 577 584 601 revocare
616 563 804 611 fugientes
836 569 1009 604 conatuS‚
1043 574 1112 598 nec
1145 563 1318 612 imperio,
1351 577 1421 601 nec

320 628 560 669 auctoritate,
591 638 659 662 nec
696 624 868 674 precibus
901 624 947 660 ad
976 630 1199 667 extremum,
1232 626 1423 665 valuisset.

321 691 428 727 Unus
458 689 637 725 remansit
664 687 721 724 M.
742 687 911 723 Licinius
941 686 1091 728 Strabo,
1121 687 1294 724 tribunus
1323 690 1422 727 mili-

318 761 399 790 tum
418 754 537 789 tertiae
558 753 733 801 legionis,
751 764 835 787 eum
850 750 970 787 tribus
988 751 1104 799 signis
1123 750 1169 786 ab
1185 750 1334 801 legione
1354 767 1421 792 sua

317 818 480 855 relictus.
537 818 667 860 Hunc,
687 817 727 853 in
752 829 869 853 vacua
889 821 1011 852 castra
1028 816 1159 865 inpetu
1178 816 1294 861 facto,
1316 818 1418 864 Istri,

317 895 430 932 quum
461 881 554 917 alius
585 887 748 918 armatus
775 880 819 916 iis
839 892 951 916 nemo
971 878 1120 914 obviam
1141 879 1244 924 isset,
1265 882 1302 917 in
1322 895 1417 932 prae-

315 946 415 981 torio
436 945 681 981 instruentem
700 949 812 992 atque
832 943 1091 979 adhortantem
1115 954 1201 978 suos
1222 944 1419 994 obpresse-

316 1016 415 1045 runt.
471 1009 653 1045 Proelium
672 1008 850 1050 atrocius,
871 1019 982 1055 quam
1011 1018 1080 1055 pro
1098 1008 1287 1056 paucitate
1306 1011 1418 1047 resis-

315 1072 491 1114 tentium,
514 1072 609 1107 fuit:
641 1083 711 1107 nec
730 1076 819 1106 ante
847 1069 995 1105 finitum
1023 1075 1093 1111 est,
1115 1081 1226 1116 quam
1245 1071 1420 1110 tribunus

314 1135 490 1177 militum,
522 1135 660 1183 quique
690 1134 790 1169 circa
819 1145 904 1169 eum
931 1131 1194 1175 constiterant,
1227 1133 1416 1174 interfecti

313 1204 414 1235 sunt.
470 1198 655 1234 Praetorio
684 1195 845 1246 dejecto,
869 1196 1038 1245 direptis,
1059 1209 1140 1245 quae
1170 1196 1222 1233 ibi
1251 1197 1416 1244 fuerunt,

314 1262 360 1298 ad
390 1263 635 1312 quaestorium
662 1261 787 1297 forum
806 1261 1101 1309 quintanamque
1129 1261 1258 1297 hostes
1287 1275 1415 1312 pervc-

311 1331 461 1361 nerunt.
518 1324 592 1367 lbi,
614 1337 728 1374 quum
746 1324 915 1360 omnium
935 1335 1059 1363 rerum
1078 1330 1248 1373 paratam
1267 1328 1416 1376 exposi-

310 1396 463 1437 tamque
483 1389 646 1438 copiam,
667 1393 703 1423 et
723 1393 860 1423 stratos
881 1385 998 1423 lectos
1028 1387 1067 1422 in
1086 1389 1290 1436 quaestorio
1312 1390 1414 1426 inve·

310 1453 468 1496 nissent,
489 1452 639 1501 regulus
660 1451 849 1488 adcubans
871 1451 1013 1501 epulari
1034 1452 1175 1502 coepit:
1207 1451 1296 1490 mox
1316 1455 1413 1491 idem

310 1517 425 1552 ceteri
455 1528 599 1559 omnes,
620 1528 809 1552 armorum
837 1515 1078 1564 hostiumque
1098 1515 1222 1559 obliti,
1242 1516 1410 1554 faciunt:

309 1586 361 1623 et,
379 1587 420 1616 ut
449 1580 583 1629 quibus
604 1581 771 1616 insuetus
791 1578 982 1615 liberalior
997 1579 1117 1615 victus
1137 1587 1249 1624 esset,
1270 1581 1411 1618 avidius

308 1642 398 1678 vino
418 1643 578 1692 ciboque
597 1655 756 1692 corpora
775 1648 946 1679 onerant.

360 1705 436 1743 111.
465 1706 717 1756 Nequaquam
745 1707 873 1743 eadem
903 1713 961 1741 est
987 1712 1069 1742 tum
1097 1707 1150 1742 rei
1169 1707 1290 1744 forma
1313 1710 1410 1759 apud

304 1769 502 1806 Romanos
522 1785 530 1805 ι
561 1777 674 1813 terra,
695 1770 789 1806 mari
807 1769 1038 1820 trepidatur:
1071 1769 1212 1805 nautici
1233 1770 1408 1809 taberna-

306 1832 391 1868 cula
409 1832 630 1874 detendunt,
652 1839 979 1881 commeatumque
1009 1833 1047 1868 in
1067 1831 1177 1868 litore
1197 1836 1411 1884 expositum

305 1896 345 1932 in
372 1908 485 1932 naves
505 1896 657 1946 rapiunt
676 1909 683 1931 :
716 1895 852 1932 milites
876 1896 913 1931 in
934 1896 1090 1945 scaphas
1111 1902 1149 1932 et
1167 1909 1269 1933 mare
1290 1900 1410 1935 territi

304 1967 444 1995 ruunt:
475 1966 616 2004 nautae,
651 1967 753 1996 metu
786 1971 833 1996 ne
862 1959 1122 2010 compleantur
1150 1962 1315 2010 navigia,
1344 1963 1408 2000 alii

303 2022 424 2058 turbae
444 2022 649 2066 obsistunt,
671 2022 733 2059 alii
761 2022 807 2059 ab
828 2021 938 2059 litore
959 2035 1071 2059 naves
1092 2024 1129 2060 in
1145 2023 1263 2060 altum
1281 2026 1408 2076 expel-

302 2083 387 2119 lunt
406 2099 412 2119 :
445 2085 532 2120 inde
552 2093 755 2128 certamen,
776 2099 866 2122 mox
895 2087 1007 2123 etiam
1027 2100 1155 2137 pugna
1174 2101 1260 2125 cum
1278 2090 1407 2128 vulne-

301 2147 404 2182 ribus
425 2153 462 2182 et
482 2148 581 2183 caede
601 2148 639 2184 in
659 2149 778 2185 vicem
797 2149 958 2186 militum
977 2156 1252 2200 nautarumque
1270 2153 1403 2198 oritur,

300 2210 420 2246 donec
442 2209 554 2259 jussu
573 2211 737 2247 consulis
759 2212 891 2262 procul
922 2226 942 2250 a
964 2220 1063 2250 terra
1082 2214 1210 2251 classis
1231 2216 1404 2254 submota

299 2279 367 2310 est.
425 2274 626 2312 Secernere
645 2275 732 2312 inde
751 2276 910 2314 inermes
931 2277 978 2315 ab
999 2279 1152 2316 armatis
1173 2280 1288 2332 coepit
1305 2295 1312 2317 :
1344 2281 1405 2318 vix
