1546 2648
365 196 446 237 24²
790 198 836 226 τ.
870 199 1002 228 mvn

168 287 211 318 U.
222 290 260 321 C.
275 296 349 326 ⁵71·
363 285 613 323 defectionem
631 284 849 330 Corsorum,
865 285 1080 337 bellumque
1096 288 1143 326 ab
1159 288 1360 326 Iliensibus
1375 302 1469 326 con·
1545 300 1546 336 γ

167 333 257 364 A'C'
275 341 519 387 ¹⁹¹’citatum
538 350 576 385 in
608 350 794 393 Sardinia,
816 357 905 387 octo
934 352 1053 388 millia
1087 353 1256 402 peditum
1281 366 1328 390 ex
1355 354 1466 390 sociis

358 414 491 451 Latini
510 413 673 450 nominis
689 414 803 451 scribi
817 414 1034 465 placuisset,
1049 423 1086 453 et
1101 423 1290 454 trecentos
1307 418 1466 467 equites,

360 491 454 528 quos
473 477 530 514 M.
544 478 716 514 Pinarius
732 486 872 528 praetor
886 492 1012 516 secum
1032 481 1070 516 iu
1087 481 1300 518 Sardiniam
1315 481 1467 532 trajice-

357 549 429 587 ret,
450 548 599 579 tantum
617 543 815 579 hominurn
835 543 1074 580 demortuum
1099 557 1193 589 esse,
1214 551 1363 582 tantum
1384 545 1466 582 ubi-

357 619 431 658 que
450 618 636 655 aegrorum
652 606 824 642 consules
844 608 1162 652 renunciaverint,
1178 616 1220 645 ut
1239 609 1269 645 is
1288 621 1465 645 numerus

357 671 453 708 effici
481 669 644 706 militum
676 681 753 704 non
783 670 972 718 potuerit:
1005 671 1105 719 quod
1135 672 1264 708 deerat
1288 671 1466 716 militum,

357 747 504 771 sumere
529 747 551 770 a
571 733 641 769 Cn.
657 733 792 769 Baebio
818 733 1059 783 proconsule,
1080 736 1144 783 qui
1163 735 1261 772 Pisis
1286 736 1465 773 hiberna-

355 797 437 842 bat,
450 797 580 848 jussus
594 802 747 847 praetor,
762 802 875 845 atque
889 797 974 833 inde
994 798 1033 833 in
1050 798 1263 836 Sardiniam
1277 799 1464 850 trajicere.

353 861 401 898 L.
423 861 600 898 Duronio
619 860 789 910 praetori,
810 861 870 896 cui
892 861 1086 910 provincia
1105 862 1246 912 Apulia
1273 869 1463 908 evenerat,

355 925 506 976 adjecta
524 925 570 961 de
583 923 886 961 Bacchanalibus
905 926 1065 974 quaestio
1081 932 1138 962 est
1152 941 1159 962 :
1193 926 1252 977 cuj
1259 940 1299 963 us
1314 927 1463 964 residua

352 989 524 1040 quaedam
543 987 645 1024 velut
661 988 805 1024 semina
826 1000 871 1024 ex
897 988 1085 1038 prioribus
1106 989 1213 1026 malis
1233 989 1317 1040 jam
1335 991 1462 1041 priore

351 1065 454 1090 anno
491 1051 763 1101 adparueraut:
796 1050 861 1086 sed
897 1052 1017 1100 magis
1054 1052 1243 1089 inchoatae
1281 1054 1381 1104 apud
1412 1054 1460 1091 L.
1520 1055 1526 1113 f

350 1116 512 1166 Pupium
528 1120 728 1164 praetorem
745 1114 971 1162 quaestiones
993 1122 1114 1158 erant,
1127 1129 1240 1165 quam
1255 1117 1302 1152 ad
1317 1118 1460 1155 exitum
1518 1143 1531 1195 Ι

347 1179 468 1216 unum
487 1178 698 1229 perductae:
731 1177 770 1213 id
788 1189 981 1227 persecare
1007 1192 1147 1216 novum
1177 1185 1391 1230 praetorem,
1412 1194 1461 1218 ne

349 1250 516 1295 serperet
541 1243 677 1279 iterum
706 1241 832 1285 latius,
854 1242 985 1279 Patres
1012 1243 1221 1292 jusserunt.
1277 1244 1329 1281 Et
1356 1244 1458 1295 leges
1514 1194 1530 1326 ᾖ

349 1309 394 1346 de
412 1307 558 1345 ambitu
577 1305 749 1343 consules
770 1319 817 1343 ex
845 1308 1073 1344 auctoritate
1093 1316 1244 1344 senatus
1271 1309 1317 1345 ad
1336 1322 1458 1360 popu-

348 1373 427 1410 lum
447 1371 627 1409 tulerunt.
1512 1332 1524 1416 β

150 1438 336 1486 Legationes
403 1436 498 1474 XX.
532 1433 767 1483 Legationes
805 1433 938 1470 deinde
974 1435 1014 1470 in
1051 1441 1221 1471 senatum
1259 1437 1456 1473 introdux-
1510 1450 1512 1459 ¹

152 1490 257 1512 vanae'
346 1508 470 1540 erunt.
516 1499 668 1548 Regum
683 1498 837 1548 primaS,
857 1498 1054 1542 Eumenis,
1076 1506 1113 1535 et
1131 1500 1342 1536 Ariarathis
1357 1501 1457 1551 Cap-

345 1566 517 1618 padocis,
538 1570 576 1600 et
604 1560 812 1599 Pharnacis
831 1562 981 1598 Pontici
999 1578 1005 1598 :
1039 1576 1108 1599 nec
1134 1563 1232 1600 ultra
1251 1564 1455 1613 quidquam

346 1633 400 1668 eis
420 1640 643 1681 responsum
662 1633 732 1670 est,
751 1639 863 1676 quam
881 1628 1076 1670 missuros,
1093 1628 1156 1677 qui
1172 1628 1218 1664 de
1237 1635 1455 1665 controver-

346 1694 410 1731 siis
441 1705 572 1729 eorum
601 1697 890 1740 cognoscerent,
924 1697 1220 1739 statuerentque.
1275 1691 1455 1729 Lacedae-
1501 1699 1504 1739 j

344 1759 562 1796 moniorum
581 1755 715 1792 deinde
740 1753 910 1791 exsulum
939 1762 975 1792 et
995 1755 1222 1791 Achaeorum
1247 1754 1364 1804 legati
1396 1756 1455 1791 in·
1499 1791 1501 1798 ,

345 1822 511 1860 troducti
530 1826 641 1857 sunt:
674 1825 712 1855 et
731 1830 813 1868 spes
831 1818 919 1854 data
931 1817 1121 1854 exsulibus
1142 1826 1212 1860 est,
1226 1819 1454 1868 scripturum

343 1891 516 1924 senatum
535 1883 700 1925 Achaeis,
721 1887 763 1917 ut
782 1882 1081 1917 restituerentur.
1136 1881 1268 1918 Achaei
1285 1881 1331 1917 de
1349 1881 1455 1918 Mes·
1494 1875 1504 1898 '⁵‘
1543 1909 1546 1932 }

343 1962 433 1988 sene
451 1953 616 1998 recepta,
647 1945 942 1995 compositisque
960 1944 1012 1980 ibi
1033 1943 1157 1988 rebus,
1179 1957 1263 1981 cum
1294 1945 1454 1982 adsensu

341 2013 501 2051 Patrum
520 2016 788 2062 exposuerunt.
844 2009 897 2045 Et
916 2021 938 2044 a
957 2007 1136 2058 Philippo
1163 2020 1249 2057 rege
1268 2008 1451 2045 Macedo·
1538 2035 1542 2059 ἴ

341 2089 432 2113 num
453 2076 528 2112 duo
553 2074 667 2123 legati
686 2079 884 2115 venerunt,
906 2070 1095 2108 Philocles
1123 2077 1160 2107 et
1179 2071 1346 2121 Apelles,
1367 2071 1451 2108 nul·
1488 2089 1490 2128 ξ

339 2140 377 2177 la
397 2151 508 2189 super
534 2150 587 2180 re,
609 2149 690 2186 quae
711 2136 757 2171 ab
778 2142 910 2172 senatu
937 2134 1100 2184 petenda
1126 2141 1247 2170 esset:
1280 2134 1450 2185 specula·
1484 2135 1506 2181 ,1ss
1532 2152 1543 2160 *¹

338 2210 420 2241 tum
440 2201 558 2250 magis
585 2199 880 2248 inquisitumque
906 2198 1009 2234 missi
1029 2197 1072 2233 de
1099 2197 1158 2240 iis,
1180 2210 1340 2246 quorum
1359 2198 1449 2235 Per·
1484 2199 1501 2253 {¹
