1546 2648
342 188 429 243 456
802 199 847 229 T.
871 200 1004 230 mvn

146 289 191 320 U.
207 290 243 321 C.
257 299 330 323 584.
344 301 424 325 esse
444 295 482 325 et
501 288 572 339 ipsi
593 287 874 338 evulgaverant,
895 296 933 326 et
950 290 1141 327 Eumenes
1168 289 1375 335 consulem,
1395 292 1448 328 vi-

145 334 188 364 A.
204 333 241 364 C.
258 340 329 366 163.

144 414 261 444 Classis

144 457 257 488 Persei.

341 353 466 389 tandm
485 352 708 402 suspicionis
730 365 875 397 caussa,
897 355 1096 391 certiorem
1115 354 1218 392 fecit.

391 416 587 454 XXVIII.
616 417 791 461 Perseus,
810 426 898 469 post
914 419 1075 455 reditum
1095 418 1142 455 ab
1158 418 1331 456 Eumene
1349 417 1448 454 Ero-

334 481 462 531 pontis
492 492 557 530 spe
582 480 764 530 dejectuS,
792 482 1028 518 Antenorem
1052 489 1090 518 et
1116 482 1331 533 Callippum
1350 494 1446 532 prae-

333 544 454 581 fectos
485 544 612 581 classis
643 557 727 581 cum
754 545 1004 595 quadraginta
1030 546 1162 583 lembis
1195 545 1368 597 (adjectae
1399 545 1446 582 ad

331 609 433 645 hunc
469 621 667 645 numerum
703 611 869 658 quinque
916 610 1051 659 pristes
1090 612 1215 656 erant)
1249 611 1447 647 Tenedum

333 671 478 716 mittit3
511 677 553 706 ut
578 671 663 706 inde
683 683 820 720 sparsae
848 683 914 721 per
933 671 1117 721 Cycladas
1148 671 1290 708 insulas
1315 684 1444 714 naveS,

332 733 601 770 Macedoniam
637 747 723 771 cum
764 734 957 772 frumento
993 742 1180 786 petentes,
1218 741 1444 772 tutarentur.

332 798 575 835 Cassandreae
608 799 777 835 deductae
804 812 916 836 naves
946 800 986 836 in
1015 806 1148 850 portus
1173 800 1350 850 primum,
1379 800 1444 848 qui

329 863 398 900 sub
426 864 532 900 Atho
552 870 682 900 monte
701 872 804 908 sunt,
831 865 920 901 inde
946 865 1144 902 Tenedum
1173 865 1322 917 placido
1349 865 1445 902 mari

326 941 442 977 quum
462 927 714 978 trajecissent,
736 935 879 966 stantes
898 930 938 966 in
957 937 1071 980 portu
1091 929 1263 966 Rhodias
1291 935 1439 979 apertas

325 1005 440 1029 naves
474 987 765 1042 Eudamumque
798 994 1019 1043 praefectum
1053 1007 1195 1037 earum,
1222 994 1438 1037 inviolatas,

324 1063 438 1105 atque
452 1057 572 1093 etiam
590 1056 756 1105 benigne
776 1057 985 1107 adpellatos
1013 1059 1247 1096 dimiserunt.
1295 1059 1440 1107 Cogni-

321 1126 365 1156 to
389 1120 539 1163 deinde,
571 1121 609 1156 in
641 1120 759 1157 latere
792 1121 912 1174 altero
945 1123 1222 1171 quinquaginta
1248 1122 1439 1158 onerarias

322 1197 488 1228 suarum,
507 1184 695 1221 stantibus
716 1186 755 1222 in
775 1187 875 1222 ostio
896 1194 1027 1236 portus
1048 1187 1230 1223 Eumenis
1249 1186 1438 1229 rostratis,

321 1249 457 1298 quibus
478 1249 638 1286 Damius
659 1258 833 1300 praeerat,
865 1251 1027 1287 inclusas
1058 1263 1166 1296 esse3
1199 1251 1441 1287 circumvecti

321 1326 496 1364 propere,
517 1326 561 1349 ac
581 1313 766 1350 submotis
787 1320 931 1351 terrore
955 1315 1123 1351 hostium
1150 1313 1323 1355 navibus,
1344 1325 1437 1350 one-

320 1379 452 1422 rarias,
483 1378 596 1422 datis,
626 1379 690 1428 qui
710 1386 1041 1429 prosequerentur,
1070 1380 1198 1416 decem
1217 1378 1368 1422 lembis,
1395 1379 1435 1415 in

318 1442 587 1479 Macedoniarn
622 1443 804 1479 mittunt:
851 1444 904 1479 ita
936 1450 979 1480 ut
1012 1445 1050 1480 in
1084 1451 1208 1480 tutum
1241 1443 1434 1493 prosecuti

317 1505 484 1542 redirent
502 1505 711 1543 Tenedum.
767 1506 887 1543 Nono
913 1513 1000 1557 post
1021 1507 1080 1543 die
1100 1508 1146 1543 ad
1165 1506 1336 1549 classem,
1351 1505 1434 1556 jam

318 1569 365 1605 ad
386 1569 540 1617 Sigeum
561 1575 740 1612 stantem,
760 1569 967 1607 redierunt.
1010 1571 1104 1606 Inde
1125 1569 1272 1606 Subota
1294 1569 1434 1615 (insula

318 1638 375 1668 est
394 1631 597 1683 interjecta
615 1633 731 1669 Elaeae
751 1640 790 1670 et
808 1634 932 1681 Atho)
954 1633 1161 1684 trajiciunt.
1218 1633 1335 1670 Forte
1363 1645 1433 1684 po-

315 1705 417 1733 stero
442 1696 515 1740 die,
547 1709 660 1745 quam
693 1696 840 1733 Subota
873 1697 1002 1734 classis
1032 1698 1169 1740 tenuit,
1200 1697 1366 1746 quinque
1394 1702 1433 1732 et

312 1761 473 1808 triginta
502 1773 631 1805 naves,
666 1773 759 1810 quas
792 1762 1034 1812 hippagogos
1069 1768 1223 1803 vocant,
1251 1761 1299 1797 ab
1325 1760 1432 1798 Elaea

312 1824 494 1876 profectae
514 1838 599 1861 cum
617 1825 807 1874 equitibus
824 1826 945 1862 Gallis
961 1826 1156 1875 equisque,
1174 1825 1324 1862 Phanas
1341 1837 1429 1874 pro·

313 1889 547 1925 montorium
569 1889 752 1926 Chiorum
771 1889 968 1939 petebant,
996 1890 1095 1926 unde
1114 1890 1371 1925 transmittere
1391 1889 1430 1925 in

311 1952 581 1990 Macedoniam
601 1960 768 2003 possent.
816 1953 950 1990 Attalo
969 1953 1017 1990 ab
1034 1953 1203 1989 Eumene
1223 1952 1429 1989 mitteban-

312 2024 386 2054 tur.
445 2017 527 2053 Has
553 2030 668 2054 naves
702 2030 769 2068 per
795 2017 914 2054 altum
944 2018 1032 2054 ferri
1061 2031 1176 2066 quum
1202 2030 1249 2053 ex
1279 2009 1431 2067 specula

312 2082 462 2130 signum
482 2081 612 2118 datum
633 2083 820 2119 Antenori
847 2088 959 2125 esset,
987 2082 1179 2132 profectus
1208 2094 1230 2116 a
1256 2080 1426 2123 Subotis,

311 2145 412 2180 inter
448 2144 697 2194 Erythrarum
746 2146 1050 2196 promontorium
1089 2144 1316 2192 Chiumque,
1356 2156 1431 2193 qua

311 2207 540 2243 artissimum
575 2208 714 2245 fretum
746 2216 816 2252 est,
847 2210 892 2244 iis
925 2209 1107 2245 obcurrit.
1164 2207 1274 2244 Nihil
1302 2208 1426 2244 nm‘nus

306 2271 462 2307 credere
482 2271 655 2321 praefecti
675 2271 872 2315 Eumenis,
899 2285 1013 2321 quam
1045 2271 1302 2308 Macedonum
1332 2270 1427 2307 clas-

311 2346 388 2371 sem
408 2335 446 2371 in
469 2334 536 2372 illo
556 2336 685 2385 vagari
705 2336 798 2373 mari
819 2350 827 2372 z
859 2348 960 2373 nunc
979 2336 1176 2373 Romanos
1203 2347 1297 2378 esse,
1324 2347 1423 2372 nunc

1512 2383 1515 2442 ἶ

1509 2464 1512 2515 1
