1546 2648
320 132 474 162 LIBER
499 129 706 159 XXXVII.
743 129 849 158 CAP.
871 129 1014 158 XXIV.
1175 129 1225 171 29

111 222 213 260 velut
248 228 389 258 statum
426 221 605 258 Favoniis
644 220 765 256 ventis
815 226 926 256 essct.
984 218 1224 255 Rhodiorum
1239 232 1281 262 U,
1296 232 1331 262 (3,
1349 238 1422 264 552,

111 288 192 323 duae
224 292 262 323 et
291 286 450 335 triginta
483 284 754 334 quadriremes,
789 289 826 319 et
859 289 1022 332 quatuor
1055 284 1225 319 triremes
1239 276 1326 307 A·C·
1343 283 1414 309 ¹90·

108 350 225 388 fuere.
273 349 398 399 Regia
417 349 545 386 classis
567 355 712 398 septem
731 353 769 383 et
788 348 947 395 triginta
968 345 1124 397 majoris
1144 347 1225 383 for—

110 427 180 452 mae
200 415 352 452 navium
371 421 465 457 erat,
487 414 526 450 in
546 413 681 462 quibus
702 420 778 448 tres
798 412 972 462 hepteres
1001 421 1037 447 et
1063 419 1227 461 quatuor

110 480 267 516 hexeres
288 479 477 516 habebat:
510 484 647 528 proeter
665 478 732 513 has
754 477 882 513 decem
902 477 1075 512 triremes
1097 483 1224 513 erant:

110 552 148 581 et
175 545 215 580 hi
244 545 374 581 adesse
403 544 531 579 hostes
559 555 605 579 ex
630 541 783 592 specula
811 542 972 591 quadam
1000 554 1227 590 cognovere.

111 609 283 659 Utraque
303 608 431 646 classis
452 614 606 659 postero
627 607 686 643 die
706 606 789 643 luce
809 607 943 657 prima,
966 613 1158 655 tamquam
1180 620 1226 642 eo

106 673 168 710 die
187 680 416 724 pugnatura,
438 686 458 709 e
478 680 591 723 portu
611 672 749 708 movit:
773 678 824 714 et,
846 677 1050 721 postquam
1070 683 1224 720 supera-

107 750 194 773 vere
213 737 356 774 Rhodii
382 736 702 787 promontorium,
724 736 825 784 quod
849 735 895 771 ab
917 735 1006 771 Sida
1032 736 1222 785 prominet
1238 743 1346 782 Pugna
1359 743 1440 774 inter

1237 797 1334 825 regios
1352 794 1383 816 et

107 801 147 836 in
167 801 300 844 altum,
319 799 509 850 extemplo
530 806 567 836 et
584 800 780 849 conspecti
802 799 849 836 ab
869 799 1044 835 hostibus
1066 806 1167 842 sunt,
1185 807 1221 835 et
1238 831 1390 860 Rhodios.

107 865 179 916 ipsi
200 878 263 901 eos
283 866 469 902 viderunt.
507 864 568 900 Ab
589 865 700 913 regiis
722 865 877 900 sinistro
897 877 1030 907 cornu,
1052 864 1154 913 quod
1174 864 1222 900 ab

104 928 183 965 alto
212 929 406 980 objectum
435 935 530 971 erat,
562 927 774 970 Hannibal,
807 927 943 963 dextro
973 927 1219 977 Apollonius,

103 1000 396 1043 purpuratorum
416 1005 527 1035 unus,
548 998 731 1042 praeerat:
765 991 896 1040 etjam
919 992 956 1027 iu
977 991 1142 1027 frontem
1164 992 1221 1027 di-

106 1064 226 1092 rectas
257 1057 450 1093 habebant
478 1069 604 1092 naves.
702 1055 803 1091 liodii
835 1054 951 1103 longo
981 1056 1131 1104 agmine
1157 1069 1220 1092 vc-

106 1121 286 1157 niebant:
318 1122 441 1171 prima
459 1121 636 1170 praetoria
657 1121 763 1156 navis
784 1119 947 1155 Eudami
968 1128 1072 1165 erat5
1106 1134 1220 1169 coge-

105 1184 172 1220 bat
201 1198 336 1234 agmen
368 1185 620 1230 Chariclitus5
658 1185 917 1234 Pamphilidas
948 1185 1078 1221 inediae
1109 1185 1220 1222 classi

103 1256 275 1300 praeerut.
331 1251 541 1294 Eudamus,
578 1258 779 1300 postquam
813 1250 981 1285 hostium
1011 1251 1129 1286 aciem
1160 1251 1218 1286 in-

105 1320 286 1350 structam
307 1321 345 1351 et
371 1322 541 1365 paratam
563 1315 609 1350 ad
630 1314 929 1350 concurrendum
950 1314 1054 1357 vidit,
1076 1322 1114 1350 et
1138 1315 1220 1365 ipse

101 1378 140 1414 in
170 1378 287 1415 altum
321 1380 506 1422 evehitur,
541 1385 579 1415 et
609 1379 801 1428 deincep&
832 1391 915 1427 quae
946 1378 1216 1427 sequebantur,

102 1449 292 1478 servantes
314 1443 484 1479 ordinem
505 1444 543 1478 in
562 1442 728 1478 frontem
749 1441 1047 1492 dirigerejubet.
1083 1443 1142 1479 Ea
1159 1456 1215 1479 res

101 1506 224 1556 primo
258 1506 460 1543 tumultum
495 1507 680 1557 praebuit:
725 1520 814 1543 nam
844 1520 914 1544 nec
944 1508 998 1543 sic
1026 1508 1065 1543 in
1096 1507 1216 1544 altum

101 1578 250 1607 evectus
271 1577 364 1614 erat,
386 1579 428 1608 ut
447 1572 540 1608 ordo
561 1573 728 1608 omnium
751 1573 903 1610 navium
923 1573 970 1609 ad
990 1581 1128 1610 terram
1151 1587 1215 1610 ex-

101 1634 234 1685 plicari
263 1642 413 1685 posset:
457 1642 494 1671 et
528 1636 712 1672 festinans
748 1638 828 1687 ipse
860 1651 1100 1690 praepropere
1131 1653 1218 1676 cum

102 1700 267 1749 quinque
296 1700 385 1736 solis
416 1701 573 1737 navibus
605 1701 817 1738 Hannibali
847 1702 1039 1740 obcurrit:
1084 1705 1239 1748 ceteri„

100 1765 187 1813 quia
207 1765 244 1800 in
264 1765 431 1801 frontem
458 1765 738 1816 dirigere-jussi
761 1773 882 1811 erant,
904 1781 982 1804 non
1002 1770 1214 1818 sequeban-

99 1834 172 1865 tur.
228 1829 412 1866 Extremo
444 1832 587 1879 agmini
617 1831 690 1868 loci
721 1832 815 1868 nihil
845 1833 892 1869 ad
921 1840 1061 1870 terram
1090 1834 1214 1871 relicti

101 1900 200 1940 erat3
234 1895 585 1945 trepidantibusque
611 1897 656 1932 iis
687 1897 787 1933 inter
817 1910 870 1940 se,
898 1897 981 1948 jam
1012 1900 1050 1935 in
1080 1900 1214 1944 dextro

102 1970 218 1994 cornu
239 1960 413 1996 adversus
436 1960 692 1997 Hannibalem
716 1963 969 2012 pugnabatur.

153 2022 305 2061 XXIV.
336 2024 409 2060 Sed
428 2034 622 2062 momento
643 2029 824 2077 temporis
846 2035 884 2064 et
903 2030 1057 2066 navium
1078 2031 1211 2074 virtus,

98 2092 137 2122 et
152 2099 236 2123 usus
258 2089 312 2124 rei
332 2090 529 2127 maritimae
546 2100 729 2127 terrorem
751 2105 901 2129 onmem
925 2093 1086 2131 Rhodiis
1108 2097 1211 2132 deln-

99 2151 169 2187 sit:
202 2165 288 2189 nam
308 2155 402 2191 etin
429 2155 547 2192 altum
575 2156 748 2193 celeriter
776 2166 913 2195 evectae
941 2172 1053 2196 naves
1084 2160 1210 2198 Iocum

97 2225 186 2266 post
214 2229 253 2253 se
281 2232 437 2269 quaeque
466 2222 631 2258 venienti
661 2222 709 2258 ad
738 2229 878 2259 terram
908 2223 1069 2270 dedere3
1104 2232 1154 2268 et,
1180 2227 1212 2262 si

99 2292 173 2330 qua
192 2292 432 2323 concurrerat
457 2294 582 2323 rostro
603 2300 701 2339 cum¹
716 2288 885 2324 hostium
912 2289 1012 2334 navi,
1035 2296 1100 2326 aut
1118 2303 1210 2341 pro-

609 2352 684 2389 C3
