1546 2648
299 213 386 257 394
471 171 475 177 ι
753 213 799 242 Τ.
823 214 956 243 mvn

107 302 151 333 U.
165 303 203 334 C.
218 302 417 352 5⁸1.regiis
437 301 624 353 praefectis
644 314 728 338 cum
754 302 904 339 modica
922 315 1036 339 manu
1053 301 1233 351 relinquit
1254 301 1302 339 ad
1319 301 1411 339 Phi-

107 346 151 378 Α“
165 346 202 377 C'
222 353 395 410 ¹⁷¹·wlam‚
410 365 561 418 jussum
574 366 778 416 Magnetas
794 372 832 402 et
846 368 1077 417 propinquos
1094 372 1254 403 tentare.
1283 366 1412 405 Quum

303 429 450 470 Pellam
479 430 656 473 venisset,
686 430 854 467 exercitu
882 431 921 466 in
951 429 1110 466 hiberna
1133 430 1301 472 dimisso,
1332 429 1414 479 ipse

305 506 392 530 cum
420 493 543 544 Cotye
561 493 873 530 Thessalonicam
896 500 954 529 est
970 492 1177 543 profectus.
1232 492 1292 528 Eo
1310 491 1414 528 fama

306 556 486 600 adfertur,
507 556 696 594 Atlesbim
720 556 892 606 regulum
916 557 1122 601 Thracum,
1143 562 1182 594 et
1200 557 1414 605 Corragum

304 619 487 662 Eumenis
506 620 741 671 praefectum,
756 621 797 657 iu
813 621 945 670 Cotyis
961 621 1053 657 fines
1069 621 1239 671 inpetum
1257 620 1411 657 fecisse:

306 691 347 722 et
369 685 579 734 regionem,
597 684 785 721 Marenen
812 697 924 733 quam
942 690 1096 728 vocant,
1124 685 1278 734 cepisse.
1334 682 1415 719 Ita-

306 761 394 797 que,
414 747 680 784 dimittendum
700 747 825 797 Cotyn
852 747 899 783 ad
924 760 992 784 sua
1011 747 1154 783 tuenda
1172 752 1290 789 ratus,
1311 758 1416 794 mag-

307 812 365 852 nis
397 811 698 862 proficiscentem
728 811 835 848 donis
870 811 1134 861 prosequitur:
1167 811 1329 848 ducenta
1356 814 1416 846 ta-

307 874 425 919 lenta,
442 882 620 912 semestre
639 875 881 925 stipendium,
898 875 1082 924 equitatui
1097 879 1283 916 numerat,
1300 885 1415 922 quum

114 941 186 992 Cos.
202 945 236 977 in
308 940 432 990 primo
448 952 615 976 annuum
630 940 717 976 dare
737 939 1009 976 constituisset.
1041 937 1198 981 Consul,
1215 943 1415 987 postquam

113 986 248 1064 ῗὲίἳέῗὲ
264 999 297 1021 ⁸²
309 1003 522 1054 profectum
540 1002 677 1039 Persea
695 1003 852 1045 audivit,
869 1002 916 1039 ad
935 1002 1114 1038 Gonnum
1136 1008 1259 1037 castra
1273 1007 1415 1042 movet,

309 1070 341 1105 si
359 1070 475 1120 potiri
495 1069 635 1119 oppido
655 1075 795 1118 posset.
850 1069 952 1104 Ante
972 1069 1054 1118 ipsa
1071 1067 1215 1117 Tempe
1234 1066 1272 1102 in
1297 1066 1417 1102 fauci-

307 1135 378 1171 bus
399 1135 528 1176 situm,
547 1133 786 1170 Macedoniae
806 1133 970 1169 claustra
994 1133 1183 1168 tutissima
1203 1130 1360 1181 praebet,
1379 1138 1417 1166 et

309 1198 347 1234 in
367 1196 601 1233 Thessaliam
623 1204 878 1246 opportunum
904 1195 1180 1232 Macedonibus
1207 1194 1417 1230 decursum.

308 1261 437 1306 Quum
458 1266 496 1296 et
515 1259 601 1296 loco
621 1267 658 1296 et
684 1260 859 1309 praesidio
878 1260 1001 1295 valido
1031 1257 1332 1308 inexpugnabilis
1358 1269 1417 1292 res

312 1330 423 1367 esset,
444 1323 592 1360 abstitit
612 1324 776 1373 incepto.
833 1323 878 1359 In
900 1322 1153 1359 Perrhaebiam
1172 1321 1277 1357 flexis
1304 1320 1417 1355 itine-

310 1387 428 1430 ribus,
444 1385 604 1423 Malloea
623 1388 745 1437 primo
761 1387 892 1436 inpetu
909 1393 1020 1436 capta
1035 1398 1079 1422 ac
1094 1385 1253 1434 direpta,
1268 1382 1416 1433 Tripoli

311 1451 459 1500 aliaque
491 1451 706 1488 Perrbaebia
739 1457 903 1500 recepta,
937 1450 1129 1487 Larissam
1162 1438 1295 1484 rediit:
1330 1447 1418 1484 inde

310 1514 483 1552 Eumene
508 1521 620 1564 atque
645 1514 778 1550 Attalo
805 1515 956 1550 domum
981 1512 1159 1554 remissis,
1179 1511 1417 1560 Misagenem

313 1578 572 1627 Numidasque
597 1580 636 1614 in
660 1578 821 1614 hiberna
838 1579 876 1614 in
897 1577 1078 1627 proximis
1103 1574 1294 1611 Thessalis
1316 1574 1418 1610 urbi-

312 1643 381 1679 bus
412 1642 625 1678 distribuit:
666 1650 704 1678 et
732 1650 876 1692 partem
907 1641 1091 1676 exercitus
1122 1640 1175 1676 ita
1202 1651 1269 1689 per
1298 1643 1418 1674 totam

312 1697 549 1743 Thessaliam
577 1707 718 1750 divisit,
740 1714 781 1743 ut
809 1713 847 1743 et
874 1705 1033 1742 hiberna
1061 1703 1260 1740 commoda
1288 1714 1418 1738 omnes

313 1770 511 1813 haberent,
533 1777 570 1806 et
598 1770 773 1821 praesidio
803 1769 956 1806 urbibus
986 1773 1122 1804 essent.
1177 1766 1226 1806 Q.
1244 1764 1418 1803 Mucium

313 1834 481 1884 legatum
510 1847 594 1870 cum
621 1834 766 1870 duobus
792 1833 956 1870 millibus
981 1832 1028 1868 ad
1053 1830 1296 1868 obtinendam
1323 1830 1418 1866 Am-

313 1897 480 1934 braciam
507 1898 620 1934 misit.
677 1897 894 1933 Graecarum
915 1895 1124 1931 civitatium
1143 1893 1265 1930 socios
1285 1905 1417 1930 omnes

313 1956 450 2011 praeter
468 1961 630 1997 Achaeos
649 1961 813 1997 dimisit:
836 1972 921 1996 cum
941 1958 1124 1995 exercitus
1144 1963 1250 2007 parte
1268 1956 1417 2007 profec-

316 2034 375 2063 tus
401 2028 440 2062 in
465 2027 647 2063 Achaiam
677 2026 900 2067 Phthiotim,
921 2023 1092 2060 Pteleum
1117 2022 1303 2059 desertum
1328 2021 1419 2070 fuga

317 2091 592 2140 oppidanorum
616 2090 730 2126 diruit
756 2103 779 2127 a
802 2089 1071 2132 fundamentis,
1091 2089 1267 2124 Antroua
1284 2087 1418 2124 volun-

316 2161 394 2190 tate
420 2153 624 2190 colentium
650 2155 802 2204 recepit.
858 2154 919 2190 Ad
943 2153 1135 2193 Larissam
1160 2151 1293 2188 deinde
1313 2163 1420 2188 exer-

315 2218 433 2254 eitum
452 2217 641 2253 admovit:
674 2218 761 2254 urbs
782 2219 928 2255 deserta
946 2225 1026 2254 erat
1039 2234 1049 2263 3
1082 2218 1121 2253 in
1146 2229 1270 2253 arcem
1296 2215 1419 2252 omnis

316 2281 517 2320 multitudo
545 2289 804 2320 concesserat:
836 2295 919 2319 eam
947 2281 1167 2332 obpugnare
1193 2280 1420 2329 adgreditur.

316 2344 435 2384 Primi
453 2346 621 2389 omnium
639 2345 883 2391 Macedones,
904 2347 1049 2395 regium
1068 2344 1296 2396 praesidium,
1316 2350 1420 2381 metu
