1546 2648
268 143 357 188 559
710 142 958 172 ΕΡῙΤοΜε.

268 233 394 280 ampla
424 232 547 274 classe,
579 230 772 280 infeliciter
806 234 930 270 navali
956 234 1085 282 proelio
1117 238 1381 282 pugnaverunt.

269 296 505 332 Hasdrubalis
523 307 659 344 quoque
677 298 776 333 ducis
803 309 925 335 eorum
949 303 1081 341 castra,
1111 299 1160 334 ad
1184 297 1380 346 Nepherim

267 361 441 408 oppidum
468 360 544 396 loco
561 361 703 409 difficili
726 363 812 405 sita,
832 375 913 399 cum
941 365 1098 399 exercitu
1119 363 1237 399 deleta
1253 365 1337 397 sunt
1355 372 1380 396 a

267 423 435 471 Scipione
445 440 458 467 ,-
486 425 548 472 qui
573 425 716 460 tandem
746 425 866 462 urbem
894 428 1112 475 expugnavit
1141 427 1380 474 septingente-

264 487 353 522 simo
373 498 480 529 anno,
501 498 609 534 quam
632 491 712 522 erat
737 488 884 524 condita
899 504 911 524 :
938 489 1132 536 spoliorum
1156 485 1272 533 major
1292 497 1380 535 pars

265 549 412 593 Siculis,
449 550 574 599 quibus
605 551 729 586 ablata
760 556 877 595 erant,
906 553 1060 589 reddita.
1123 552 1259 588 Ultimo
1283 551 1381 587 urbis

264 616 415 657 excid-io,
434 627 541 663 quum
565 627 602 651 se
620 615 831 651 Hasdrubal
856 615 1020 664 Scipioni
1051 617 1259 658 dedidisset,
1288 627 1379 652 uxor

262 679 350 727 ejus,
368 694 445 730 quae
468 683 594 730 paucis
611 686 695 718 ante
718 682 837 717 diebus
865 682 910 718 de
939 683 1072 718 marito
1103 683 1286 730 inpetrare
1310 682 1380 717 non

259 750 443 792 potuerat,
466 750 504 781 ut
525 746 576 780 ad
598 746 766 781 victorem
799 744 1079 794 transfugerent,
1106 746 1144 781 in
1171 745 1327 781 medium
1345 756 1382 781 se

249 807 452 858 flagrantis
470 809 566 844 urbis
584 809 800 851 incendium,
821 808 955 845 duobus
983 821 1062 845 cum
1082 809 1212 851 liberis,
1232 819 1274 844 ex
1299 819 1382 845 arce

261 875 516 923 praecipitavit.
573 874 696 923 Scipio
715 875 876 923 exemplo
901 876 1019 923 patris
1035 876 1092 912 sui
1108 877 1289 912 naturalis
1305 875 1380 912 AE·

261 939 356 974 milii
384 939 523 981 Paulli,
556 940 619 987 qui
659 939 913 975 Macedoniam
950 941 1098 982 vicerat,
1136 941 1237 976 lucios
1266 940 1378 989 fecit,

263 1001 541 1052 transfugasque
575 1015 619 1038 ac
649 1002 834 1051 fligi-lives
865 1004 982 1040 bestiis
1016 1003 1152 1050 objecit.
1209 1005 1304 1041 Bell-i
1325 1005 1378 1040 A-

262 1067 378 1103 chaici
395 1068 531 1102 semina
554 1065 760 1114 referuntur
779 1067 875 1104 haec:
904 1069 996 1115 quod
1023 1069 1133 1115 legati
1157 1069 1284 1116 populi
1303 1068 1378 1104 Ro-

262 1131 361 1166 man-i
385 1131 429 1166 ab
447 1131 615 1167 Achaicis
639 1132 779 1179 pulsati
807 1133 880 1167 sint
914 1131 1088 1175 Corinthi,
1115 1134 1224 1174 missi,
1255 1136 1297 1168 ut
1317 1144 1377 1168 eas

262 1196 436 1238 civitates,
464 1207 541 1243 quae
557 1195 620 1231 sul>
640 1197 774 1232 ditione
792 1196 959 1245 Philippi
973 1196 1142 1247 fuerant,
1163 1197 1208 1234 ab
1221 1196 1380 1234 Achaico

263 1260 412 1303 concilio
430 1264 662 1296 secernerent.

769 1355 861 1393 Lu,

267 1427 400 1480 CUM
421 1444 573 1487 Avhaeis,
603 1445 664 1492 qui
693 1444 730 1479 in
755 1444 891 1480 auxilio
909 1444 1051 1480 Boeotos
1074 1448 1109 1479 et
1130 1443 1377 1481 Chalcidenses

261 1510 446 1552 habebant,
477 1509 520 1550 Q.
544 1508 707 1544 Coecilius
730 1509 899 1545 Metellus
924 1510 973 1544 ad
1002 1508 1257 1556 Thermopylas
1283 1508 1376 1545 bello

264 1573 449 1622 conflixit.-
479 1572 604 1620 quibus
635 1573 750 1615 victis,
781 1573 853 1608 dux
885 1584 1005 1608 eorum
1034 1572 1213 1608 Critolaus
1246 1584 1376 1608 veneno

256 1638 322 1674 sibi
342 1642 488 1673 mortem
509 1638 702 1673 conscivit:
730 1638 765 1673 in
794 1635 892 1682 cujus
917 1636 1034 1672 locum
1058 1636 1200 1679 Diaeus,
1219 1636 1373 1673 Achaici

257 1705 374 1737 motus
398 1702 538 1748 primus
556 1705 694 1742 auctor,
720 1700 764 1736 ab
782 1700 922 1736 Achaeis
942 1701 1014 1736 dux
1033 1704 1186 1742 creatus,
1207 1701 1255 1736 ad
1272 1688 1371 1736 vIsth-

260 1776 342 1799 mon
359 1777 381 1799 α
401 1765 441 1800 L.
456 1764 633 1800 Mummio
649 1765 789 1799 consule
807 1766 920 1799 victus
937 1768 1009 1799 est:
1029 1764 1103 1811 qui,
1121 1765 1218 1799 omni
1231 1763 1373 1799 Achaia

261 1830 298 1864 in
330 1830 545 1864 deditionem
576 1832 736 1875 accepta,
774 1827 966 1863 Corinthon
999 1839 1041 1862 ex
1071 1829 1373 1864 senatusconsulto

260 1893 386 1934 diruit,
408 1894 492 1940 quia
523 1891 569 1927 ibi
598 1893 710 1938 legati
731 1891 886 1927 Romani
914 1892 1042 1926 violati
1073 1896 1186 1927 erant.
1249 1892 1373 1928 leebae

260 1967 398 2003 quoque
423 1961 456 1990 et
474 1955 628 1997 Chalcis,
649 1967 725 2003 quae
752 1955 887 1992 auxilio
904 1953 1073 2002 fuerant,
1093 1955 1233 1990 dirutoe.
1292 1955 1372 2003 Ipse

262 2020 306 2056 L.
325 2020 523 2056 Mummius
552 2019 884 2054 abstinentissimum
915 2020 1028 2054 virum
1060 2019 1157 2065 egit‚·
1186 2030 1249 2054 nec
1267 2020 1370 2067 quid-

260 2096 367 2131 quam
393 2096 434 2119 ea:
454 2085 495 2119 iis
521 2085 642 2131 opibus
669 2085 968 2130 ornamentisque,
998 2094 1075 2130 quae
1098 2083 1271 2131 praedives
1300 2083 1368 2119 Co·

258 2148 396 2182 rinthos
421 2147 557 2188 habuit,
586 2149 622 2183 in
653 2149 797 2183 domum
818 2145 892 2192 ‹gjus
915 2148 1087 2195 pervenit.
1146 2147 1190 2187 Q.
1212 2147 1373 2184 Caecilius

262 2210 429 2246 Metellus
447 2211 492 2246 de
505 2211 681 2246 Andrisco
703 2210 937 2257 triumphavit
946 2226 959 2254 ς
983 2211 1028 2246 Ρ.
1047 2210 1232 2247 Cornelius
1249 2211 1372 2260 Scipio

258 2274 456 2324 Africanus
472 2274 698 2312 AEmiliunus
718 2274 761 2310 de
776 2273 1006 2322 Karthagine
1024 2278 1059 2310 et
1077 2274 1120 2311 de
1133 2274 1372 2312 Hasdrubale.

1476 0 1499 153 ξ

1477 157 1521 1201 ξ
