1546 2648
141 285 288 318 U.c.⁵s

141 329 168 359 A
193 328 231 359 C.
250 334 286 364 17

143 1567 276 1601 Pellitur

142 1612 286 1645 Perseus.

293 294 323 318 1.

294 337 322 360 2.

332 196 418 242 392
488 175 491 181 ’
779 199 822 226 Τ.
847 198 980 228 mvn

335 288 382 324 ad
410 287 592 324 libramen
622 289 746 338 pinnae
776 296 866 331 tres,
892 289 995 325 velut
1023 288 1171 337 sagittis
1201 286 1338 331 solent,
1368 289 1439 326 cir-

334 351 630 388 cumdabantur:
663 351 780 388 funda
798 353 919 388 media
938 353 1011 388 duo
1031 352 1176 389 funalia
1201 352 1346 403 inparia
1370 353 1439 389 ha-

332 413 472 451 bebat:
505 427 590 452 cum
615 414 751 465 majori
777 415 860 451 sinu
890 415 1065 452 libratum
1094 414 1265 452 funditor
1293 415 1442 452 habena

332 484 490 522 rotaret,
525 491 738 521 excussum,
777 479 878 516 velut
908 480 1031 529 glans,
1055 479 1255 516 emicabat.
1311 476 1440 518 Quum

329 548 372 578 et
390 541 478 585 hoc,
500 548 538 578 et
564 543 639 578 alio
659 544 762 579 omni
783 554 920 591 genere
939 543 1118 586 telorum,
1138 556 1223 593 pars
1244 541 1441 579 vulnerata
1462 550 1466 553 ’

334 605 496 642 militum
516 613 627 649 esset,
650 619 719 642 nec
739 602 850 642 facile
865 605 948 655 jam
969 618 1072 642 arma
1089 603 1180 642 fessi
1199 605 1441 648 sustinerent,

333 668 475 704 instare
502 681 581 710 rex,
604 674 643 703 ut
669 668 848 703 dederent
874 680 928 711 se,
948 667 1058 704 fidem
1083 668 1185 711 dare,
1206 668 1360 718 praemia
1384 669 1443 708 in-

328 732 482 768 terdum
499 731 668 781 polliceri
685 746 692 767 :
715 743 785 767 nec
805 730 1026 781 cujusquam
1045 731 1090 768 ad
1111 731 1341 768 deditionem
1356 730 1444 768 flec-

334 794 487 831 tebatur
512 796 659 831 animus
673 811 685 841 3
717 808 832 845 quum
853 808 897 831 ex
917 796 1111 846 insperato
1133 794 1217 845 jam
1241 794 1443 837 obstinatis

332 859 431 895 mori
452 871 535 910 spes
556 858 723 895 adfulsit.
780 858 882 895 Nam
901 872 1016 909 quum
1036 872 1081 895 ex
1103 857 1442 896 frumentatoribus

333 923 565 971 refugientes
595 923 747 973 quidam
781 924 820 960 in
853 930 976 960 castra
1007 923 1251 960 nunciassent
1280 922 1442 966 consuli,

334 987 589 1023 circumsideri
614 987 852 1038 pi'aesidium3
884 994 1010 1023 motus
1034 986 1204 1038 periculo
1222 979 1282 1024 tot
1306 987 1445 1024 civium

336 1051 447 1099 (nam
461 1051 673 1099 octingenti
692 1051 824 1094 ferme,
841 1058 877 1087 et
891 1063 1021 1087 omnes
1034 1050 1202 1088 Romani
1214 1050 1338 1097 erant)
1357 1062 1443 1087 cum

332 1116 506 1166 equitatu
534 1130 578 1154 ac
606 1117 680 1153 levi
707 1123 899 1154 armatura
929 1120 1184 1164 (accesserant
1212 1125 1312 1150 nova
1336 1114 1444 1150 auxi-

334 1179 401 1224 lia,
419 1179 597 1218 Numidae
618 1181 761 1231 pedites
783 1181 1001 1230 equitesque
1021 1187 1059 1215 et
1081 1177 1289 1229 elephanti)
1312 1176 1443 1213 castris

335 1245 526 1293 egreditur
542 1261 549 1281 :
579 1252 617 1281 ct
635 1245 798 1282 tribunis
817 1244 981 1280 miiitum
999 1243 1173 1294 imperat,
1191 1248 1232 1278 ut
1248 1240 1443 1290 legionum

336 1308 446 1357 signa
464 1316 680 1358 sequantur.
727 1308 829 1359 Ipse,
847 1307 1022 1345 velitibus
1041 1307 1086 1343 ad
1105 1305 1287 1343 firmanda
1304 1304 1443 1342 levium

338 1385 529 1411 armorum
561 1373 702 1410 auxilia
733 1372 906 1424 adjectis,
940 1364 987 1427 ad
1020 1370 1206 1408 tumulum
1237 1369 1441 1421 praecedit:

324 1435 504 1473 consulis
534 1435 653 1473 latera
681 1442 816 1486 tegunt
842 1435 1047 1479 Eumenes,
1069 1433 1297 1478 Attalus,⁷et
1323 1431 1446 1471 Misa-

327 1511 468 1548 geneS,
488 1499 638 1549 regulus
657 1499 922 1537 Numidarum.

389 1563 538 1602 LXVI.
568 1565 696 1604 Quum
715 1565 754 1602 in
779 1569 985 1615 conspeetu
1010 1563 1131 1614 prima
1155 1561 1265 1611 signa
1291 1572 1445 1597 suorum

338 1628 592 1665 circumsessis
628 1627 796 1671 fuerunt,
825 1627 1011 1664 Romanis
1044 1626 1194 1676 quidem
1230 1624 1277 1662 ab
1314 1623 1448 1660 ultima

338 1692 605 1743 desperatione
624 1698 812 1728 recreatus
831 1698 889 1728 est
908 1692 1074 1727 animus:
1095 1690 1269 1732 Perseus,
1290 1688 1349 1725 cui
1369 1688 1448 1738 pri·

332 1768 442 1793 >mum
474 1757 645 1792 omnium
676 1755 814 1799 fuerat,
848 1761 904 1797 ut,
934 1760 1136 1791 contentus
1168 1752 1330 1789 fortuito
1363 1763 1447 1787 suc-

339 1833 460 1863 cessu,
499 1820 618 1870 captis
655 1819 801 1869 aliquot
847 1817 1184 1856 frumentatoribus
1221 1814 1444 1864 occisisque,

337 1896 417 1920 non
432 1889 570 1920 tereret
586 1889 732 1932 tempus
750 1883 787 1918 in
805 1882 1003 1919 obsidione
1018 1880 1201 1931 praesidii,
1224 1879 1444 1921 secundum,

340 1959 385 1983 ea
410 1959 560 1995 quoque
586 1952 733 1982 tentata
758 1952 973 1994 utcumque,
995 1957 1109 1993 quum
1136 1943 1248 1979 sciret
1269 1942 1364 1978 nihil
1383 1955 1446 1978 ro-

339 2011 442 2048 boris
463 2023 589 2046 secum
609 2022 703 2052 esse,
725 2010 813 2045 dum
831 2008 962 2045 liceret
982 2008 1140 2050 intacto,
1161 2004 1288 2051 abire,
1314 2006 1446 2055 etipse

339 2075 508 2111 hostium
535 2074 749 2116 adventum,
777 2073 896 2109 elatus
927 2084 1114 2114 successu,
1135 2070 1287 2113 mansit,
1311 2076 1363 2112 et,
1383 2070 1447 2118 qui

340 2137 569 2188 phalangem
585 2143 828 2180 arcesserent,
846 2149 1003 2186 propere
1020 2136 1140 2172 misit:
1163 2147 1237 2184 qua
1256 2140 1293 2170 et
1313 2133 1445 2176 serius,

340 2213 455 2250 quam
483 2214 540 2237 res
570 2201 801 2252 postulabat,
822 2207 860 2237 et
885 2200 1022 2250 raptim
1048 2205 1146 2240 acta,
1168 2197 1309 2234 turbati
1336 2209 1447 2233 cursu

342 2265 518 2302 adversus
547 2265 751 2301 instructos
781 2271 819 2301 et
847 2269 1075 2314 praeparatos
1106 2268 1221 2302 erant,
1239 2260 1446 2297 adventuri.

343 2328 488 2367 Consul
523 2330 764 2367 anteveniens
806 2327 995 2378 extemplo
1033 2325 1208 2377 proelium
1245 2323 1447 2361 conseruit.
