1546 2648
299 139 455 169 LIBER
477 135 582 166 xm.
614 134 720 164 CAP.
745 133 935 164 xxvnl.
1095 130 1178 173 319

72 227 127 264 tio
156 227 229 265 fuit
257 228 307 266 ob
336 213 394 265 res
420 239 600 278 prospere
630 231 753 275 gestas
780 225 818 260 in
846 221 1034 273 Hispania
1063 220 1178 257 ductu
1191 225 1233 257 U.
1249 224 1286 256 C.
1303 230 1379 261 ⁵78.

72 294 316 343 auspicioque
335 294 407 343 Ap.
425 291 575 328 Claudii
602 288 840 340 proconsulis
863 302 870 323 :
904 293 941 323 et
970 284 1177 335 majoribus
1189 269 1229 302 Α·
1247 268 1284 301 C·
1302 274 1375 305 ¹⁷⁴⁸

71 355 204 392 hostiis
234 357 370 405 viginti
400 355 651 392 sacrificatum
668 368 676 390 ε
709 359 748 389 et
779 351 938 388 alterum
964 350 1062 386 diem
1090 361 1178 399 sup·

67 417 225 467 plicatio
245 419 292 456 ad
312 419 474 462 Cereris,
493 417 640 460 Liberi,
659 415 885 464 Liberaeque
902 412 990 456 fuit,
1011 412 1113 461 quod
1131 424 1179 448 ex

68 481 218 518 Sabinis
238 489 346 519 terrae
373 489 498 518 motus
528 482 662 531 ingens
681 492 767 517 cum
787 477 914 515 multis
935 475 1179 513 aedificiorum

65 545 183 580 ruinis
202 546 403 582 nunciatus
424 551 516 582 erat.
572 544 703 584 Quum
720 543 795 593 Ap.
816 540 996 577 Claudius
1016 552 1064 576 ex
1082 538 1177 575 His-

64 608 180 657 pania
206 608 371 646 Romam
400 609 572 652 redisset,
602 606 771 644 decrevit
798 611 966 648 senatus,
986 609 1028 640 ut
1057 613 1175 639 ovans

64 669 198 707 urbem
216 672 343 710 iniret.
398 672 486 708 Jam
506 670 722 708 consularia
741 669 898 706 comitia
915 666 1172 717 adpetebant5

64 734 215 783 quibus,
235 749 376 786 magna
401 736 650 773 contentione
668 734 810 770 habitis
828 738 984 784 propter
1001 730 1177 768 multitu-

63 797 189 834 dinem
218 801 444 849 petentium,
476 799 594 835 creati
622 798 669 836 L.
689 797 909 834 Postumius
939 794 1103 832 Albinus
1137 800 1176 831 et

59 860 118 898 ΞΜ.
133 861 318 912 Popillius
337 863 489 901 Laenas.
526 863 717 899 Praetores
736 861 824 898 inde
841 860 948 904 facti,
964 859 1016 896 N.
1031 859 1064 896 F
1065 858 1178 896 abins>

59 926 200 971 Buteo,
219 926 276 967 M.
295 927 506 972 Matienus,
535 929 579 966 C,
601 927 807 972 Cicereius,
826 925 885 963 M.
904 925 1038 962 Furius
1060 925 1174 962 Cras-

59 991 159 1041 sipes
174 993 326 1038 iterum,
346 995 394 1032 A.
415 993 555 1031 Atilius
577 992 758 1030 Serranus
778 992 930 1035 iterum,
951 990 995 1027 C.
1017 988 1173 1026 Cluvius

62 1055 202 1093 Saxula
238 1058 386 1095 iterum.
458 1057 633 1093 Comitiis
670 1054 863 1107 perfectiS,
896 1055 971 1104 Ap.
990 1052 1172 1090 Claudius

61 1119 226 1164 Centho,
248 1134 295 1158 ex
324 1121 523 1158 Celtiberis
554 1133 671 1158 ovans
701 1132 816 1170 quum
835 1119 875 1155 in
890 1118 1022 1154 urbem
1041 1118 1170 1161 iniret,

59 1184 188 1221 decem
216 1185 335 1222 millia
362 1187 491 1237 pondo
514 1186 677 1235 argenti,
697 1185 863 1234 quinque
891 1182 1010 1220 millia
1029 1183 1110 1219 auri
1129 1183 1172 1220 in

57 1248 230 1285 aerarium
250 1249 349 1286 tulit.
405 1249 562 1286 Flamen
590 1248 714 1286 Dialis
734 1248 980 1296 inauguratus
1011 1252 1068 1283 est
1097 1246 1169 1285 Cn.

56 1312 269 1351 Cornelius,
325 1314 474 1350 Eodem
507 1326 608 1350 anno
640 1313 773 1350 tabula
809 1313 849 1348 in
880 1312 996 1348 aedem
1028 1309 1168 1348 Matris

53 1376 216 1414 Matutae
246 1390 332 1414 cum
360 1378 485 1415 indice
512 1378 588 1414 hoc
615 1377 742 1429 posita
767 1383 850 1413 est:
888 1377 943 1413 Ti.
964 1376 1169 1424 Sempronii

60 1441 214 1478 Gracchi
233 1443 384 1478 consulis
402 1443 553 1490 imperio
571 1442 799 1490 auspicioque
819 1441 910 1488 legio
929 1441 1167 1489 exercitusque

51 1508 180 1554 populi
195 1507 352 1543 Romani
372 1507 579 1543 Sardiniam
596 1507 754 1555 subegit:
771 1507 808 1541 in
824 1518 866 1542 ea
879 1506 1068 1554 provincia
1083 1505 1165 1541 hos-

56 1571 144 1605 tium
166 1583 253 1607 caesa
282 1576 346 1607 aut
364 1576 471 1619 capta
494 1583 603 1619 supra
631 1572 813 1619 octoginta
831 1571 960 1606 millia.
1018 1569 1163 1617 Repub-

56 1634 125 1670 lica
142 1633 355 1683 felicissime
373 1639 487 1683 gesta,
509 1639 616 1683 atque
635 1635 794 1671 liberatis
811 1634 1042 1682 vectigalibus
1061 1633 1085 1655 'l'
1104 1645 1164 1669 re-
1200 1657 1206 1662 »

51 1701 197 1743 stitutis,
211 1702 402 1736 exercitum
415 1702 555 1736 salvum
571 1705 679 1749 atque
696 1701 908 1737 incolumem
920 1700 1164 1747 plenissimum

47 1765 176 1812 praeda
194 1765 337 1801 domum
356 1766 578 1813 reportavit:
597 1766 725 1800 iterum
743 1763 967 1811 triumphans
986 1765 1023 1799 in
1042 1763 1163 1799 urbem

51 1828 206 1864 Romam
233 1829 354 1865 rediit.
413 1827 520 1875 Cujus
547 1830 600 1864 rei
627 1840 710 1877 ergo
738 1828 830 1864 hanc
849 1828 1008 1864 tabulam
1029 1829 1162 1865 donum

48 1892 134 1929 Jovi
162 1894 273 1929 dedit.
330 1893 511 1929 Sardiniae
540 1893 672 1929 insulae
700 1893 825 1930 forma
852 1900 947 1935 erat,
977 1899 1090 1941 atque
1118 1893 1159 1929 in

49 1968 94 1992 ea
108 1956 306 1992 simulacra
324 1969 537 2006 pugnarum
552 1958 666 2007 picta.
722 1957 886 1993 Munera
904 1955 1158 2005 gladiatorum

49 2032 94 2055 eo
124 2033 224 2057 anno
244 2020 390 2070 aliquot
418 2034 534 2072 parva
552 2021 627 2058 alia
646 2021 753 2067 data3
787 2033 904 2057 unum
924 2028 1011 2057 ante
1031 2027 1157 2058 cetera

48 2083 196 2130 insigne
214 2084 287 2120 fuit
304 2085 350 2122 T.
370 2085 589 2129 Flaminini,
611 2086 713 2134 quod
731 2086 864 2122 mortis
885 2098 1017 2122 caussa
1035 2086 1153 2136 patris

48 2147 119 2188 sui,
137 2159 222 2182 cum
241 2148 488 2184 visceratione
505 2148 691 2199 epuloque
708 2155 745 2185 et
759 2148 855 2185 ludis
872 2150 1044 2192 scenicis,
1061 2163 1154 2199 qua-

46 2210 212 2246 triduum
245 2210 368 2247 dedit:
400 2213 529 2261 magni
565 2219 692 2250 tamen
731 2214 894 2250 muneris
932 2227 976 2250 ca
1009 2227 1155 2251 summa

46 2274 132 2316 fuit,
154 2282 195 2309 ut
214 2287 280 2324 per
299 2275 463 2312 triduum
483 2285 645 2325 quatuor
664 2285 702 2314 et
722 2279 963 2328 septuaginta
981 2279 1152 2315 homines

47 2338 265 2387 pugnarint.
300 2340 324 2361 'A'
383 2341 407 2363 ÷÷
467 2341 491 2364 θ’·-
551 2342 574 2364 ἦ
