1546 2648
329 152 415 208 508
770 168 815 197 τ.
846 169 979 199 mvn

134 243 226 322 XI&
242 251 533 325 ῗὲζ·ὶςποηιὶηὶω
557 267 709 305 pensum
739 261 804 301 est,
838 257 913 296 haee
940 264 1034 296 certe
1061 264 1136 298 tam
1165 262 1374 300 miserabilis
1398 276 1442 301 ac

325 320 475 368 supplem
493 320 625 367 legatio
652 322 760 357 etiam
778 323 1030 366 insolentioris,
1050 336 1159 372 quam
1188 326 1254 361 illa
1271 325 1368 375 fuit,
1389 328 1441 364 le·

323 385 492 432 gationis.
512 386 612 421 satist
631 397 803 434 magnum
829 388 1018 435 piaculum
1049 394 1147 426 esset.
1213 390 1439 439 Superbiam,

325 449 511 486 verborum
534 452 749 498 proesertim,
778 451 944 488 iracundi
977 454 1141 497 oderunt,
1171 456 1367 502 prudentes
1384 456 1440 492 ia-

325 515 445 550 rident
458 531 471 558 ;
499 516 624 563 utique
650 516 680 551 si
709 514 890 564 inferioris
921 518 1090 554 adversus
1119 521 1336 567 superiorem
1363 524 1442 556 est.-

327 579 479 626 capitali
503 590 608 627 poena
634 590 736 614 nemo
769 591 938 627 umquam
971 582 1119 628 dignam
1145 580 1338 627 judicavit.
1396 583 1441 620 Id

325 643 501 678 enimvero
516 643 717 690 periculum
738 647 831 685 erat,
858 654 902 678 ne
920 642 1102 680 Romanos
1120 644 1258 681 Rhodii
1283 651 1440 682 contem-

324 710 460 742 nerent.
521 707 648 742 Etiam
684 707 786 742 Deos
817 707 932 754 aliqui
966 707 1078 743 verbis
1111 707 1352 757 ferocioribus
1382 711 1440 746 in-

323 774 486 818 crepant,
521 781 584 806 nec
619 769 662 806 ob
690 771 730 806 id
760 781 974 818 quemquam
999 770 1164 819 fulmine
1195 773 1305 809 ictum
1331 774 1439 810 audi-

266 843 269 846 *
323 846 414 871 mus.

381 898 535 936 XXIV.
567 898 664 941 Quid
682 899 793 946 igitur
809 903 968 947 superat,
990 900 1083 947 quod
1099 911 1305 948 purgemus,
1325 902 1359 937 si
1375 913 1440 938 nec

314 965 462 1014 factum
483 965 610 1001 hostile
627 965 745 1000 ullum
767 967 928 999 nostrum
952 967 1017 1005 est,
1051 968 1086 1000 et
1109 965 1212 1000 verba
1242 967 1440 1002 tumidiora

324 1031 436 1077 legati
471 1028 711 1078 obfensionem
743 1029 899 1070 aurium,
937 1039 1008 1063 non
1040 1030 1235 1075 perniciem
1268 1031 1436 1073 civitatis,

323 1094 566 1131 meruerunt?
598 1092 802 1128 Voluntatis
828 1095 956 1126 nostrae
976 1092 1096 1127 tacitae
1111 1093 1210 1128 velut
1228 1093 1325 1129 litem
1345 1095 1440 1130 cesti-

325 1160 420 1194 mari
449 1158 574 1194 vestris
603 1158 696 1192 inter
721 1168 781 1192 vos
803 1156 1020 1191 sermonibus
1049 1157 1172 1200 audio,
1194 1157 1326 1193 Patres
1353 1169 1440 1194 con-

326 1223 476 1273 scripti:
494 1221 635 1270 favisse
666 1232 730 1256 nos
756 1221 848 1267 regi,
881 1224 917 1255 et
942 1220 1046 1256 illum
1078 1221 1218 1256 vincere
1247 1222 1415 1258 maluisse
1425 1238 1438 1265 ,-

325 1288 405 1323 ideo
424 1286 513 1322 bello
531 1286 787 1334 persequendos
805 1295 875 1320 esse
893 1285 1054 1320 credunt.
1101 1285 1178 1320 Alii
1190 1284 1357 1328 vestram,
1377 1297 1443 1322 vo—

326 1352 429 1387 luisse
455 1351 599 1398 quidem
623 1361 687 1386 nos
715 1349 794 1391 hoc,
824 1353 1038 1384 nontamen
1067 1348 1109 1384 ob
1138 1350 1177 1385 id
1200 1349 1292 1386 bello
1318 1361 1441 1398 perse->

325 1416 477 1464 quendos
495 1426 566 1450 esse
580 1429 593 1450 .·
622 1424 735 1461 neque
752 1411 921 1453 moribus,
950 1423 1063 1459 neque
1091 1412 1224 1460 legibus
1251 1413 1361 1449 ullius
1388 1415 1439 1450 ci·-

325 1480 447 1515 vitatis
465 1479 518 1514 ita
537 1482 785 1526 comparatum
803 1489 887 1520 esse,
907 1482 960 1520 ut,
980 1479 1011 1513 si
1033 1478 1111 1526 quis
1133 1479 1240 1514 vellet
1258 1479 1441 1516 inimicum

319 1544 452 1591 perire,
472 1544 504 1578 si
520 1541 612 1578 nihil
628 1540 776 1590 fecerit,
808 1553 877 1589 quo
907 1542 946 1576 id
960 1542 1050 1590 fiat,
1082 1542 1212 1589 capitis
1236 1543 1439 1580 damnetur.

325 1606 408 1649 His,
442 1607 503 1654 qui
534 1617 597 1642 nos
623 1616 742 1653 poena,
778 1616 847 1640 non
882 1605 1043 1647 crimine,
1083 1598 1248 1648 liberant,
1278 1607 1442 1653 gratiam

327 1670 470 1719 quidem
499 1669 688 1705 habemus:
718 1669 785 1716 ipsi
816 1667 915 1704 nobis
940 1667 1032 1704 hanc
1063 1668 1214 1704 dicimus
1243 1669 1356 1717 legem
1368 1686 1380 1713 ‚·
1408 1671 1442 1706 si

326 1746 446 1770 omnes
469 1734 658 1775 voluimus,
679 1732 774 1780 quod
791 1733 992 1780 arguimur,
1013 1744 1086 1768 non
1103 1733 1354 1780 distinguimus
1376 1746 1442 1769 vo-

328 1799 504 1834 luntatem
535 1810 556 1832 a
574 1796 711 1845 facto:
751 1807 870 1831 omnes
896 1795 1110 1842 plectamur.
1165 1795 1210 1831 Si
1240 1796 1309 1832 alii
1332 1798 1437 1844 prin-

327 1865 445 1911 cipum
464 1866 664 1897 nostrorum
682 1860 789 1902 vobis,
803 1861 870 1895 alii
887 1861 963 1907 regi
971 1858 1150 1907 faverunt
1165 1875 1177 1902 ,·
1194 1871 1264 1896 non
1280 1862 1437 1908 postulo,

327 1932 368 1963 ut
391 1931 542 1975 propter
560 1937 636 1968 nos,
667 1926 728 1973 qui
750 1926 913 1973 partium
943 1929 1143 1960 vestrarum
1158 1923 1316 1972 fuimus,
1345 1928 1440 1973 regis

316 1991 488 2040 fautores
505 1991 597 2027 salvi
614 1992 686 2026 sint
701 2007 713 2026 .·
733 1991 827 2026 illud
845 1989 1028 2037 deprecor,
1048 2001 1093 2025 ne
1111 2001 1175 2025 nos
1189 1994 1339 2037 propter
1357 1990 1443 2026 illos

324 2068 523 2104 pereamus.
579 2055 663 2091 Non
682 2055 764 2090 estis
782 2066 842 2090 vos
862 2055 934 2090 illis
952 2053 1165 2102 infestiores,
1189 2066 1296 2101 quam
1315 2055 1440 2090 civitas

329 2121 428 2167 ipsa5
458 2124 493 2154 et
512 2118 577 2154 hoc
601 2119 665 2166 qui
693 2118 860 2161 sciebant,
889 2118 1052 2166 plerique
1075 2128 1198 2153 eorum
1217 2121 1282 2152 aut
1307 2116 1437 2166 profic·

323 2187 467 2232 gerunt,
489 2187 553 2218 aut
582 2186 729 2218 mortem
748 2182 814 2218 sibi
832 2183 1102 2218 consciverunt:
1129 2182 1209 2224 alii,
1231 2181 1399 2230 damnati
1413 2194 1439 2218 α

324 2248 433 2291 nobis,
471 2248 509 2283 in
545 2251 724 2295 potestate
758 2250 876 2283 vestra
911 2251 1028 2288 erunt,
1068 2246 1200 2282 Patres
1234 2247 1434 2293 conscripti.

327 2312 445 2349 Ceteri
463 2312 613 2357 Rhodii,
638 2314 729 2349 sicut
753 2314 914 2361 gratiam
946 2312 1087 2348 ‘nullam
1113 2312 1235 2348 meriti
1251 2311 1316 2348 hoc
1332 2311 1435 2353 bello,
