1546 2648
316 116 398 159 234
448 159 452 165 ⁸
808 114 852 144 T.
883 114 1016 144 mvn

120 194 164 268 X·
175 195 216 270 g·
229 200 302 271 ξζὲ·
301 206 447 255 fiducia
467 206 500 240 in
520 216 617 253 spem
634 206 735 252 regni
753 217 808 241 me
825 206 955 242 venisse
970 207 991 242 .9
1017 217 1103 242 nam
1120 207 1151 242 si
1175 209 1210 243 et
1228 208 1266 243 in
1284 205 1420 244 Roma-

204 262 212 270 ’
291 260 370 305 'nis
399 273 539 304 tantum
567 271 736 305 momenti
762 282 835 305 esse
853 270 1051 312 credebam,
1079 274 1132 313 ut,
1154 282 1257 318 quem
1274 272 1419 314 vellent,

313 334 524 380 inponerent
542 332 764 368 Macedonia?
780 344 912 380 regem,
933 337 967 369 et
984 345 1070 369 meae
1090 337 1229 369 tantum
1248 335 1348 382 apud
1365 347 1423 370 eos

308 397 439 442 gratiae
467 395 695 445 confidebam,
717 397 802 445 quid
821 408 908 444 opus
933 396 1128 447 parricidio
1138 386 1141 389 μ
1145 395 1261 445 fuit?
1288 398 1362 441 An,
1381 400 1423 433 ut

311 463 497 495 cruentum
505 458 681 508 fraterna
698 460 792 496 caede
811 460 978 496 diadema
994 471 1151 515 gererem
1166 462 1188 495 ?
1215 465 1256 496 ut
1273 461 1347 497 illis
1365 462 1422 508 ip-

312 525 372 567 siS,
393 525 492 572 apud
520 534 604 572 quos
631 529 696 560 aut
722 536 820 566 vera,
837 528 902 560 aut
929 528 1023 560 certe
1040 525 1226 567 simulata,
1244 525 1425 573 probitate

308 591 458 636 partam
483 589 645 635 gratiam
675 587 796 630 habeo,
815 588 848 623 si
866 599 973 635 quam
990 586 1095 635 forte
1123 587 1424 630 habe0‚‘eaesecra-

314 651 394 687 bilis
418 656 454 687 et
482 653 612 687 invisus
630 663 738 696 essem
752 653 772 687 ,9
799 652 869 687 nisi
884 652 933 687 T.
956 651 1162 691 Quinctium
1181 652 1307 694 credis,
1328 650 1426 698 cujus

313 715 448 750 virtute
476 719 511 750 et
539 715 695 750 consiliis
721 726 778 750 me
804 726 899 750 nunc
927 715 1050 761 arguis
1066 715 1155 761 regi,
1176 727 1284 762 quum
1302 716 1429 763 etipse

314 779 384 813 tali
416 779 555 825 pietate
582 780 682 814 vivat
709 790 793 823 ‚cum
819 776 961 826 fratre,
996 777 1086 813 mihi
1107 776 1289 825 fraternoe
1325 780 1428 815 caedis

303 838 425 889 fuisse
452 846 645 877 auctorem.
703 841 802 877 Idem
831 853 903 877 non
932 840 1180 876 Romanorum
1207 842 1321 877 solum
1336 832 1425 889 gra-

315 905 420 949 tiam,
439 906 502 941 sed
529 906 771 942 Macedonum
789 904 944 951 judicia,
963 918 1006 941 ac
1029 917 1121 953 pene
1149 907 1305 941 omnium
1323 906 1426 942 Deo-

313 982 396 1021 rum
423 969 672 1018 hominumque
700 980 903 1005 consensum
931 968 1099 1015 conlegit,
1124 980 1192 1016 per
1213 981 1290 1016 quoe
1307 970 1429 1005 omnia

313 1045 351 1069 se
377 1033 466 1070 milii
480 1045 607 1081 parem
636 1035 672 1069 in
701 1034 894 1069 certamine
920 1044 991 1068 non
1010 1031 1184 1083 futurum
1213 1033 1402 1068 crediderit
1415 1048 1427 1068 .-

313 1098 424 1140 idem,
446 1102 630 1145 tamquam
658 1099 696 1132 in
725 1097 807 1132 aliis
835 1096 993 1132 omnibus
1020 1096 1120 1132 rebus
1138 1096 1289 1144 inferior
1307 1108 1426 1145 essem,

315 1161 366 1196 ad
398 1161 539 1196 sceleris
573 1172 670 1208 spem
707 1161 874 1195 ultimam
907 1158 1104 1208 confugisse
1138 1170 1195 1194 me
1230 1159 1426 1196 insimulat.

319 1222 380 1268 Vis
399 1223 492 1260 hanc
503 1223 712 1272 formulam
741 1224 952 1270 cognitionis
979 1234 1062 1265 esse,
1082 1228 1135 1265 ut,
1155 1227 1235 1259 uter
1255 1224 1426 1271 timuerit,

312 1298 359 1323 ne
387 1289 481 1324 alter
507 1289 649 1335 dignior
675 1288 855 1324 videretur
886 1300 1009 1335 regno,
1037 1289 1066 1324 is
1093 1288 1279 1324 consilium
1307 1287 1427 1336 obpri-

313 1352 435 1387 mendi
443 1349 584 1400 fratris
602 1352 730 1399 cepisse
743 1349 927 1396 judicetur
940 1353 963 1386 ?

367 1413 486 1451 XIII.
517 1415 765 1463 Exsequamur
785 1419 903 1450 tamen
921 1425 1140 1463 quocumque
1163 1413 1268 1450 modo
1288 1413 1428 1464 conficti

315 1479 477 1514 ordinem
506 1480 674 1515 criminis.
732 1477 904 1514 Pluribus
930 1478 1044 1522 modis
1070 1488 1107 1513 se
1130 1478 1285 1524 petitum
1304 1478 1426 1513 crimi-

314 1546 423 1578 natus
439 1547 504 1584 est,
525 1548 559 1578 et
578 1554 695 1578 omnes
714 1543 925 1578 insidiarum
945 1543 1021 1577 vias
1048 1542 1086 1576 in
1102 1553 1213 1577 unum
1231 1541 1325 1576 diem
1344 1553 1427 1577 con·

315 1606 411 1641 tulit.
472 1606 579 1642 Volui
609 1606 766 1642 interdiu
803 1618 882 1641 eum
918 1610 998 1653 post
1031 1605 1291 1647 lustrationem,
1319 1616 1428 1652 quum

316 1670 570 1711 concurrimus,
592 1673 627 1704 et
655 1670 810 1717 quidem,
839 1670 870 1704 si
897 1668 985 1704 Diis
1009 1668 1146 1715 placet,
1177 1667 1429 1702 lustrationum

316 1733 375 1768 die
393 1733 574 1768 occidere:
601 1733 712 1774 volui,
733 1744 841 1780 quum
869 1733 919 1767 od
947 1743 1079 1767 coenam
1104 1731 1266 1772 invitavi,
1295 1741 1429 1766 veneno

313 1796 449 1832 scilicet
479 1797 603 1832 tollere
620 1812 631 1832 .·
668 1797 781 1838 volui,
812 1808 920 1844 quum
949 1796 1174 1831 comissatum
1199 1795 1333 1841 gladiis
1360 1795 1427 1830 ad-

316 1861 424 1895 cincti
443 1872 497 1896 me
514 1861 624 1896 secuti
641 1865 736 1902 sunt,
757 1860 865 1909 ferro
884 1861 1090 1908 interficere.
1153 1860 1327 1906 Tempora
1347 1860 1425 1906 qui-

315 1923 398 1958 dem
425 1924 550 1971 qualia
575 1925 648 1959 sint
666 1925 715 1959 ad
739 1924 981 1971 parricidium
1010 1924 1137 1965 electa,
1166 1923 1288 1958 vides:
1318 1923 1425 1965 lusus,

315 1988 481 2029 convivii,
503 1989 769 2023 comissationis.
828 1988 925 2028 Quid
941 1989 962 2023 ,9
990 1987 1063 2022 dies
1088 1987 1238 2034 qualis?
1265 1997 1333 2033 quo
1354 1986 1426 2022 lus-

316 2055 432 2085 tratus
455 2053 639 2094 exercitus,
661 2063 728 2099 quo
749 2052 839 2087 inter
864 2053 1013 2087 divisam.
1038 2052 1234 2092 victimam‚
1261 2051 1426 2097 praelatis

314 2115 488 2156 omnium,
509 2117 570 2162 qui
597 2127 766 2162 umquam
785 2115 906 2163 fuere,
928 2115 1151 2151 Macedonia?
1174 2125 1295 2161 regum
1317 2115 1428 2149 armis

312 2178 431 2224 regiis,
455 2177 524 2213 duo
548 2178 615 2214 soli
644 2183 708 2214 tua
727 2183 881 2226 tegentes
899 2179 1029 2220 latera,
1046 2182 1165 2226 pater,
1183 2177 1348 2227 praevecti
1365 2189 1424 2212 su-

313 2251 404 2284 mm,
439 2246 474 2277 et
500 2246 659 2279 secutum
688 2247 737 2279 est
770 2242 1010 2279 Macedonum
1040 2254 1179 2290 agmen.
1235 2241 1317 2278 Hoc
1346 2252 1423 2288 ego,
