1546 2648
288 170 373 214 492
749 171 795 204 τ.
820 173 955 205 mvn

107 260 149 292 U.
161 260 200 293 C.
218 268 291 294 504.

105 305 148 335 A.
163 304 201 336 C.
219 311 294 337 168.

303 273 415 306 maeo,
443 260 504 299 cui
532 272 692 311 reguum
719 263 836 313 quaeri
862 263 939 300 suis
967 261 1110 300 viribus
1135 261 1353 307 simulabat,
1372 269 1417 300 ut

304 328 488 364 victorem
518 338 609 364 mox
639 326 922 376 adgrederetur,
952 328 992 365 in
1026 328 1175 378 Syriam
1206 328 1416 366 exercitum

300 391 472 429 abduxit.
526 390 612 428 Nec
637 389 750 442 hujus
775 391 982 429 voluntatis
1009 391 1088 443 ejus
1109 393 1262 442 ignarus
1282 391 1415 429 Ptole-

299 468 431 499 maeus,
462 454 551 492 dum
576 456 826 494 conterritum
854 456 1064 494 obsidionis
1092 464 1198 496 metu
1226 458 1414 495 minorem

298 521 454 558 fratrem
473 519 644 564 haberet,
663 532 777 571 posse
804 533 845 558 se
862 522 980 572 recipi
998 521 1263 566 Alexandreae,
1283 527 1322 558 et
1349 533 1413 557 so-

298 597 384 623 rore
403 584 622 636 adjuvante,
642 591 681 621 et
698 597 776 621 non
795 586 1097 636 repugnantibus
1116 586 1244 624 fratris
1263 586 1411 628 amicis,

297 657 401 688 ratus
411 665 422 696 3
453 650 618 700 primum
636 649 685 686 ad
704 661 888 694 sororem,
907 650 1043 688 deinde
1068 651 1115 688 ad
1134 650 1291 688 fratrem
1316 650 1412 687 ami-

296 726 438 764 cosque
457 712 552 764 ejuS‚
567 726 647 750 non
669 714 773 764 prius
792 714 940 752 destitit
960 716 1127 760 mittere,
1146 728 1260 766 quam
1278 725 1412 765 pacem

296 792 382 817 cum
401 779 446 815 iis
463 778 717 816 confirmaret.
773 779 1000 830 Suspectum
1017 781 1256 818 Antiochum
1270 768 1410 816 ‘effece-

295 850 369 889 rat‚
398 844 514 894 quod,
535 849 659 881 cetera
688 843 863 896 AEgypto
883 845 957 882 sibi
984 846 1139 890 tradita,
1159 843 1300 882 Pelusii
1316 842 1412 880 vali-

295 910 384 946 dum
412 908 586 946 relictum
615 916 698 946 erat
724 910 965 960 praesidium:
997 909 1219 961 adparebat,
1243 908 1408 945 claustra

292 970 456 1025 AEgypti
484 974 620 1018 teneri,
651 981 707 1018 ut,
735 987 850 1024 quum
879 974 1007 1018 vellet,
1040 987 1168 1011 rursus
1199 973 1408 1010 exercitum

290 1038 512 1076 induceret:
544 1037 646 1074 bello
675 1039 859 1075 intestino
889 1051 974 1075 cum
1002 1038 1120 1074 fratre
1148 1049 1234 1074 eum
1263 1037 1407 1073 exitum

289 1102 388 1146 fore,
421 1108 465 1138 ut
491 1102 630 1145 fictor,
659 1100 780 1138 fessus
813 1103 1034 1145 certamine,
1065 1113 1304 1151 nequaquam
1337 1112 1406 1151 par

289 1166 486 1203 Antiocho
514 1166 664 1203 futurus
694 1172 805 1206 esset.
861 1166 972 1210 Haec,
1003 1167 1209 1218 prudenter
1234 1164 1405 1202 animad-

287 1242 397 1267 versa
425 1242 448 1266 a
465 1229 624 1280 majore,
646 1242 731 1266 cum
760 1230 922 1267 adsensu
950 1231 1077 1267 minor
1103 1229 1235 1273 frater,
1265 1229 1404 1278 quique

285 1306 373 1332 cum
392 1306 439 1331 eo
458 1300 580 1338 erant,
601 1300 852 1345 acceperunt:
885 1306 994 1332 soror
1015 1294 1223 1345 plurimum
1241 1291 1401 1343 adjuvit,

284 1372 364 1396 non
384 1358 546 1396 consilio
560 1359 689 1403 modo,
706 1359 771 1396 sed
791 1360 906 1396 etiam
923 1359 1110 1411 precibus.
1142 1358 1292 1408 Itaque,
1308 1369 1402 1394 con-

286 1422 537 1461 sentientibus
557 1424 704 1460 cunctis
719 1435 812 1474 pace
831 1424 948 1468 facta,
964 1423 1243 1460 Alexandream
1262 1421 1401 1471 recipi·

283 1496 360 1532 tur,
375 1499 424 1524 ne
437 1483 686 1524 multitudine*
696 1487 847 1537 quidem
863 1487 1105 1524 adversante:
1127 1499 1210 1536 quae
1226 1487 1267 1522 in
1280 1485 1398 1528 bello,

283 1564 362 1589 non
387 1563 454 1603 per
484 1550 725 1588 obsidionem
756 1551 887 1595 modo,
920 1551 986 1588 sed
1012 1552 1126 1587 etiam
1145 1556 1349 1601 postquam
1375 1562 1398 1586 a

281 1615 473 1654 moenibus
493 1614 711 1653 abscessum
731 1623 802 1660 est,
822 1617 912 1666 quia
930 1615 1026 1652 nihil
1050 1628 1097 1653 ex
1115 1613 1289 1665 AEgypto
1309 1613 1399 1651 sub-

281 1680 506 1725 vehebatur,
539 1679 711 1717 omnium
743 1692 870 1718 rerum
898 1680 1107 1717 adtenuata
1137 1679 1269 1729 inopia
1304 1684 1397 1716 erat.

281 1741 356 1782 His
376 1757 492 1795 quum
511 1744 632 1782 laetari
651 1745 888 1782 Antiochum
908 1745 1137 1782 conveniens
1157 1749 1270 1787 esset,
1287 1743 1318 1779 si
1337 1755 1402 1779 re·

281 1810 443 1847 ducendi
462 1787 543 1860 esus
563 1822 698 1847 caussa
712 1811 918 1847 exercitum
938 1809 1153 1859 AEgyptum
1171 1807 1395 1850 induxisset,

281 1887 358 1926 quo
378 1875 552 1926 specioso
574 1873 690 1911 titulo
710 1874 758 1910 ad
786 1885 918 1910 omnes
938 1873 1039 1909 Asiae
1059 1880 1099 1909 et
1127 1871 1284 1909 Graeeiae
1303 1872 1396 1908 civi-

283 1947 393 1984 tates,
413 1939 671 1989 legationibus
688 1938 913 1989 recipiendis
933 1937 1127 1986 literisque
1146 1936 1394 1980 dimittendis,

279 2017 368 2040 usus
389 2011 484 2048 erat,
505 2004 600 2040 adeo
629 2009 687 2039 est
715 2002 911 2046 obsensus,
928 2007 971 2038 ut
989 2000 1112 2038 multo
1133 2001 1255 2037 acrius
1275 1999 1392 2037 infes-

279 2069 429 2116 tiusque
459 2067 636 2104 adversus
665 2067 775 2111 duos,
796 2078 908 2116 quam
938 2071 1028 2102 ante
1056 2064 1232 2101 adversus
1260 2075 1392 2108 unum,

277 2138 428 2183 pararet
455 2131 611 2168 bellum.
669 2132 836 2182 Cyprum
860 2129 1052 2180 extemplo
1081 2128 1239 2166 classem
1258 2128 1388 2165 misit:

278 2198 372 2246 ipse,
401 2197 525 2248 primo
550 2208 636 2232 vere
657 2208 742 2232 cum
761 2196 930 2232 exercitu
950 2194 1162 2245 AEgyptum
1183 2199 1331 2244 petens,
1350 2193 1390 2230 iu

278 2261 411 2298 Coelen
427 2261 573 2312 Syriam
593 2262 790 2312 processit.
848 2261 962 2297 Circa
978 2258 1244 2296 Rhinocolura
1257 2257 1388 2295 Ptole-

275 2327 360 2363 καὶ
379 2325 514 2376 legatis
535 2326 737 2376 agentibus
753 2328 908 2375 gratias,
925 2325 1026 2376 quod
1042 2337 1109 2378 per
1128 2337 1214 2363 eum
1229 2335 1392 2374 regnum.
