1546 2648
347 242 502 272 LIBER
524 238 656 270 XLII.
687 237 794 267 CAP.
814 238 937 268 XXX.
1108 242 1189 285 351

90 330 398 382 Macedonasque
433 329 641 375 inclinata;
685 328 898 379 principum
935 329 1080 366 diversa
1115 344 1194 368 cer·
1209 334 1250 365 U.
1263 333 1301 364 C.
1316 341 1390 367 sn.

90 407 198 432 neres
219 396 353 432 studia.
409 395 501 432 Pars
531 395 584 430 ita
608 395 647 430 in
670 393 864 429 Romanos
885 393 990 429 effusi
1012 401 1132 437 erant,
1154 403 1196 432 ut
1207 377 1247 409 A·
1263 378 1300 409 C·
1318 383 1391 414 ¹⁷¹⁰

91 460 354 497 auctoritatem
375 459 567 495 inmodico
585 458 715 494 favore
735 463 1027 507 conrumperent
1045 472 1052 494 :
1086 461 1196 508 pauci

91 534 139 559 ex
162 523 207 558 iis
229 521 383 572 justitia
401 523 548 573 imperii
567 521 734 558 Romani
763 521 891 571 capti3
923 520 1047 570 plures
1076 522 1144 565 ita,
1166 524 1197 559 si

89 586 317 636 praecipuam
336 599 490 636 operam
509 591 725 628 navassent,
744 589 919 635 potentes
940 596 1021 620 sese
1045 585 1085 621 in
1105 586 1196 622 civi-

90 648 234 685 tatibus
263 651 338 686 suis
367 650 516 687 futuros
535 651 619 687 rati.
676 649 767 686 Pars
788 649 906 685 altera
923 649 1038 697 regiae
1067 649 1198 686 adula-

91 713 207 749 tionis
235 720 329 756 erat,
361 727 454 763 quos
489 727 537 750 aes
568 713 732 750 alienum
765 719 803 749 et
831 713 1044 762 desperatio
1073 726 1198 751 rerum

92 788 258 820 suarum,
278 777 410 813 eodem
431 785 606 813 manente
627 784 742 820 statu,
759 777 970 827 praecipites
987 776 1035 813 ad
1053 789 1199 813 novan-

94 840 142 876 da
173 842 302 877 omnia
337 841 473 890 agebat
489 858 500 886 3
533 841 715 890 quosdam
753 847 955 877 ventosum
989 841 1199 890 ingenium,

93 904 182 953 quia
197 904 354 940 Perseus
371 905 490 952 magis
507 917 607 940 aurae
623 904 814 954 popularis
832 910 921 940 erat.
952 904 1083 940 Tertia
1097 916 1200 954 pars,

95 969 240 1018 optima
258 968 387 1004 eadem
417 975 455 1004 et
482 969 788 1018 prudentissima,
808 968 839 1003 si
860 969 987 1016 utique
1007 969 1114 1017 optio
1134 969 1201 1004 do-

94 1032 188 1068 mini
207 1033 366 1082 potioris
386 1033 550 1076 daretur,
571 1032 639 1068 sub
660 1031 860 1074 Romanis,
881 1044 993 1080 quam
1013 1031 1082 1067 sub
1096 1044 1204 1080 rege,

95 1095 262 1132 malebat
297 1108 377 1132 esse
395 1111 402 1132 :
435 1097 466 1132 si
503 1096 661 1132 liberum
692 1095 778 1131 inde
811 1094 1009 1131 arbitrium
1037 1094 1202 1132 fortunae

98 1166 209 1203 esset,
230 1167 402 1197 neutram
430 1167 575 1210 partem
604 1159 784 1196 volebant
809 1159 1066 1209 potentiorem
1085 1158 1204 1196 altera

99 1224 280 1274 obpressa
297 1224 376 1260 fieri
391 1241 401 1269 3
424 1225 502 1268 sed,
519 1224 686 1261 inlibatis
706 1225 833 1274 potius
853 1223 993 1259 viribus
1010 1224 1205 1272 utriusque

97 1288 229 1338 partis,
248 1301 381 1338 pacem
409 1301 455 1325 ex
481 1301 527 1325 eo
546 1301 720 1325 manere:
753 1289 806 1324 ita
822 1288 919 1323 inter
940 1294 1118 1335 utrosque
1135 1300 1204 1337 op-

97 1353 228 1387 timam
249 1352 506 1388 conditionem
526 1353 737 1388 civitatium
765 1351 847 1388 fore
863 1368 876 1397 3
905 1357 1130 1402 protegente
1150 1350 1204 1387 al-

98 1423 181 1453 tero
201 1429 347 1468 semper
374 1418 527 1468 inopem
557 1417 604 1453 ab
625 1417 776 1453 alterius
797 1417 946 1467 injuria.
1005 1416 1100 1452 Haec
1120 1429 1208 1452 sen·

98 1481 250 1524 tientes,
280 1482 487 1517 certamina
514 1480 707 1517 fautorum
736 1481 930 1529 utriusque
959 1479 1076 1530 partis
1098 1480 1208 1516 taciti

101 1557 147 1581 ex
165 1551 250 1580 tuto
270 1544 505 1594 spectabant.
547 1544 749 1587 Consules,
770 1556 845 1593 quo
865 1544 924 1579 die
944 1544 1208 1591 magistratum

102 1608 282 1651 inierunt,
298 1620 345 1644 ex
364 1608 695 1645 senatusconsulto
712 1621 826 1658 quum
846 1608 944 1644 circa
961 1608 1089 1644 omnia
1103 1607 1207 1650 fana,

103 1673 142 1707 in
171 1671 306 1720 quibus
332 1670 605 1708 lectisternium
633 1671 817 1721 majorem
845 1677 990 1721 partem
1019 1671 1109 1707 anni
1129 1683 1210 1707 esse

102 1734 212 1777 solet,
247 1733 454 1784 majoribus
489 1735 625 1771 hostiis
662 1734 924 1778 inmolassent,
957 1734 1045 1770 inde
1079 1728 1214 1784 preces

102 1810 186 1834 suas
203 1806 376 1848 acceptas
397 1798 444 1834 ab
462 1798 548 1834 Diis
568 1798 832 1835 inmortalibus
853 1798 1028 1840 ominati,
1045 1798 1210 1841 senatui,

101 1862 173 1898 rite
201 1861 466 1904 sacrificatum,
487 1863 819 1912 precationemque
848 1862 894 1897 de
921 1860 1023 1897 bello
1052 1861 1209 1904 factam,

53 1938 59 1939 ⁷
102 1926 383 1962 renunciarunt.
439 1927 642 1976 Aruspices
674 1927 726 1961 ita
754 1925 1044 1975 responderunt,
1067 1927 1097 1961 si
1125 1926 1213 1972 quid

102 1992 158 2026 rel
173 2002 270 2026 novae
289 1992 517 2038 inciperetur,
538 1993 575 2027 z'd
603 1992 859 2027 maturandum
887 2002 983 2025 esse:
1010 1991 1211 2032 victoriam,

103 2054 337 2103 triumphum,
355 2057 645 2103 prorogationem
665 2056 806 2102 imperii
830 2055 1009 2104 portendi.
1065 2053 1213 2095 Patres,
1227 2053 1258 2083 S·
1274 2054 1310 2084 C.
1327 2056 1365 2103 ‚de

106 2121 198 2166 quod
207 2118 377 2167 faustum
395 2120 563 2168 felixque
577 2121 713 2168 populo
734 2119 897 2154 Romano
917 2123 1015 2160 esset,
1038 2119 1213 2153 centuria—
1226 2098 1360 2171 ἓξὲξ

108 2183 154 2217 tis
181 2185 332 2219 comitiis
356 2186 476 2232 primo
504 2197 643 2233 quoque
670 2186 727 2219 die
745 2183 850 2232 ferre
868 2183 916 2219 acl
936 2183 1112 2230 populum
1132 2193 1214 2217 con-

106 2247 212 2289 sales,
240 2245 450 2296 jusserunt,
487 2254 543 2292 ut,
580 2250 674 2298 quod
710 2249 871 2290 Perseus,
906 2247 1072 2294 Philippi
1093 2247 1214 2294 filius,

108 2312 347 2348 Macedonum
374 2324 450 2355 rex,
478 2314 645 2349 adversus
663 2312 786 2360 foeclus
815 2323 895 2347 cum
921 2316 1026 2358 patre
1046 2309 1219 2357 Philippo

109 2377 233 2420 ictum,
254 2380 290 2412 et
305 2387 423 2414 secum
440 2381 519 2424 post
536 2381 685 2414 mortem
702 2374 776 2422 ejus
794 2379 1014 2417 renovatum,
1036 2374 1137 2409 sociis
1151 2384 1219 2420 po-
