1546 2648
311 165 392 208 108
481 218 485 225 Δ
754 175 802 204 ι’.
828 175 962 206 mvn

118 281 163 311 υ,
176 279 212 311 c,
227 284 298 312 553.
310 269 448 306 initum
467 271 562 311 erat,
583 265 750 303 stetisset
768 265 935 303 fortuna.
984 264 1234 305 Pabulatores
1251 266 1419 316 lignato-

119 324 161 358 Α·
174 324 212 355 C·
228 329 301 357 ¹39·
312 345 446 382 resque
463 330 632 368 Romani
661 329 701 366 in
720 342 803 366 eam
830 336 990 380 partem,
1014 331 1053 367 in
1072 344 1147 380 qua
1174 331 1420 381 conloquium

1540 111 1543 116 -
1538 0 1546 80 -θ-

312 398 483 435 futurum
498 400 593 438 erat,
614 394 717 431 ducti
737 399 851 439 sunt3
881 394 999 430 tutius
1016 395 1053 431 id
1070 394 1238 432 futurum
1257 395 1420 432 tribunis

313 461 421 504 ratis,
441 460 531 510 quia
549 458 714 496 consulis
733 457 948 508 praesidium
969 465 1007 495 et
1024 459 1147 509 ipsum
1168 472 1238 510 pro
1257 460 1424 496 statione

313 524 481 562 habituri
507 530 629 567 erant,
649 522 752 559 hosti
771 521 1013 572 obpositam:
1045 535 1152 560 suam
1170 530 1298 560 tamen
1327 523 1423 560 alte-

314 602 396 627 ram
415 589 619 626 stationem
645 587 800 637 propius
820 593 944 623 castra
971 594 1235 624 sexcentorum
1254 588 1424 637 equitum

314 659 537 705 posuerunt.
580 651 738 694 Consul,
760 650 981 687 adfirmante
999 650 1146 695 Attalo,
1166 658 1345 688 venturos
1365 664 1424 688 re-

314 729 396 767 ges,
415 723 453 752 et
470 716 631 763 transigi
650 727 729 750 rem
747 726 873 764 posse,
892 714 1086 764 profectus
1107 727 1128 750 e
1146 715 1292 758 castris,
1309 727 1426 763 quum

315 781 465 824 eodem,
486 792 563 829 quo
588 785 716 822 antea,
735 778 912 828 praesidio
939 780 1108 827 equitum
1124 779 1289 828 quinque
1307 778 1427 815 millia

315 845 396 882 fere
411 844 671 894 processisset,
688 855 758 879 nec
773 842 933 879 multum
946 855 968 879 a
983 843 1194 879 constituto
1211 842 1297 878 loco
1316 842 1426 878 abes-

317 915 389 951 set,
408 914 563 958 repente
583 906 783 943 concitatis
800 907 904 955 equis
925 919 1010 942 cum
1029 907 1160 956 inpetu
1178 905 1309 942 hostili
1324 905 1426 942 videt

318 971 450 1009 Gallos
469 971 662 1007 venientes
678 986 685 1006 :
719 970 918 1006 constituit
933 982 1082 1018 agmen,
1098 976 1137 1005 et
1155 969 1331 1019 expedire
1349 969 1428 1006 tela

317 1037 539 1084 animosque
560 1033 749 1084 equitibus
762 1033 880 1084 jussis
900 1035 1022 1084 primo
1039 1041 1257 1070 constanter
1275 1034 1428 1070 initium

316 1113 455 1150 pugnae
476 1100 634 1149 accepit,
656 1111 725 1135 nec
751 1099 886 1135 cessit:
919 1099 1020 1141 dein,
1041 1111 1155 1147 quum
1174 1104 1428 1148 praegravaret

317 1163 535 1207 multitudo,
566 1163 696 1200 cedere
726 1164 878 1205 sensim,
898 1163 995 1199 nibil
1022 1162 1188 1199 confusis
1217 1168 1428 1199 turmarum

320 1226 532 1270 ordinibus,
549 1227 665 1278 coepit
679 1241 687 1263 t
721 1232 928 1276 postremo,
945 1239 1059 1275 quum
1068 1224 1148 1276 jam
1167 1225 1249 1275 plus
1265 1225 1304 1262 in
1320 1238 1428 1263 mora

317 1289 488 1341 periculi,
503 1303 616 1340 quam
635 1290 674 1326 in
693 1289 888 1326 ordinibus
905 1289 1169 1326 conservandis
1185 1289 1348 1340 praesidii
1367 1302 1425 1326 es-

317 1362 390 1398 set,
411 1367 541 1391 omnes
561 1355 701 1404 passim
721 1355 761 1390 in
779 1354 908 1402 fugam
937 1354 1043 1390 effusi
1062 1359 1161 1390 sunt.
1217 1353 1317 1390 Tum
1335 1366 1425 1390 vero

317 1421 461 1457 instare
480 1420 668 1471 dissipatis
698 1419 813 1463 Galli,
845 1426 882 1456 et
911 1419 1075 1465 caedere3
1107 1431 1318 1468 magnaque
1340 1432 1427 1469 pars

319 1484 501 1535 obpressa
519 1484 618 1521 foret
637 1485 677 1521 ni
697 1484 812 1521 statio
833 1483 1112 1535 pabulatorum,
1133 1483 1301 1521 sexcenti
1321 1485 1427 1534 equi-

317 1554 390 1592 tes,
411 1548 680 1585 obcurrissent.
727 1548 775 1590 Ii,
797 1547 928 1598 procul
944 1547 1108 1584 clamore
1123 1547 1258 1596 pavido
1273 1557 1426 1584 suorum

319 1611 513 1656 exaudito,
541 1624 656 1661 quum
684 1611 761 1648 tela
789 1623 979 1661 equosque
1009 1610 1260 1661 expetiissent,
1288 1611 1429 1661 integri

317 1675 559 1725 profligatam
587 1688 753 1725 pugnam
782 1681 1019 1725 acceperunt.
1075 1674 1210 1723 Itaque
1230 1686 1335 1711 versa
1362 1687 1428 1712 ex-

318 1739 464 1790 templo
477 1739 633 1776 fortuna
647 1746 717 1783 est,
733 1752 857 1776 versus
877 1740 915 1775 in
935 1740 1096 1775 victores
1117 1751 1140 1775 a
1156 1739 1265 1774 victis
1284 1745 1425 1775 terror:

321 1809 360 1838 et
377 1803 501 1854 primo
520 1803 652 1854 inpetu
665 1803 740 1839 fusi
755 1803 855 1839 Galli
876 1809 977 1846 sunt,
994 1809 1032 1838 et
1047 1815 1094 1838 ex
1113 1803 1210 1851 agris
1226 1815 1427 1840 concurre-

318 1866 415 1903 bant
446 1866 703 1918 pabulatores,
735 1873 773 1903 et
802 1867 965 1916 undique
990 1866 1122 1903 obvius
1156 1867 1277 1904 hostis
1307 1867 1427 1905 Gallis

318 1936 424 1967 erat:
454 1937 497 1967 ut
525 1942 573 1967 ne
591 1930 721 1980 fugam
739 1931 890 1980 quidem
907 1930 1058 1967 facilem
1086 1939 1151 1967 aut
1170 1938 1290 1968 tutam
1309 1931 1428 1969 habe·

319 2000 418 2039 rent,
439 1995 528 2044 quia
547 1995 760 2032 recentibus
774 1996 878 2044 equis
897 1994 1066 2032 Romani
1079 1995 1198 2032 fessos
1218 1996 1427 2044 sequeban-

319 2065 395 2095 tur.
451 2058 567 2095 Pauci
588 2071 678 2109 crgo
693 2059 927 2108 effugerunt:
960 2066 1091 2110 captus
1108 2065 1165 2095 est
1178 2071 1314 2095 nemo:
1346 2073 1427 2097 ma-

315 2121 382 2173 jor
410 2122 530 2159 multo
563 2136 648 2174 pars
678 2137 744 2174 per
769 2124 878 2161 fidem
905 2124 1037 2161 violati
1064 2124 1257 2174 conloquii
1294 2139 1426 2176 poenas

322 2193 445 2223 morte
464 2187 626 2226 luerunt.
665 2188 846 2233 Romani,
864 2189 1080 2226 ardentibus
1100 2190 1155 2227 ira
1170 2191 1318 2235 animis,
1338 2204 1427 2242 pos-

323 2256 406 2288 tero
426 2250 485 2286 die
505 2251 679 2289 omnibus
697 2253 814 2305 copiis
835 2252 882 2289 ad
900 2253 1048 2290 hostem
1066 2256 1302 2304 perveniunt.

377 2313 530 2354 XXVI.
557 2315 724 2357 Biduum
749 2317 885 2355 natura
901 2318 1042 2357 montis
1067 2329 1134 2371 per
1159 2330 1199 2357 se
1220 2319 1343 2371 ipsum
1362 2333 1426 2358 ex-
