1546 2648
300 141 453 170 LIBER
476 139 592 168 XLV.
625 136 732 167 CAP.
756 137 889 166 xxu.
1067 131 1150 180 505

38 234 134 270 ribus
152 233 380 282 amplissimis
404 232 574 269 donastis.
631 229 682 265 Et
700 228 922 264 Macedonas
940 227 1153 276 Illyriosque
1163 227 1206 258 U·
1219 225 1256 258 C·
1275 231 1347 258 ⁵8⁵·

39 298 166 334 liberos
184 309 254 334 esse
271 299 329 346 (ut
346 295 529 342 audimus)
551 293 699 342 jubetis,
730 304 838 341 quum
865 293 1064 335 servierint,
1084 304 1151 328 an·
1162 271 1205 302 A*
1221 270 1257 302 C*
1276 273 1348 305 ¹⁶7‘

41 368 186 411 tequam
219 363 394 399 vobiscum
427 361 624 397 bellarent.-
654 359 735 407 (nec
763 356 972 406 cujusquam
988 356 1157 406 fortuna!

42 428 253 469 invidemus,
284 428 392 463 immo
417 425 641 473 agnoscimus
672 423 898 459 clementiam
930 423 1057 470 populi
1083 422 1158 458 Ro-

41 493 155 539 mani)
179 491 351 534 Rhodios,
372 492 435 539 qui
460 489 553 526 nihil
585 489 688 525 aliud
719 500 828 537 quarn
856 489 1064 536 quieverunt
1092 487 1158 524 hoc

40 556 145 599 bello,
166 556 280 592 hostes
297 567 340 591 ex
365 555 468 591 sociis
488 552 636 603 facturi
665 554 746 589 estis
761 554 783 589 ,9
816 552 918 588 Certe
936 553 1080 600 quidem
1097 563 1158 588 vos

42 623 124 657 estis
147 620 313 663 Romani,
334 621 395 668 qui
427 620 506 655 ideo
524 618 659 667 felicia
691 618 783 654 bella
811 622 930 654 vestra
961 629 1044 660 esse,
1075 618 1158 664 quia

36 683 141 731 justa
157 686 243 727 sint,
260 697 338 732 prae
355 684 450 720 vobis
457 681 573 733 fertis
587 699 599 726 ‚·
618 694 682 718 nec
701 686 776 718 tam
794 683 890 718 exitu
908 693 1042 724 eorum,
1064 682 1159 730 quod

44 750 208 791 vincatis,
240 760 346 796 quam
370 749 573 796 principiis,
604 747 698 795 quod
728 759 798 783 non
832 747 907 782 sine
929 758 1052 782 caussa
1081 758 1158 782 sus-

46 814 203 861 cipiatiS,
230 814 449 860 gloriamini.
517 812 686 849 Messana
713 813 752 848 in
787 812 918 848 Sicilia
953 811 1160 859 obpugnata

46 877 376 925 Karthaginienses,
395 877 545 913 Athena:
569 877 781 925 obpugnatoe
807 881 843 913 et
866 877 1006 913 Grcecia
1031 878 1068 912 in
1085 889 1159 912 ser-

46 944 197 979 vitutem
222 943 350 990 petita,
371 946 406 977 et
434 939 579 987 adjutus
598 941 787 977 Hannibal
810 942 979 989 pecunia,
999 942 1159 984 auxiliis,

48 1007 259 1056 Philippum
279 1007 412 1042 hostem
429 1006 613 1055 fecerunt.
668 1006 867 1042 Antiochus
893 1008 979 1054 ipse,
1002 1007 1099 1041 ultro
1118 1006 1162 1041 ab

46 1073 185 1108 AEtolis
213 1071 368 1108 hostibus
402 1073 527 1108 vestris
558 1072 757 1114 arcessitus,
788 1083 831 1107 ex
860 1072 952 1108 Asia
982 1072 1093 1108 classe
1122 1073 1162 1108 in

54 1136 229 1172 Graeciam
259 1133 399 1181 trajecit
413 1152 426 1180 ,-
455 1136 706 1178 Demetriade,
736 1140 771 1171 et
791 1135 974 1178 Chalcide,
1004 1141 1039 1172 et
1065 1137 1163 1173 saltu

55 1200 374 1248 Thermopylarum
403 1205 589 1248 occupato,
618 1202 662 1236 de
686 1202 900 1248 possessione
931 1202 1075 1249 imperii
1104 1213 1165 1237 vos

49 1263 198 1311 dejicere
226 1269 384 1300 conatus.
444 1265 534 1301 Cum
553 1266 683 1302 Perseo
700 1267 787 1302 socii
812 1267 921 1301 vestri
952 1266 1162 1314 obpugnati,

49 1330 116 1366 alii
144 1328 325 1378 interfecti
353 1330 470 1377 reguli
494 1331 743 1379 principesque
767 1332 928 1378 gentium
956 1334 1021 1366 aut
1046 1343 1164 1379 popu·

51 1395 180 1436 lorum,
210 1405 335 1430 caussa
354 1394 440 1430 belli
463 1394 558 1429 vobis
574 1393 698 1442 suere.
757 1394 871 1436 Quem
900 1395 1047 1430 tandem
1076 1396 1163 1431 titu-

51 1459 123 1494 lum
143 1463 265 1494 nostra
282 1458 473 1494 calamitas
492 1457 660 1494 habitura
678 1463 744 1501 est,
769 1460 800 1495 si
826 1461 982 1506 perituri
1007 1471 1127 1496 sumus
1143 1460 1164 1495 ,9

52 1523 222 1558 Nondum
240 1534 383 1570 segrego
401 1522 559 1558 civitatis
586 1534 746 1559 caussam
765 1536 787 1559 a
809 1524 1010 1572 Polyarato
1032 1531 1068 1561 et
1086 1527 1163 1563 Di-

50 1599 154 1629 none,
174 1586 306 1622 civibus
333 1587 475 1628 uostris,
495 1591 530 1622 et
559 1587 616 1628 iis,
637 1599 735 1634 quos,
756 1593 798 1623 ut
817 1589 1036 1626 traderemus
1053 1591 1162 1634 vobis,

52 1652 278 1688 adduximus.
351 1651 395 1686 Si
421 1663 538 1687 omnes
566 1651 703 1688 Rhodii
737 1664 832 1699 aeque
867 1655 966 1690 noxii
1001 1667 1163 1700 essemus,

53 1717 147 1765 quod
165 1720 324 1751 nostrum
343 1716 380 1750 in
409 1715 473 1751 hoc
499 1715 588 1751 bello
615 1716 748 1752 crimen
771 1722 857 1753 esset
873 1719 894 1753 ‚9
922 1719 1048 1755 Persei
1074 1732 1164 1768 par-

55 1780 145 1817 tibas
161 1778 327 1828 favimus
341 1795 354 1823 ,·
383 1784 432 1822 et,
461 1780 759 1827 quemadmodum
784 1781 954 1818 Antiochi
980 1783 1166 1832 Philippi-

54 1857 121 1894 que
139 1845 229 1881 bello
243 1856 313 1893 pro
332 1844 426 1880 vobis
451 1845 619 1880 adversus
649 1857 759 1893 reges,
787 1848 839 1883 sic
870 1859 964 1884 nunc
988 1861 1057 1896 pro
1085 1861 1168 1897 rege

53 1911 222 1946 adversus
239 1921 299 1945 vos
315 1911 487 1946 stetimus.
536 1910 845 1951 Quemadmodum
863 1913 1039 1948 soleamus
1055 1915 1168 1950 socios

45 1972 191 2021 juvare,
220 1977 257 2009 et
290 1985 398 2021 quam
427 1975 568 2021 inpigre
601 1985 778 2022 capessere
808 1975 914 2018 bella,
947 1976 985 2011 C.
1007 1977 1165 2020 Livium,

57 2037 102 2074 L.
122 2038 319 2074 AEmilium
337 2038 521 2084 Regillum
550 2039 781 2085 interrogate,
812 2041 873 2087 qui
900 2041 1065 2077 classibus
1092 2054 1167 2077 ves-

59 2102 123 2136 tris
140 2102 177 2136 in
194 2102 284 2137 Asia
307 2101 545 2150 praefuerunt.
590 2102 797 2150 Numquam
814 2109 940 2140 vestrae
955 2117 1061 2141 naves
1075 2118 1166 2154 pug-

56 2176 185 2201 navere
201 2166 276 2200 sine
293 2165 391 2202 nobis
402 2183 415 2202 .-
443 2171 567 2203 nostra
598 2166 708 2203 classe
732 2170 970 2216 pugnavimus
995 2172 1103 2206 semel
1121 2172 1171 2206 ad

59 2229 227 2270 Samum,
258 2229 389 2264 iterum
421 2230 457 2265 in
489 2230 709 2278 Pamphylia
746 2233 910 2269 adversus
927 2234 1168 2270 Hannibalem

58 2296 311 2343 imperatorem
325 2310 338 2331 :
379 2306 459 2343 quae
491 2297 644 2332 victoria
676 2297 773 2332 nobis
808 2309 848 2333 eo
881 2297 1070 2345 gloriosior
1104 2303 1171 2341 est,

112 2357 213 2395 voi.
231 2357 299 2395 IV.
596 2358 630 2395 Z
