1546 2648
322 194 477 223 LIBER
501 193 684 223 xxxlx.
717 193 825 222 CAP.
851 194 953 223 mv.
1111 193 1193 239 215

83 281 255 334 accepit:
294 282 428 319 relicto
464 282 552 319 inde
588 282 636 319 ad
672 282 959 334 Phinpopolin
1001 285 1373 334 p1·aesidio,u.c.⁵⁶9

83 347 185 397 quod
204 347 302 384 haud
318 347 440 384 multo
459 354 547 398 post
566 347 613 384 ab
635 347 792 397 Odrysis
814 347 1012 398 expulsum
1031 356 1102 393 est,
1124 363 1193 400 op·

79 411 209 462 pidum
237 411 277 447 in
302 411 502 461 Deuriopo
534 410 697 447 condere
719 411 898 448 instituit.
954 411 1119 449 Paeoniae
1149 426 1194 451 ea

78 475 184 524 regio
203 482 260 512 est
279 488 398 527 prope
425 476 638 525 Erigonum
657 475 811 512 fluvium
827 491 838 521 ς
872 475 950 525 qui,
972 489 1018 512 ex
1037 476 1193 526 Illyrico

77 551 146 589 per
186 539 381 577 Paeoniam
422 540 557 584 fluens,
600 541 641 576 in
686 541 828 577 Axium
871 552 1020 577 amnem
1057 542 1192 580 editur.

76 601 193 640 Haud
207 604 341 654 procul
359 604 503 648 Stobis,
523 610 650 641 vetere
667 603 772 647 urbe,
793 616 931 640 novam
950 604 1081 641 urbem
1098 606 1191 642 Per-

75 667 193 711 seida,
225 674 268 705 ut
296 669 326 706 is
356 668 435 706 filio
461 667 598 720 majori
626 668 831 706 haberetur
848 669 988 714 honos,
1008 669 1190 721 adpellari

65 731 196 781 Jussit.

126 793 232 833 LIV.
261 795 367 833 Dum
384 796 466 833 haec
486 796 524 833 in
543 796 776 833 Macedonia
795 801 992 845 geruntur,
1013 795 1187 833 consules

70 857 111 894 in
147 859 360 908 provincias
398 860 573 910 profecti.
628 859 834 896 Marcellus
870 860 1053 895 nuncium
1089 873 1186 910 prae-

1206 336 1247 366 A.
1262 334 1299 366 C.
1314 340 1383 366 183.

70 921 175 957 misit
207 923 255 959 ad
285 923 332 960 L.
353 924 531 961 Porcium
562 922 846 974 proconsulem,
881 929 923 959 ut
959 923 1007 959 ad
1043 936 1185 960 novum
1199 923 1237 954 11¹
1253 924 1412 978 Venetia·

1200 967 1283 997 Galli
1301 978 1336 998 se

71 982 270 1022 Gallorum
316 988 498 1038 oppidum
543 987 712 1036 legiones
760 986 990 1023 admoveret.
1057 987 1184 1024 Adve-
1197 1011 1321 1042 dedunt

69 1049 191 1085 nienti
211 1051 357 1087 consuli
377 1051 479 1088 Galli
499 1064 580 1088 sese
600 1051 847 1087 dediderunt:
880 1050 1079 1087 duodecim
1098 1051 1183 1088 mil-
1197 1054 1337 1087 consuli.

68 1111 121 1149 lia
139 1121 371 1152 armatorum
391 1122 521 1153 erant:
553 1115 724 1166 plerique
743 1127 849 1151 arma
876 1127 924 1151 ex
952 1115 1053 1164 agris
1073 1122 1184 1166 rapta

68 1175 275 1216 habebant.
330 1179 391 1216 Ea
410 1192 507 1229 aegre
523 1179 755 1230 patientibus
775 1179 821 1214 iis
841 1178 1006 1222 ademta,
1024 1192 1184 1229 quaeque

69 1239 143 1278 alia
162 1248 228 1278 aut
247 1243 472 1293 populantes
493 1256 604 1293 agros
633 1247 852 1294 rapuerant,
873 1248 940 1278 aut
968 1255 1095 1279 secum
1115 1243 1183 1280 ad·

66 1304 234 1342 tulerant
252 1321 260 1342 ε
292 1307 338 1343 de
358 1307 416 1343 his
435 1307 546 1344 rebus
569 1308 634 1357 qui
653 1313 913 1356 quererentur,
932 1306 1080 1355 legatos
1099 1307 1184 1344 Ro-

67 1381 168 1406 mam
195 1371 393 1409 miserunt.
449 1372 665 1408 Introducti
685 1373 725 1408 in
755 1377 928 1407 senatum
955 1384 977 1407 a
1007 1372 1050 1408 C.
1067 1372 1181 1408 Vale-

65 1433 124 1469 rio
160 1441 323 1485 praetore
359 1443 632 1486 exposuerunt,
668 1448 718 1479 se,
754 1440 947 1484 superante
983 1437 1021 1471 in
1058 1437 1183 1474 Gallia

65 1499 311 1543 mullitudine,
342 1503 468 1549 inopia
496 1506 635 1538 coactos
663 1502 744 1548 agri.
762 1505 797 1536 et
817 1505 986 1554 egestufe,
1007 1501 1057 1536 od
1085 1514 1181 1550 quae·

63 1564 213 1599 rendam
246 1565 366 1601 sedem
396 1566 507 1614 Alpes
543 1570 780 1613 transgressos
795 1581 807 1602 .·
836 1577 915 1614 quoe
946 1567 1086 1602 inculta
1112 1578 1182 1614 per

63 1627 274 1665 solitudines
295 1630 470 1674 viderent,
505 1630 551 1667 ibi
575 1632 652 1667 sine
680 1631 789 1666 ullius
817 1628 950 1676 injuria
977 1631 1181 1668 consedisse,

65 1691 249 1739 Oppidum
283 1706 422 1743 quoque
454 1695 632 1745 aedificare
667 1697 835 1743 coepisse:
881 1695 978 1743 quod
1007 1695 1181 1731 indicium

62 1760 163 1799 esset,
194 1768 256 1794 nec
287 1771 389 1806 agro,
419 1771 484 1797 nec
512 1761 591 1797 urbi
618 1761 688 1797 ulli
715 1761 788 1796 vim
816 1760 1005 1796 adlaturos
1034 1761 1178 1797 venisse.

64 1819 191 1868 Nuper
214 1821 270 1858 M.
292 1823 488 1860 Claudium
513 1826 562 1861 ad
587 1837 624 1860 se
640 1826 809 1861 nuncium
828 1825 973 1866 misisse,
994 1824 1124 1862 bellum
1141 1836 1180 1860 se

63 1894 142 1919 cum
171 1885 228 1928 iis,
254 1887 293 1922 ni
324 1888 550 1931 dederentur,
582 1894 779 1936 gesturum.
836 1888 898 1931 Se,
932 1893 1078 1931 certam,
1112 1890 1179 1925 etsi

61 1957 133 1983 non
165 1950 373 1997 speciosam,
406 1964 548 1999 pacem,
587 1965 696 2000 quam
731 1954 868 1988 incerta
903 1951 999 1994 belli,
1033 1964 1178 2000 praeop-

62 2014 191 2055 tantes,
211 2014 387 2051 dedidisse
402 2027 439 2052 se
453 2018 556 2064 prius
574 2017 611 2052 in
613 2018 745 2066 fidem,
767 2029 874 2065 quam
892 2018 931 2052 in
946 2021 1176 2064 potestatem,

58 2078 186 2124 populi
213 2079 383 2118 Romani.
440 2074 531 2118 Post
554 2095 689 2130 paucos
717 2083 803 2124 dies,
824 2080 944 2128 jussos
970 2085 1006 2116 et
1033 2092 1122 2127 agro
1141 2083 1178 2115 et

60 2139 146 2175 urbe
164 2142 342 2187 decedere,
361 2156 434 2181 sese
452 2147 580 2183 tacitos
597 2145 709 2189 abire,
731 2158 799 2194 quo
821 2150 1000 2181 terrarum
1019 2147 1175 2192 possent,

59 2203 99 2238 in
117 2205 237 2241 animo
256 2206 439 2246 habuisse:
467 2222 572 2246 arma
597 2211 725 2246 deinde
748 2209 827 2252 sibi,
848 2213 884 2245 et
898 2212 1080 2257 postremo
1098 2218 1175 2242 om·

29 2267 124 2322 ¹,nia
151 2267 241 2312 alia,
271 2281 347 2318 quae
363 2272 510 2321 ferrent
539 2277 769 2321 agerentque,
796 2273 952 2308 ademta.
1011 2270 1125 2306 Orare
1140 2281 1178 2306 se

57 2335 223 2369 senatum
236 2335 484 2386 populumque
512 2335 733 2382 Romanum,
754 2347 798 2373 ne
816 2337 854 2373 in
870 2346 908 2372 se
925 2335 1086 2371 innoxios
1113 2334 1176 2371 de-
