1546 2648
389 162 543 191 LIBER
567 161 720 191 XLIII·
755 163 862 192 CAP.
883 162 994 193 XIX.
1138 160 1219 205 417

112 255 244 300 aperto
274 260 398 299 posse,
431 261 502 286 nec
531 249 578 285 ab
613 248 790 286 Romano
822 248 924 286 bello
957 255 1105 286 tantum
1139 250 1219 299 regi
1232 255 1274 285 U.
1289 254 1326 285 C.
1340 261 1413 287 583.

109 312 314 349 laxamenti
342 312 438 355 fore,
461 318 502 349 ut
529 319 660 362 posset
688 313 842 352 morari.
899 313 1092 356 Ceterum,
1113 320 1219 364 post·
1233 298 1271 330 Α·
1288 298 1324 329 C·
1342 302 1413 331 ¹⁶⁹·

109 388 222 425 quam
248 377 374 413 vineas
405 376 481 425 agi,
501 382 698 426 turresque
727 377 885 413 excitari
910 377 1098 420 viderunt,
1119 378 1220 414 victa

109 439 317 489 pertinacia
337 446 412 476 est:
435 453 537 484 nam,
555 447 806 492 praeterquam
827 440 929 490 quod
948 440 1124 477 adversus
1145 441 1221 477 vim

107 514 214 552 pares
234 515 312 539 non
332 510 454 547 erant,
469 516 518 540 ne
536 503 718 540 frumenti
737 503 888 553 quidem
909 509 974 540 aut
994 503 1105 540 ullius
1125 503 1220 540 alte-

106 565 182 602 rius
202 567 256 603 rei
276 569 386 619 copia
404 569 506 605 intus
527 575 621 612 erat,
638 575 681 605 ut
700 569 737 604 in
758 568 987 618 necopinata
1006 567 1219 605 obsidione.

107 629 242 679 Itaque
261 645 376 682 quum
396 634 476 684 spei
495 633 591 670 nihil
606 634 653 669 ad
668 632 917 669 resistendum
933 638 1045 675 esset,
1065 633 1108 669 C.
1124 633 1218 669 Car·

105 693 215 731 vilius
235 697 454 747 Spoletinus
474 704 513 734 et
533 698 577 735 C.
596 697 778 734 Afranius
800 710 821 733 a
839 696 1016 747 praesidio
1035 696 1217 732 Romano

106 759 224 803 missi,
243 762 305 810 qui
326 775 347 798 a
366 762 506 799 Perseo
525 768 712 813 peterent,
730 762 867 812 pr1m0‚
885 768 926 797 ut
945 767 1110 797 armatos
1131 773 1218 796 sua-

104 835 177 871 que
196 837 323 863 secum
341 826 505 862 ferentes
525 826 628 863 abire
653 826 817 870 sineret3
850 825 952 868 dein,
972 825 1004 860 si
1030 824 1067 860 id
1093 825 1216 861 minus

103 886 353 937 inpetrarent,
373 890 459 926 vitae
486 896 636 925 tantum
657 888 919 937 libertatisque
939 888 1049 924 fidem
1069 888 1217 938 accipe-

103 958 199 988 rent.
255 951 490 1003 Promissum
518 953 557 989 id
585 952 787 1000 benignius
817 960 875 987 est
903 951 950 988 ab
981 963 1082 1000 rege,
1102 964 1216 1000 quam

102 1011 337 1065 praestitum}
370 1017 472 1053 exire
492 1017 592 1052 enim
612 1029 679 1052 sua
699 1027 826 1052 secum
842 1015 1083 1051 efferentibus
1097 1014 1214 1064 jussis

101 1079 266 1127 primum
285 1091 388 1115 arma
407 1080 572 1116 ademit:
604 1080 663 1115 his
691 1078 782 1115 urbe
808 1079 980 1127 egressiS,
1000 1085 1038 1114 et
1063 1077 1217 1128 Illyrio-

103 1154 186 1178 rum
206 1143 356 1186 cohors,
382 1143 596 1192 (quingenti
617 1143 741 1189 erant)
765 1148 802 1178 et
823 1141 1062 1179 Uscanenses
1086 1154 1125 1178 se
1153 1155 1214 1178 ur-

103 1206 264 1255 bemque
284 1208 517 1251 ded-iderunt.

154 1271 273 1315 XIX.
303 1272 477 1316 Perseus,
497 1272 672 1322 praesidio
694 1273 857 1310 Uscanae
883 1274 1065 1324 inposito,
1086 1272 1215 1309 multi-

100 1336 273 1373 tudinem
309 1349 461 1373 omnem
498 1336 725 1380 deditorum,
764 1350 848 1386 quae
894 1349 1014 1387 prope
1055 1349 1214 1373 numero

101 1400 308 1437 exercitum
328 1401 516 1450 aequabat,
538 1400 738 1437 Stuberam
758 1400 925 1437 abducit.
981 1400 1043 1437 Ibi
1064 1399 1211 1437 Roma-

99 1464 173 1507 nis,
197 1466 377 1514 (quatuor
401 1465 520 1502 millia
545 1471 671 1501 autem
700 1465 898 1501 hominum
924 1466 1049 1511 erant)
1074 1472 1212 1514 praeter

98 1528 301 1578 principes,
333 1529 374 1565 in
406 1529 617 1565 custodiam
654 1529 864 1565 civitatium
902 1529 1046 1573 divisis,
1086 1528 1210 1569 Usca-v

98 1592 278 1628 nensibus
294 1592 507 1642 Illyriisque
521 1593 698 1636 venditis,
713 1595 753 1629 in
769 1593 987 1630 Penestiam
1002 1594 1211 1630 exercitum
1238 1614 1244 1618 Α

97 1655 244 1692 reducit
262 1655 310 1692 ad
325 1655 509 1692 Oaeneum
528 1657 710 1707 oppidum
730 1658 768 1692 in
787 1663 1017 1707 potestatem
1035 1657 1208 1706 redigen·

96 1719 186 1755 dum
202 1733 209 1754 :
233 1725 270 1756 et
289 1719 431 1769 alioqui
447 1728 662 1770 opportune
682 1721 810 1763 situm,
828 1727 865 1756 et
883 1721 1065 1756 transitus
1084 1733 1131 1757 ea
1150 1727 1209 1757 est

97 1783 136 1819 in
173 1783 376 1828 Labeates,
414 1785 477 1821 ubi
511 1785 672 1822 Gentius
706 1785 902 1834 regnabat.
958 1785 1209 1822 Praetereunti

97 1848 272 1897 frequens
303 1849 513 1894 castellum,
534 1849 779 1886 Draudacum
809 1850 978 1892 nomine,
999 1849 1209 1900 peritorum

97 1913 249 1961 qnidam
267 1914 434 1962 regionis
452 1914 546 1965 ejus,
563 1914 656 1950 nihil
677 1915 801 1950 Oaeneo
817 1919 923 1962 capto
938 1927 1026 1961 opus
1041 1926 1124 1956 esse,
1140 1915 1208 1958 ait,

97 1978 166 2013 nisi
185 1979 221 2013 in
234 1982 412 2026 potestate
430 1984 465 2015 et
483 1979 727 2015 Draudacum
745 1980 792 2014 sit
805 1995 816 2014 .·
845 1980 1081 2026 opportunius
1099 1981 1211 2020 etium
1227 2012 1230 2014 .

97 2042 146 2076 ad-
174 2044 294 2078 omnia
323 2045 481 2091 positum
517 2055 598 2079 esse.
654 2043 824 2078 Admoto
858 2043 1039 2085 exercitu,
1077 2055 1208 2079 omnes

97 2106 286 2154 extemplo
305 2107 641 2144 dedideruntvsese.
698 2107 785 2147 Qua
811 2119 877 2157 spe
903 2106 1083 2143 celeriore
1102 2107 1208 2143 dedi-

95 2168 201 2203 tione
218 2178 376 2213 erectus,
390 2179 592 2221 postquam
608 2172 887 2215 animadvertit,
905 2178 1068 2220 quantus
1086 2172 1207 2220 agmi-

95 2231 154 2267 nis
171 2232 226 2267 sui
245 2239 364 2268 terror
378 2241 489 2278 esset,
506 2236 680 2272 undecim
697 2236 771 2272 alia
786 2236 941 2273 castella
956 2236 1088 2272 eodem
1105 2242 1208 2272 metu

96 2295 135 2331 in
154 2303 383 2346 potestatem
403 2299 561 2348 redigit:
594 2301 641 2335 ad
659 2313 849 2352 perpauca
867 2301 904 2337 vi
923 2312 1017 2350 opus
1037 2299 1124 2343 fuit,
1146 2312 1207 2336 ce-

601 2362 636 2399 T
665 2364 687 2400 5
