1546 2648
110 260 297 298 U.C.571.

109 303 296 335 A.C.181.

104 774 239 814 Obpug-

105 824 227 847 nantur
241 826 260 847 a

106 860 275 898 Liguribus

101 902 229 933 AEmilii

102 951 216 977 castra.

99 1985 223 2024 Magna

98 2028 213 2058 Romae
223 2035 282 2058 tre-

96 2072 226 2111 pidatio.

306 157 388 209 248
444 214 449 220 ι
760 172 805 200 T.
826 173 957 202 mvn

306 269 398 307 pore
418 269 512 306 opus
540 270 620 294 esse
638 258 804 303 aiebant,
825 267 867 296 ut
897 262 1026 309 generi
1046 262 1183 309 agresti
1213 261 1410 298 hominum

304 321 617 370 persuaderetur:
650 323 696 359 ad
715 323 788 359 hoc
808 324 934 360 decem
955 325 1097 361 dierum
1119 325 1278 361 induciae
1297 337 1413 374 quum

303 384 496 428 darentur,
516 386 707 435 petierunt
727 387 875 430 deinde,
895 400 940 424 ne
959 393 1057 425 trans
1075 395 1211 425 montes
1232 391 1414 438 proximos

303 454 430 488 castris
450 453 665 500 pabulatum
685 455 932 504 lignatumque
949 456 1081 492 milites
1098 458 1216 492 irent:
1245 457 1342 492 culta
1370 466 1414 490 ea

302 517 382 552 loca
412 529 556 554 suorum
573 518 708 566 finium
737 531 818 556 esse.
875 518 920 555 Id
949 520 1013 556 nbi
1045 521 1294 570 inpetravere,
1323 524 1412 569 post

302 590 366 615 eos
385 579 488 629 ipsos
508 587 671 623 montes,
692 581 791 617 unde
817 587 1030 618 averterant
1057 583 1221 625 hostem,
1243 582 1410 618 exercitu

301 643 404 678 omni
426 649 575 685 coacto,
591 650 748 692 repente
763 643 1006 680 multitudine
1023 645 1169 693 ingenti
1186 651 1308 680 castra
1327 643 1409 679 Ro-

299 717 500 742 manorum
519 705 742 754 obpugnare
770 705 881 741 simul
901 706 1076 743 omnibus
1096 708 1217 757 portis
1243 706 1410 754 adgressi

300 774 399 805 sunt.
458 769 613 804 Summa
641 769 676 804 vi
696 774 821 805 totum
851 769 950 806 diem
971 770 1257 820 obpugnarunt,
1288 771 1341 805 ita
1369 775 1410 805 ut

297 845 346 869 ne
366 833 544 870 efferendi
564 834 715 884 quidem
735 834 845 884 signa
869 835 1056 872 Romanis
1077 837 1254 886 spatium,
1274 848 1344 872 nec
1364 835 1412 872 ad

298 897 559 948 explicandam
580 899 699 935 aciem
718 898 823 936 locus
845 906 955 937 esset.
1012 900 1186 936 Conferti
1216 900 1255 936 in
1274 899 1409 950 portiS,

296 960 488 999 obstando
517 963 653 1011 magis,
681 975 794 1012 quam
823 964 1044 1014 pugnando,
1076 970 1200 1000 castra
1227 963 1409 999 tutaban-

295 1030 372 1061 tur.
428 1024 506 1062 Sub
535 1037 711 1062 occasum
741 1025 830 1062 solis
860 1039 975 1076 quum
1004 1027 1246 1063 recessissent
1264 1026 1410 1068 hostes,

296 1088 391 1124 duos
421 1089 565 1137 equites
595 1090 642 1125 ad
672 1090 744 1126 Cn.
763 1090 936 1126 Baebium
967 1089 1234 1139 proconsulem
1259 1101 1344 1125 cum
1362 1087 1410 1124 li-

295 1152 387 1188 teris
407 1152 513 1188 Pisas
531 1153 662 1196 mittit,
678 1159 722 1189 ut
740 1153 898 1190 obsesso
913 1153 986 1189 sibi
1005 1166 1072 1203 per
1090 1153 1260 1189 inducias
1277 1165 1410 1201 quam-

296 1216 460 1266 primum
477 1215 644 1253 subsidio
664 1217 822 1253 veniret.
877 1216 1031 1253 Baebius
1048 1217 1255 1253 exercitum
1273 1215 1332 1253 M.
1344 1215 1410 1252 Pi-

296 1278 406 1314 nario
425 1279 594 1329 praetori,
615 1280 721 1316 eunti
741 1280 780 1316 in
796 1280 1023 1323 Sardiniam,
1043 1280 1248 1317 tradiderat
1267 1293 1275 1314 z
1307 1285 1409 1315 cete·

295 1353 378 1378 rum
406 1348 444 1378 et
476 1348 650 1378 senatum
678 1342 797 1379 literis
828 1344 1028 1379 certiorem
1057 1342 1163 1386 fecit,
1193 1342 1358 1379 obsideri
1388 1354 1411 1378 a

295 1403 504 1454 Liguribus
534 1405 583 1444 L.
612 1406 828 1450 AEmilium,
859 1412 897 1443 et
921 1405 979 1444 M.
1014 1406 1175 1443 Claudio
1207 1404 1408 1449 Marcello,

295 1467 404 1520 cujus
423 1471 598 1521 proxima
617 1471 704 1507 inde
715 1471 912 1522 provincia
931 1477 1027 1514 erat,
1046 1471 1209 1520 scripsit,·
1228 1475 1283 1513 ut,
1304 1470 1334 1505 si
1353 1469 1410 1504 vi·-

296 1535 447 1571 deretur
475 1535 524 1578 ei,
545 1535 753 1571 exercitum
787 1548 832 1571 ex
862 1534 988 1571 Gallia
1020 1534 1234 1571 traduceret
1266 1534 1306 1569 in
1340 1532 1409 1569 Li-

295 1611 422 1648 gures,
461 1605 499 1635 et
534 1599 581 1635 L.
601 1599 802 1636 AEmilium
838 1599 1015 1635 liberaret
1045 1598 1257 1635 obsidione.
1313 1596 1410 1634 Haec

295 1675 381 1699 sera
404 1663 533 1699 futura
556 1663 697 1700 auxilia
723 1670 844 1700 erant.
900 1663 1062 1712 Ligures
1089 1668 1249 1713 postero
1277 1662 1337 1698 die
1363 1660 1412 1698 ad

295 1733 422 1763 castra
439 1727 610 1764 redeunt.
657 1727 852 1771 AEmilius,
873 1740 988 1776 quum
1005 1733 1043 1763 et
1061 1733 1239 1762 venturos
1261 1725 1408 1767 scisset,

295 1796 334 1827 et
353 1791 511 1827 educere
530 1791 569 1828 in
588 1793 707 1828 aciem
727 1793 929 1842 potuisset,
946 1791 1046 1826 intra
1065 1789 1204 1826 vallum
1233 1801 1320 1825 suos
1350 1794 1407 1824 te-

292 1854 392 1897 nuit,
413 1860 456 1890 ut
489 1856 705 1892 extraheret
725 1869 804 1893 rem
828 1857 867 1892 iu
896 1856 933 1893 id
962 1863 1127 1906 tempus,
1147 1867 1222 1905 quo
1254 1854 1407 1891 Baebius

293 1930 380 1954 cum
399 1919 566 1954 exercitu
587 1919 714 1955 venire
734 1932 755 1955 a
775 1920 872 1955 Pisis
892 1925 1033 1969 posset.

347 1980 501 2018 XXVI.
529 1981 665 2018 Romae
680 1996 856 2032 magnam
876 1983 1169 2032 trepidationem
1185 1981 1304 2018 literae
1319 1980 1404 2017 Bae-

292 2044 346 2082 bii
377 2045 574 2082 fecerunt:
608 2058 653 2083 eo
680 2046 878 2097 majorem,
910 2047 1010 2096 quod
1040 2058 1181 2097 paucos
1211 2052 1298 2095 post
1326 2045 1404 2081 dies

291 2108 511 2152 BIarcellus,
545 2110 698 2145 tradito·
722 2111 888 2146 exercitu
922 2109 1056 2152 Fabio,
1092 2108 1256 2144 Romam
1286 2120 1401 2156 quum

290 2173 468 2215 venisset,
490 2185 594 2223 spem
614 2174 768 2216 ademit,
789 2186 888 2216 eum,
907 2174 969 2222 qui
999 2174 1036 2208 in
1059 2172 1185 2208 Gallia
1205 2178 1317 2214 esset,
1339 2183 1402 2207 ex-

291 2236 450 2272 ercitum
470 2236 508 2271 in
537 2235 697 2285 Ligures
718 2237 863 2273 traduci
893 2248 1018 2286 posse,
1049 2237 1137 2285 quia
1155 2234 1296 2271 bellum
1317 2246 1402 2270 cum

290 2297 398 2335 [stris
429 2309 540 2343 esset,
561 2299 850 2350 prohibentibus
882 2298 1072 2336 coloniam
1092 2297 1306 2349 Aquileiam
1335 2297 1398 2333 de-
