1546 2648
395 155 552 184 LIBER
577 153 782 182 XXXVII·
815 152 923 181 ΟΑΡ.
946 151 1040 181 vn.
1231 150 1256 191 9

141 244 342 296 praemissis
380 244 590 294 Hypatam,
625 242 689 291 qui
721 241 868 277 tradere
907 239 1037 275 urbem
1060 236 1256 288 juberent,

139 315 340 360 postquam
374 321 596 359 responsum
631 313 701 350 est,
732 305 841 348 nihil,
875 305 947 340 nisi
981 316 1027 339 ex
1064 303 1257 339 communi

137 373 359 410 AEtolorum
380 373 547 414 decreto,
569 371 737 408 facturos
755 386 765 415 3
799 382 846 405 ne
876 374 1024 404 teneret
1047 379 1085 403 se
1105 367 1255 416 obpug-

138 438 244 473 natio
265 437 445 486 Hypatae,
463 435 634 472 nondum
652 434 858 484 Amphissa
877 438 1042 482 recepta,
1059 432 1255 481 praemisso

136 501 254 538 fratre
272 502 471 544 Africano,
494 500 739 550 Amphissam
769 498 883 534 ducit.
942 496 1019 532 Sub
1050 496 1254 532 adventum

136 578 267 601 eorum
288 565 482 615 oppidani,
504 564 636 600 relicta
656 562 761 605 urbe,
786 561 885 612 (jam
912 561 1012 597 enim
1038 572 1178 608 magna
1206 572 1254 596 ex

135 637 243 680 parte
262 631 404 666 nudata
424 629 612 666 moenibus
643 629 740 673 erat)
773 627 811 662 in
842 638 1114 675 a1·cen1,-quam
1144 625 1252 660 inex-

134 696 379 746 pugnabilem
414 696 573 738 habent,
608 706 738 731 onmes
773 693 908 729 armati
946 698 1059 740 atque
1089 692 1250 727 inermes

133 774 364 798 concessere.
423 760 567 797 Consul
587 773 652 796 sex
681 759 800 795 millia
827 758 944 794 ferme
963 769 1142 807 passuum
1162 756 1249 792 inde

131 826 260 874 posuit
294 831 446 861 castra:
490 837 536 860 eo
572 824 689 873 legati
727 824 981 859 Athenienses
1008 823 1171 872 primum
1204 822 1250 858 ad

130 888 172 925 P.
195 888 430 938 Scipionem,
450 901 699 938 praegressum
731 899 881 935 agmen,
914 887 1029 933 (sieut
1057 893 1145 921 ante
1171 886 1249 922 dic-

129 959 210 988 tum
234 953 308 997 est)
331 952 465 988 deinde
491 953 536 988 ad
561 951 755 988 consulem
784 957 980 992 venerunt,
1003 950 1247 999 deprecantes

127 1029 197 1066 pro
216 1016 374 1053 AEtolis.
417 1017 652 1052 Clementius
674 1027 896 1065 responsum
914 1014 961 1050 ab
982 1015 1166 1050 Africano
1186 1022 1248 1050 tu-

128 1080 278 1117 lerunt:
311 1081 390 1130 qui,
424 1093 597 1118 caussam
626 1079 863 1128 relinquendi
892 1078 1054 1114 honeste
1083 1078 1248 1114 AEtolici

127 1143 216 1180 belli
237 1157 421 1193 quaerens,
438 1145 568 1180 Asiam
584 1152 621 1180 et
640 1156 766 1192 regem
780 1143 1016 1178 Antiochum
1033 1142 1244 1192 spectabat,

120 1207 362 1258 jusseratque
381 1209 650 1250 Athenienses,
667 1220 745 1243 non
761 1207 948 1243 Romanis
964 1206 1101 1250 solum,
1122 1214 1161 1243 ut
1177 1220 1244 1258 pa-

126 1285 209 1309 cem
230 1273 329 1308 bello
350 1273 584 1323 praeferreut,
607 1272 670 1308 sed
698 1273 813 1308 etiam
832 1271 975 1308 AEtolis
1005 1273 1244 1322 persuadere.

125 1337 321 1380 Celeriter,
351 1337 575 1373 ‘auctoribus
613 1337 926 1379 Atheniensibus,
969 1336 1146 1385 frequens
1194 1337 1243 1374 ab

124 1402 281 1452 Hypata
301 1403 441 1451 legatio
461 1401 682 1438 Esstolorum
702 1402 804 1437 venit
823 1416 829 1436 τ
864 1407 901 1437 et
930 1413 1035 1451 spem
1064 1402 1166 1451 pacis
1188 1403 1241 1438 eis

123 1479 245 1502 sermo
266 1468 381 1502 etiam
400 1465 587 1509 Africani,
606 1478 716 1514 quem
732 1466 896 1515 priorem
913 1465 1100 1507 adierunt,
1118 1466 1238 1509 auxit,

118 1531 467 1574 commemorantis,
486 1533 618 1568 multas
630 1535 751 1578 gentes
765 1531 990 1578 populosque
1007 1531 1043 1566 ἱη.
1059 1531 1240 1580 Hispania

118 1600 231 1647 prius,
254 1599 381 1633 deinde
402 1600 434 1633 in
452 1597 592 1645 Africa,
615 1598 774 1646 infidem
792 1609 895 1632 suam
917 1598 1048 1632 venisse
1063 1613 1076 1633 .·
1104 1598 1141 1632 in
1161 1609 1237 1632 om-

118 1664 218 1699 nibus
235 1676 272 1699 se
296 1661 436 1708 majora
463 1664 657 1698 clementiae
686 1662 997 1710 benignitatisque,
1028 1674 1136 1710 qnam
1164 1663 1239 1697 vir-

117 1730 204 1764 tutis
223 1728 367 1771 bellicae,
388 1733 619 1764 monumenta
639 1729 831 1776 reliquisse.
889 1727 1064 1763 Perfecta
1083 1727 1236 1764 videba-

119 1800 181 1829 tur
208 1806 281 1837 res,
304 1806 420 1842 quum
450 1793 573 1829 aditus
604 1792 737 1830 consul
766 1792 864 1828 idem
892 1791 983 1827 illud
1009 1803 1234 1842 responsum

118 1858 260 1901 retulit,
282 1871 358 1907 quo
377 1858 499 1907 fugati
519 1858 566 1894 ab
588 1865 720 1894 senatu
740 1856 903 1894 fuerant.
958 1856 1019 1892 Eo
1038 1863 1234 1906 tamquam

116 1936 216 1960 novo
236 1936 349 1973 quum
371 1924 437 1959 icti
457 1923 582 1959 AEtoli
603 1929 742 1965 essent,
768 1921 882 1972 (nihil
911 1922 1011 1958 enim
1037 1935 1108 1958 nec
1126 1922 1233 1971 lega-

114 1989 219 2024 tione
239 1988 547 2030 Atheniensium,
567 2001 637 2024 nec
667 1987 817 2038 placido
846 1976 1019 2023 Africani
1047 1998 1233 2037 responso

113 2052 326 2104 profectum
346 2053 544 2100 videbant)
567 2053 706 2089 referre
726 2052 772 2088 ad
793 2063 881 2087 suos
901 2052 1078 2087 dixerunt
1099 2051 1204 2089 velle.

167 2116 257 2153 VH.
286 2116 468 2153 Reditum
493 2116 581 2153 inde
609 2116 805 2167 Hypatam
836 2121 907 2158 est,
929 2127 1000 2151 nec
1029 2114 1230 2153 consilium

115 2179 406 2230 expediebatur:
439 2194 528 2217 nam
558 2193 694 2230 neque,
716 2179 815 2216 unde
835 2178 936 2216 mille
956 2178 1143 2216 talentum
1163 2180 1229 2216 da-

113 2252 232 2287 retur,
250 2251 331 2281 erat
342 2261 354 2292 5
386 2252 438 2289 et,
459 2246 644 2296 permisso
673 2244 795 2281 libero
825 2243 998 2287 arbitrio,
1018 2257 1066 2280 ne
1085 2244 1124 2280 in
1145 2257 1229 2281 cor-

109 2321 203 2361 pora
223 2321 291 2346 sua
310 2310 516 2357 saeviretur,
537 2309 773 2349 metuebant.
827 2308 969 2347 Redire
987 2309 1116 2362 itaque
1143 2321 1227 2348 eos·

645 2373 721 2413 135

1271 241 1360 271 U.C.
1376 246 1450 273 562.

1270 286 1307 315 A.
1324 284 1361 316 C.
1377 292 1451 317 190.

1263 760 1361 790 AEtoii
1381 771 1436 799 pa·

1262 813 1333 834 cem
1350 814 1439 844 quae.

1262 855 1348 879 runt.
