1546 2648
152 311 198 341 U.
212 309 250 340 C.
269 316 339 346 ⁵67-

151 355 192 384 A.
209 354 247 384 C.
266 361 337 385 185.

141 2108 181 2138 U.
198 2108 236 2139 C.
256 2114 330 2141 568.

142 2153 182 2183 Α.
198 2152 236 2183 C.
256 2159 328 2186 184.

360 217 441 260 ¹90
813 215 859 243 τ.
884 215 1017 244 mvn

355 306 479 356 primo
515 309 674 354 negatus
708 309 803 346 erat,
841 302 1027 340 honorem
1059 310 1297 355 repetentes:
1337 303 1466 347 etiam,

355 371 443 419 quia
462 369 544 420 plus
564 381 676 418 quam
693 380 808 403 unum
829 380 874 404 ex
893 369 1061 418 patriciis
1079 370 1198 405 creari
1215 381 1292 405 non
1311 367 1466 411 licebat,

354 435 473 471 artior
492 434 627 484 petitio
647 440 810 482 quatuor
828 433 1046 483 petentibus
1067 440 1159 470 erat.
1206 432 1352 470 Plebeii
1371 445 1466 482 quo-

355 511 428 548 qne
457 498 615 548 gratiosi
640 496 815 533 homines
846 497 1042 547 petebant,
1063 498 1108 535 L.
1129 498 1302 541 Porcius,
1321 497 1371 536 Q.
1390 496 1467 533 Te·

354 563 498 599 rentius
529 560 677 603 Culleo,
708 560 779 597 Cn.
802 560 955 598 Baebius
984 561 1231 613 Tamphilus:
1273 567 1311 598 et
1338 560 1380 596 hi
1407 573 1468 596 re-

354 626 468 678 pulsi,
489 626 526 662 in
547 638 652 676 spem
678 625 895 675 inpetrandi
913 626 1067 662 tandem
1087 625 1290 676 aliquando
1308 624 1466 660 honoris

356 690 475 727 dilati.
532 687 711 725 Claudius
728 701 824 724 unus
845 702 892 725 ex
907 689 1083 726 omnibus
1103 702 1224 726 novus
1244 688 1466 725 candidatus

357 762 449 792 erat.
498 754 691 804 Opinione
709 745 909 789 hominum
927 754 1030 790 haud
1049 754 1162 790 dubie
1181 752 1469 790 destinabantur

356 819 405 858 Q.
421 818 562 855 Fabius
580 817 713 853 Labeo
734 823 772 852 et
791 816 838 853 L.
857 817 1016 854 Porcius
1036 818 1193 854 Licinus
1213 832 1220 853 t
1253 817 1318 854 sed
1352 816 1467 852 Clau-

356 883 439 920 dius
460 882 593 919 consul
613 883 693 918 sine
712 881 910 919 lictoribus
929 895 1014 919 cum
1033 882 1151 920 fratre
1166 888 1251 918 toto
1270 881 1356 918 foro
1371 880 1467 917 voli-

356 948 487 991 tando,
508 946 790 983 clamitantibus
811 947 1034 984 adversariis
1054 953 1092 983 et
1111 946 1255 997 majore
1274 952 1381 996 parte
1406 958 1466 982 se·

354 1018 482 1056 uatus,
501 1013 699 1048 meminisse
717 1024 798 1047 eum
817 1012 941 1048 debere
955 1014 1070 1061 prius,
1090 1024 1126 1049 se
1144 1013 1322 1049 consulem
1339 1011 1468 1060 populi

354 1076 526 1120 Romani,
547 1088 654 1125 quam
662 1075 827 1124 fratrem
846 1077 891 1113 P.
914 1077 1070 1121 Claudii,
1091 1089 1187 1114 esse:
1214 1078 1298 1125 quin
1316 1077 1392 1119 ille,
1411 1087 1466 1112 se-

355 1142 439 1177 dens
453 1154 522 1189 pro
539 1141 724 1184 tribunali,
745 1145 809 1175 aut
828 1141 1017 1183 arbitrum,
1038 1146 1103 1177 aut
1123 1142 1272 1177 tacitum
1288 1144 1467 1188 spectato-

352 1218 429 1241 rem
445 1206 669 1241 comitiorum
682 1216 718 1239 se
735 1204 906 1252 praeberet
918 1221 932 1248 ‚·
951 1206 1117 1241 coerceri
1132 1211 1258 1241 tamen
1279 1203 1326 1240 ab
1346 1202 1466 1240 effuso

354 1269 480 1305 studio
501 1268 661 1317 nequiit.
716 1267 872 1317 Magnis
893 1269 1204 1305 contentionibus
1223 1268 1465 1305 tribunorum

352 1345 504 1382 quoque
532 1331 671 1384 plebei,
702 1332 766 1380 qui
795 1338 862 1368 aut
890 1338 1025 1369 contra
1053 1332 1262 1376 consulem,
1292 1337 1359 1368 aut
1393 1342 1464 1381 pro

353 1399 480 1435 studio
509 1397 589 1448 ejus
610 1396 848 1448 pugnabant,
869 1398 1025 1434 comitia
1053 1397 1253 1447 aliquoties
1283 1394 1461 1432 turbata:

352 1463 474 1499 donec
503 1462 662 1514 pervicit
689 1462 851 1512 AppiuS,
883 1469 938 1505 ut,
968 1460 1117 1512 dejecto
1146 1451 1282 1503 Fabio,
1308 1460 1464 1496 fratrem

351 1527 532 1565 traheret.
579 1527 738 1563 creatus
759 1526 801 1563 P.
822 1526 1002 1563 Claudius
1023 1526 1186 1563 Pulcher
1204 1532 1341 1576 praeter
1358 1536 1464 1574 spem

351 1604 458 1627 suam
484 1597 522 1627 et
541 1596 753 1626 ceterorum
772 1605 779 1626 :
812 1590 938 1626 locum
958 1603 1065 1626 suum
1087 1590 1211 1626 tenuit
1238 1588 1284 1626 L.
1306 1588 1463 1625 Porcius

349 1655 523 1698 Licinus,
544 1655 632 1704 quia
661 1653 864 1690 moderatis
894 1643 1042 1698 studiis,
1064 1667 1142 1691 non
1171 1654 1206 1690 vi
1237 1653 1461 1695 Claudiana,

349 1721 450 1758 inter
465 1719 632 1771 plebeios
654 1726 839 1756 certatum
861 1727 932 1757 est.
978 1720 1189 1757 Praetorum
1205 1719 1292 1756 inde
1308 1718 1463 1755 comitia

349 1792 439 1822 suut
468 1785 612 1822 habita.
670 1784 713 1821 C.
743 1784 939 1821 Decimius
969 1785 1121 1827 Flavus,
1149 1784 1191 1821 P.
1216 1782 1461 1833 Sempronius

347 1848 522 1898 Longus,
543 1849 586 1886 P.
608 1847 810 1885 Cornelius
834 1849 1041 1897 Cethegus,
1061 1849 1111 1888 Q.
1130 1848 1286 1884 Naevius
1305 1845 1459 1889 Matho,

349 1914 392 1950 C.
407 1913 653 1964 Sempronius
669 1912 829 1956 Blaesus,
846 1914 894 1949 A.
910 1912 1111 1949 Terentius
1127 1912 1264 1955 Varro,
1280 1918 1460 1961 praetores

345 1977 450 2014 facti.
509 1976 605 2014 Haec
634 1989 680 2012 eo
709 1989 824 2019 anno,
852 1989 927 2025 quo
956 1976 1030 2026 Ap.
1051 1975 1246 2019 Claudius,
1274 1974 1332 2012 M.
1353 1975 1459 2011 Sem·

345 2042 502 2091 pronius
523 2041 696 2078 consules
716 2041 884 2085 fuerunt,
903 2041 1003 2077 domi
1025 2040 1242 2090 militiaeque
1258 2046 1377 2089 gesta.

398 2105 601 2142 XXXIII.
632 2106 826 2156 Principio
843 2106 1075 2155 insequentis
1092 2106 1182 2142 anni
1200 2105 1244 2142 P.
1262 2103 1457 2147 Claudius,

342 2169 388 2207 L.
409 2169 567 2206 Porcius
588 2169 777 2213 consules,
798 2183 914 2220 quum
930 2171 979 2210 Q.
1000 2170 1189 2214 Caecilius,
1209 2169 1266 2207 M.
1287 2169 1455 2212 Baebius,

341 2241 379 2270 et
406 2234 468 2271 Ti.
490 2234 749 2285 SemproniuS,
770 2235 832 2283 qui
863 2235 909 2271 ad
929 2235 1214 2285 disceptandum
1246 2235 1343 2270 inter
1362 2233 1453 2270 Phi-

339 2298 486 2349 lippum
505 2305 543 2335 et
562 2299 772 2335 Eumenem
793 2311 900 2347 reges
915 2299 1262 2349 Thessalorumque
1280 2299 1451 2336 civitates
1514 2308 1526 2321 ·

339 2363 444 2400 missi
460 2369 581 2406 erant,
595 2362 827 2412 legationem
845 2364 1145 2408 renunciassent,
1159 2375 1291 2413 regum
1302 2374 1452 2413 quoque
