1546 2648
337 127 496 157 LIBER
517 125 637 157 XLV.
669 125 778 155 CAP.
800 126 910 155 xxl.
1097 129 1181 173 503

67 216 176 254 litate
195 216 305 255 editis
331 217 534 260 mandatis,
555 215 700 253 AEnum
721 215 794 253 sibi
814 223 852 252 et
869 215 1096 254 Maroneam
1116 231 1181 268 pe·
1196 225 1239 257 U.
1252 224 1288 256 C.
1304 231 1377 258 5⁸⁵.

67 282 142 318 tiit.
186 282 248 319 Ita
275 282 458 319 destituta
487 293 618 318 eorum
644 292 724 331 spe,
746 281 825 330 qui,
848 280 966 318 fratre
989 290 1182 327 accusatu,
1194 270 1235 300 A·
1251 269 1289 301 C·
1306 273 1377 305 ¹⁶⁷·

66 347 312 397 partitionem
332 347 439 396 regni
456 346 664 396 petiturum
684 345 936 389 crediderant,
956 348 1098 384 curiam
1118 361 1183 385 ex-

67 413 192 450 cessit.
241 412 296 450 Ut
326 425 412 449 raro
442 411 534 449 alias
566 412 781 461 quisquam,
810 424 877 448 rex
905 418 973 448 aut
1000 413 1184 462 privatuS,

67 482 176 513 tanto
195 475 327 513 favore
347 482 531 525 tantoque
550 477 721 512 omnium
748 476 910 512 adsensu
930 483 987 512 est
1006 476 1156 513 auditus
1170 493 1181 523 3

66 541 243 579 omnibus
278 541 487 578 honoribus
517 541 827 591 muneribusque,
861 548 900 578 et
933 554 1097 592 praesens
1128 548 1186 579 est

66 605 205 649 cultus,
225 613 262 643 et
284 607 585 656 proficiscentem
607 607 799 656 prosecuti
819 613 920 644 sunt.
963 606 1071 643 Inter
1086 607 1184 643 mul-

64 677 126 707 tas
145 672 247 707 Asiae
267 671 500 720 Graeciaeque
520 671 731 719 legationes
758 671 1002 708 Rhodiorum
1021 673 1185 708 maxime
1199 669 1400 719 Rhodiorum

67 735 184 784 legati
205 737 398 772 civitatem
423 742 718 772 converterunt:
751 748 838 772 nam
859 749 975 785 quum
1001 736 1126 786 primo
1145 714 1325 773 inlegauo'

65 806 169 836 veste
190 801 348 837 candida
367 801 435 837 visi
457 807 597 843 essent,
625 800 727 850 quod
757 800 991 849 gratulantes
1011 800 1186 845 decebat,

67 869 118 906 et,
140 864 171 899 si
190 864 380 900 sordidam
400 871 547 900 vestem
565 864 803 908 habuissent,
825 864 1038 914 lugentium
1058 865 1188 902 Persei

67 940 195 964 casum
209 927 377 979 praebere
392 929 555 978 speciem
574 935 754 978 poterant
766 945 778 974 3
801 936 1004 979 postquam
1021 928 1187 966 consulti

67 992 114 1029 ab
133 991 190 1030 M.
210 993 235 1028 J
239 993 329 1029 unio
345 993 500 1029 consule
517 993 666 1036 Patres,
687 992 879 1029 stantibus
896 994 935 1029 in
956 994 1114 1029 comitio
1129 992 1185 1029 le-

69 1056 181 1105 gatis,
203 1069 250 1093 an
276 1056 417 1100 locum,
437 1056 570 1100 lautia,
598 1063 847 1105 senatumque
870 1056 1018 1100 darent,
1040 1056 1186 1093 nullum

67 1121 257 1171 hospitale
270 1121 335 1172 jus
356 1123 393 1158 in
415 1123 459 1158 iis
480 1121 705 1158 servandum
727 1128 981 1167 censuerunt,
1013 1133 1185 1170 egressus

67 1197 88 1220 e
108 1186 211 1221 curia
231 1185 380 1229 consul,
401 1198 514 1235 quum
542 1185 703 1229 Rhodii,
724 1184 956 1235 gratulatum
984 1197 1024 1221 se
1043 1185 1089 1222 de
1106 1185 1186 1221 vic-

67 1249 167 1285 toria
185 1255 463 1299 purgatumque
480 1250 643 1287 civitatis
665 1249 823 1286 crimina
838 1249 1006 1285 dicentes
1023 1249 1185 1292 venisse,

68 1314 266 1364 petissent,
284 1320 326 1350 ut
346 1320 498 1350 senatus
519 1314 591 1350 sibi
611 1314 777 1357 daretur,
795 1314 1048 1364 pronunciat:
1071 1314 1188 1350 Sociis

66 1382 103 1414 et
134 1380 258 1415 amicis
285 1383 320 1415 et
346 1379 423 1415 alia
452 1381 599 1415 comiter
624 1383 732 1426 atque
762 1379 989 1427 hospitaliter
1012 1383 1189 1427 praestare

68 1442 262 1486 Romanos,
283 1448 318 1480 et
334 1448 498 1479 senatum
518 1444 607 1479 dare
626 1455 826 1479 consuesse:
855 1442 1017 1479 Rhodios
1041 1454 1110 1479 non
1134 1443 1187 1478 ita

67 1508 212 1543 meritos
230 1520 270 1543 eo
288 1508 393 1550 bello,
410 1514 450 1544 ut
466 1510 662 1544 amicorum
680 1510 853 1544 sociorum
869 1519 1017 1544 numero
1036 1507 1189 1544 habendi

69 1572 150 1607 sint.
182 1570 254 1607 His
275 1572 426 1614 auditis,
443 1578 729 1620 prostraverunt
749 1584 787 1607 se
804 1584 935 1608 omnes
954 1571 1076 1614 humi,
1093 1583 1186 1607 con-

70 1634 265 1684 sulemque
291 1642 328 1671 et
357 1643 530 1678 cunctos,
553 1636 614 1684 qui
637 1635 808 1679 aderant,
830 1641 998 1678 orantes,
1019 1647 1068 1671 ne
1086 1646 1188 1671 nova

67 1697 237 1747 falsaque
257 1700 415 1735 crimina
437 1699 519 1749 plus
541 1699 676 1735 obesse
702 1699 865 1735 Rhodiis
887 1711 1036 1747 aequum
1056 1710 1188 1734 cense-

43 1770 165 1807 ‚rent,
186 1776 298 1813 quam
329 1764 486 1814 antiqua
514 1764 663 1806 merita,
692 1775 853 1813 quorum
883 1763 954 1813 ipsi
981 1768 1097 1799 testes
1128 1774 1188 1799 es-

66 1834 162 1865 sent.
218 1828 440 1879 Extemplo,
464 1836 565 1865 veste
588 1828 740 1864 sordida
759 1834 898 1871 sumta,
919 1827 1053 1864 domos
1080 1827 1187 1877 prin-

68 1893 194 1943 cipum
213 1906 298 1929 cum
318 1893 492 1943 precibus
513 1905 557 1929 ac
581 1892 746 1928 lacrimis
777 1892 1045 1934 circumibant,
1070 1903 1185 1927 oran-

67 1962 139 2000 tes,
160 1963 202 1993 ut
228 1957 331 2007 prius
352 1962 628 2006 cognoscerent
657 1967 843 1999 caussam,
871 1967 984 2004 quam
1005 1954 1186 1992 condem-

68 2026 261 2057 narentur.

122 2083 239 2120 XXI.
266 2085 336 2122 Μ’.
356 2085 559 2121 Juventius
589 2084 742 2121 Thalna
769 2089 925 2134 praetor,
950 2082 1057 2133 cujus
1085 2082 1334 2131 interThfssnae
1352 2093 1402 2113 ro-

70 2148 169 2183 cives
189 2155 227 2184 et
245 2151 465 2197 peregrinos
484 2149 704 2200 jurisdictio
730 2156 824 2193 erat,
852 2148 1035 2199 populum
1054 2147 1185 2183 adver·
1198 2133 1402 2200 {agffdfflsrfm

70 2225 132 2249 sus
150 2212 324 2248 Rhodios
344 2214 528 2250 incitabat
544 2229 551 2250 :
585 2215 901 2263 rogationemque
920 2212 1185 2263 promulgave-

67 2283 139 2321 rat,
167 2277 216 2314 Ut
234 2277 387 2314 Rhodiis
405 2278 536 2315 bellum
560 2280 802 2316 indiceretur:
833 2284 868 2315 et
892 2290 935 2315 ex
962 2277 1185 2325 magistrati-
