1546 2648
303 153 456 184 LIBER
478 153 595 182 XLV.
627 152 734 180 CAP.
760 150 929 179 xxxu.
1090 148 1172 193 519

63 245 155 281 rium
176 244 420 281 Romanorum
438 248 651 291 spectarent.
707 240 768 277 Ab
794 241 852 276 his
879 239 987 276 editis
1006 239 1172 276 nomini·
1186 245 1228 275 U.
1241 246 1278 275 C.
1294 251 1366 278 ⁵85.

64 307 149 351 bus,
170 309 314 344 evocati
346 307 463 343 literis
489 305 727 355 imperatoris
755 317 800 340 ex
819 303 981 346 AEtolia,
1001 304 1170 340 Acarna-

64 373 215 421 niaque,
236 379 273 408 et
293 372 425 421 Epiro,
456 378 493 406 et
512 370 681 411 Boeotia,
711 368 775 417 qui
795 367 961 404 Romam
991 368 1036 404 ad
1064 381 1171 404 caus-

1183 290 1223 319 A.
1241 289 1277 320 C.
1296 295 1368 323 167·

1186 349 1372 387 Inquisitio-

1185 402 1240 422 nes
1257 402 1289 421 in
1306 401 1360 422 eos

63 448 142 484 sam
162 436 358 472 dicendam
385 441 652 484 sequerentur:
685 434 723 469 in
749 433 935 469 Achaiam
965 445 1012 469 ex
1043 432 1172 469 decem
1184 437 1238 474 qui
1257 435 1340 464 fave-

61 497 274 548 legatorum
297 512 457 536 numero
475 498 637 549 profecti
658 497 747 539 duo,
777 497 820 533 C..
842 495 1021 532 Claudius
1042 503 1079 532 et
1100 496 1169 533 Cn.

61 561 270 606 Domitius,
292 569 334 600 ut
363 563 434 613 ipsi
461 563 585 598 edicto
616 567 828 598 evocarent.
887 559 931 596 Id
962 560 1106 596 duabus
1125 560 1172 597 de

61 627 201 662 caussis
221 627 388 663 factum:
421 639 510 669 una,
534 626 635 675 quod
654 625 800 661 fiduciae
827 623 910 674 plus
937 624 1170 661 animorum-

61 703 133 739 que
165 704 245 727 esse
273 691 422 727 Achaeis
456 691 504 727 ad
539 703 617 726 non
648 690 854 740 parendum
884 689 1102 733 credebant,
1134 696 1172 725 et

60 755 222 792 forsitan
249 756 362 792 etiam
393 757 429 792 in
461 755 629 805 periculo
659 753 741 790 fore
769 753 1009 790 Callicratem
1043 760 1080 790 et
1109 766 1171 790 ce-

62 825 162 855 teros
196 820 394 856 criminum
428 827 601 856 auctores
621 818 906 867 delatoresque:
938 817 1069 862 altera,
1104 831 1171 855 cur

59 890 262 933 praesentes
283 890 499 926 evocarent,
521 895 653 919 caussa
672 890 765 926 erat,
794 883 892 932 quod
910 895 956 919 ex
975 883 1057 919 aliis
1078 895 1171 932 gen-

58 947 161 984 tibus
197 948 410 998 principum
447 947 574 983 literas
611 947 862 996 deprehensas
900 947 939 982 in
977 960 1171 983 commen-

60 1012 166 1048 tariis
198 1012 310 1061 regiis
338 1010 557 1048 habebant:
592 1011 629 1046 in
650 1011 800 1046 Achaeis
830 1023 970 1047 caecum
997 1019 1077 1046 erat
1096 1011 1170 1046 cri-

59 1088 162 1119 men,
182 1076 294 1112 nullis
314 1088 444 1112 eorum
467 1075 584 1111 literis
606 1076 780 1112 inventis.
827 1074 969 1111 AEtolis
990 1075 1169 1118 dimissis,

59 1141 302 1176 Acarnanum
323 1142 439 1177 citata
459 1153 550 1189 gens
568 1154 575 1175 :
606 1140 645 1175 in
665 1140 723 1175 his
751 1139 847 1175 nihil
880 1147 1075 1182 novatum,
1096 1141 1168 1176 nisi

59 1203 160 1252 quod
178 1203 325 1240 Leucas
346 1209 495 1240 exemta
515 1209 569 1239 est
586 1204 828 1240 Acarnanum
849 1203 1024 1241 concilio.
1053 1204 1169 1243 Quae-

56 1269 174 1304 rendo
207 1268 342 1305 deinde
370 1268 498 1311 latius,
528 1268 592 1316 qui
617 1266 766 1317 publice
796 1273 861 1304 aut
886 1268 1063 1317 privatim
1081 1281 1167 1318 par-

58 1333 151 1368 tium
180 1333 279 1381 regis
299 1332 475 1375 fuissent,
505 1332 544 1368 in
564 1332 695 1367 Asiam
725 1344 874 1380 quoque
905 1333 1165 1380 cognitionem

55 1398 258 1434 extendere
277 1412 285 1432 :
318 1404 355 1434 et
381 1397 428 1433 ad
448 1397 631 1433 Antissan
651 1397 690 1432 in
710 1396 837 1432 Lesbo
864 1396 987 1433 insula
1012 1398 1164 1434 diruen—

56 1461 156 1504 dam,
187 1462 437 1498 traducendos
465 1461 731 1511 Methymnam
756 1461 982 1504 Antissaeos,
1013 1461 1165 1499 Labeo-

55 1538 140 1562 nem
154 1527 360 1572 miserunt3
383 1526 484 1575 quod
499 1526 749 1567 Antenorem,
770 1526 915 1574 regium
931 1526 1165 1577 praefectum‚
1215 1552 1221 1557 s

55 1602 131 1638 quo
150 1596 321 1639 tempore
344 1602 429 1625 cum
458 1589 590 1625 lembis
612 1589 710 1625 circa
729 1588 896 1625 Lesbum
917 1598 974 1626 est
993 1598 1164 1639 vagatus,

55 1660 167 1703 portu
204 1660 397 1704 receptum
428 1653 701 1690 commeatibus
726 1652 929 1702 juvissent.
985 1654 1076 1691 Duo
1107 1668 1166 1700 se—

53 1720 133 1755 curi
165 1719 330 1769 percussi
361 1720 430 1755 viri
459 1720 653 1767 insignes,
684 1719 926 1755 Andronicus
954 1720 1165 1756 Andronici

55 1784 152 1820 filius
171 1783 341 1826 AEtolus,
369 1784 484 1833 quod,
513 1791 660 1833 patrem
693 1791 857 1826 secutus,
894 1797 999 1820 arma
1032 1793 1166 1822 contra

53 1848 234 1898 populum
273 1848 490 1884 Romanum
530 1847 701 1884 tulisset:
745 1855 782 1884 et
819 1848 905 1884 Neo
942 1848 1163 1893 Thebanus,

54 1926 129 1961 quo
149 1920 304 1949 auctore
323 1914 544 1949 societatem
564 1925 650 1949 cum
669 1912 809 1948 Perseo
822 1912 1045 1962 junxerant.

104 1976 285 2014 XXXII.
343 1977 416 2013 His
452 1989 574 2012 rerum
606 1983 846 2012 externarum
878 1977 1163 2024 cognitionibus

52 2040 300 2090 interpositis,
331 2040 589 2076 Macedonum
623 2052 748 2075 rursus
783 2040 1007 2076 advocatan
1032 2042 1165 2077 conci-

51 2103 168 2139 lium:
209 2105 516 2154 pronunciatum,
549 2105 655 2145 Quod
689 2105 738 2140 ad
768 2109 903 2140 statum
939 2105 1165 2142 Macedonia?

48 2167 261 2214 pertinebat,
294 2174 484 2210 senatores,
527 2179 613 2216 quos
649 2167 828 2215 Synedros
867 2173 1010 2211 vocant,
1046 2170 1165 2216 legen-

51 2232 114 2266 dos
142 2242 224 2272 esse,
255 2243 403 2278 quorum
432 2232 576 2268 consilio
603 2231 801 2279 respublica
834 2233 1164 2269 α(1νηίηἰεέτίιτείιω·ᾖ

1185 485 1255 509 rant
1265 478 1386 509 Perseo.
