1546 2648
119 271 164 303 U.
178 272 215 303 C.
230 278 303 308 571.

118 316 162 347 A.
176 315 212 346 C.
229 322 299 347 181.

111 1358 195 1388 Victi

110 1399 271 1432 Celtiberi.

315 182 398 227 254
457 217 462 224 ⁵
763 180 810 210 τ.
834 180 972 211 mvn

315 284 388 321 que
416 282 511 314 sese,
532 269 564 307 si
590 269 758 307 hostium
788 272 1000 320 equitatum
1029 277 1230 308 exeuntem
1258 270 1424 307 vidisset.

313 335 389 379 Ita,
411 341 453 371 ut
480 341 711 385 praeceptum
738 341 832 378 erat,
852 334 956 373 fecit.
1010 335 1084 371 Per
1103 335 1180 370 dies
1201 334 1347 384 aliquot
1365 335 1424 370 ni-

310 399 367 436 hil
396 398 495 436 ultra
521 391 689 441 motur‘n,
704 411 815 447 quam
844 405 886 434 ut
913 399 973 435 hae
993 399 1073 436 duae
1093 406 1225 435 turmae
1245 397 1423 434 ostende-

310 469 468 500 rentur:
500 463 586 499 dein
617 463 928 506 subducerentur,
950 464 1014 500 ubi
1039 463 1227 512 equitatus
1255 463 1423 499 hostium

311 527 444 564 castris
464 527 800 576 procucurrissent.
821 548 828 554 -
856 527 1056 563 Postremo
1077 527 1274 570 Celtiberi,
1296 526 1420 563 omni-

308 589 382 626 -bus
402 590 513 626 simul
528 590 693 639 peditum
715 590 959 639 equitumque
974 591 1093 640 copiis
1113 591 1244 626 castris
1264 590 1420 638 egressi,

310 654 392 690 acie
421 654 561 689 directa
594 653 718 689 medio
747 652 866 689 ferme
895 655 1020 702 spatio
1048 655 1148 690 inter
1178 653 1269 690 bina
1298 660 1422 690 castra

309 717 575 752 constiterunt.
633 715 798 764 Campus
829 722 909 751 erat
929 716 1062 763 planus
1092 716 1214 752 omnis
1244 723 1283 752 et.
1310 723 1420 765 aptus

307 792 473 829 pugnae:
512 779 567 815 ibi
595 785 732 815 stetere
762 779 925 829 Hispani
957 780 1105 815 hostem
1143 785 1419 829 exspectantes,

307 842 506 879 Romanus
537 844 637 879 intra
672 842 810 879 vallum
842 856 929 879 suos
960 843 1151 879 continuit
1178 855 1246 893 per
1273 843 1417 892 quatri-

308 907 423 943 duum
443 908 665 943 continuum
684 922 692 942 :
725 915 762 943 et
783 907 835 943 illi
857 907 988 944 eodem
1009 907 1095 943 loco
1114 908 1233 943 aciem
1253 907 1416 944 instruc-

304 977 385 1006 tam
414 977 630 1007 tenuerunt.
687 971 749 1006 Ab
781 970 966 1007 Romanis
997 970 1092 1006 nihil
1126 977 1297 1006 motum:
1330 971 1418 1007 inde

305 1038 481 1085 quievere
499 1038 538 1072 in
559 1038 690 1073 castris
721 1037 917 1081 Celtiberi,
948 1038 1035 1086 quia
1055 1050 1191 1087 pugnae
1211 1036 1321 1087 copia
1339 1048 1418 1073 non

304 1100 443 1136 fiebat:
477 1101 622 1148 equites
648 1107 798 1136 tantum
822 1101 858 1136 in
886 1101 1090 1136 stationem
1112 1099 1416 1148 egrediebantur,

307 1170 349 1198 ut
368 1164 491 1212 parati
511 1171 650 1206 essent,
673 1165 703 1199 si
723 1164 813 1212 quid
836 1163 884 1199 ab
909 1164 1019 1199 hoste
1046 1172 1285 1199 moveretur:
1318 1175 1418 1212 pone

307 1233 432 1262 castra
461 1228 609 1274 utrique
639 1226 861 1276 pabulatum
890 1233 927 1263 et
946 1226 1133 1275 lignatum
1151 1225 1273 1270 ibant,
1292 1227 1418 1263 neutri

307 1289 445 1326 alteros
464 1290 714 1340 inpedientes.

359 1353 519 1390 XXXI.
550 1354 696 1390 Praetor
725 1354 936 1396 Romanus,
965 1353 1031 1390 ubi
1064 1354 1155 1390 satis
1183 1359 1244 1389 tot
1273 1354 1417 1390 dierum

305 1419 432 1467 quiete
461 1418 617 1454 eredidit
637 1431 741 1468 spem
769 1419 908 1455 factam
928 1419 1046 1460 hosti,
1065 1417 1163 1453 nihil
1190 1430 1230 1453 se
1251 1419 1417 1467 priorem

302 1488 511 1525 moturum,
530 1481 578 1518 L.
598 1482 763 1518 Acilium
785 1496 869 1519 cum
896 1482 956 1518 ala
978 1482 1131 1517 sinistra
1160 1487 1282 1517 et·sex
1300 1481 1413 1517 milli-

301 1545 372 1581 bus
393 1546 681 1596 provincialium
702 1546 929 1583 auxiliorum
950 1546 1146 1581 circumire
1166 1552 1334 1581 montem
1347 1544 1414 1595 ju·

301 1608 381 1652 bet,
402 1611 465 1657 qui
487 1609 534 1646 ab
554 1618 664 1658 tergo
681 1610 856 1646 hostibus
873 1616 954 1646 erat
970 1626 980 1654 3
1003 1609 1105 1652 inde,
1126 1609 1188 1645 ubi
1209 1608 1412 1646 clamorem

296 1673 483 1717 audisset,
521 1674 724 1711 decurrere
750 1675 798 1710 ad
831 1681 954 1710 castra
990 1686 1147 1710 eorum:
1179 1680 1292 1709 nocte
1324 1686 1414 1724 pro-

300 1736 390 1773 fecti
412 1744 514 1780 sunt,
535 1750 583 1773 ne
603 1743 759 1788 possent
778 1738 958 1788 conspici.
1014 1736 1172 1772 Flaccus
1190 1736 1274 1772 luce
1291 1738 1415 1786 prima

302 1799 346 1835 C.
368 1800 624 1843 Scribonium,
652 1801 872 1851 praefectum
901 1801 1061 1843 socifim,
1081 1800 1127 1836 ad
1154 1800 1292 1836 vallum
1321 1801 1412 1837 hos-

298 1863 394 1899 tium
415 1876 499 1899 cum
521 1864 709 1912 equitibus
727 1864 1033 1900 extraordinariis
1054 1865 1214 1900 sinistrae
1234 1863 1302 1900 alae
1321 1865 1411 1901 mit-

296 1927 369 1962 tit:
402 1939 497 1974 quos
523 1927 584 1962 ubi
616 1934 654 1962 et
684 1928 838 1977 propius
869 1928 1059 1970 accedere,
1081 1935 1117 1964 et
1138 1927 1277 1977 plures,
1298 1940 1410 1976 quam

296 1989 401 2025 soliti
421 1996 541 2032 erant,
561 1989 742 2027 Celtiberi
762 1999 1054 2041 conspexerunt,
1076 1992 1200 2027 omnis
1219 1992 1408 2040 equitatus

295 2053 499 2089 effunditur
519 2054 651 2090 castris
668 2068 676 2090 ;
709 2054 820 2090 simul
842 2061 880 2090 et
900 2054 1089 2105 peditibus
1109 2055 1258 2102 signum
1277 2054 1324 2091 ad
1343 2067 1408 2091 ex-

295 2117 459 2153 eundum
479 2117 601 2154 datur.
643 2118 879 2162 Scribonius,
901 2119 955 2154 uti
975 2125 1206 2169 praeceptum
1226 2125 1320 2162 erat,
1342 2119 1406 2156 ubi

292 2180 457 2231 primum
476 2181 668 2218 fremitum
688 2183 916 2232 equestrium
938 2183 1096 2225 audivit,
1117 2184 1253 2219 avertit
1273 2196 1404 2232 equoS,

293 2252 331 2281 et
362 2251 485 2281 castra
514 2246 676 2296 repetit:
710 2258 756 2282 eo
786 2246 937 2283 effusius
967 2248 1073 2296 sequi
1094 2247 1251 2283 hostes:
1283 2248 1405 2297 primo

292 2308 452 2358 equites,
482 2321 573 2347 mox
602 2315 640 2346 et
659 2309 830 2361 peditum
858 2311 956 2349 acies
993 2311 1141 2355 aderat,
1163 2310 1264 2349 haud
1293 2309 1407 2348 dubia
