1546 2648
318 183 406 228 334
479 172 483 179 ’
773 182 821 211 Τ.
844 180 979 212 mvn

127 273 171 304 U·
183 271 222 303 C·
236 276 310 302 ⁵80·
321 277 413 310 rent.
472 271 663 308 Cernebam
682 271 827 315 Persea,
853 284 925 308 non
949 273 1183 309 continentem
1202 284 1238 308 se
1257 272 1428 309 Macedo-

129 317 170 347 A'
183 315 220 347 C'
235 319 309 349 ιη’
321 338 392 373 niae
408 347 532 384 regno,
552 336 628 372 alia
656 336 765 371 armis
782 340 1026 383 occupantem,
1049 336 1139 378 alia,
1160 347 1236 383 quae
1253 336 1289 372 vi
1315 335 1432 381 subigi

320 412 393 436 non
422 403 583 448 possunt,
609 398 743 447 favore
778 411 821 434 ac
857 399 1096 436 benevolentia
1131 399 1429 447 complectentem.

325 463 508 506 Videbam,
524 474 632 511 quam
650 463 755 511 inpar
772 467 858 498 esset
874 475 961 506 sors,
975 475 1082 512 quum
1095 463 1159 499 ille
1175 463 1272 498 vobis
1286 462 1430 505 bellum,

319 539 382 564 vos
411 528 444 563 ei
478 538 640 562 securam
665 537 791 573 pacem
820 528 1039 574 praestaretis
1049 542 1062 570 ;
1091 537 1308 574 quamquam
1342 524 1434 560 mihi

322 592 465 640 quidem
483 602 555 626 non
580 601 729 638 parare,
758 590 818 625 sed
834 601 956 636 gerere
982 601 1071 638 pene
1089 590 1217 625 bellum
1233 589 1430 625 videbatur.

318 654 549 701 Abrupolim,
573 654 707 688 socium
735 656 844 699 atque
870 654 1024 688 amicum
1050 656 1217 694 vestrum,
1246 663 1355 698 regno
1372 664 1434 688 ea·-

316 716 427 764 pul-u.
473 716 684 751 Artetarum
704 715 886 762 Illyrium,
907 716 991 763 quia
1007 715 1143 762 scripta
1161 714 1204 749 ab
1218 725 1259 750 eo
1270 715 1434 762 quoedam

319 779 417 816 vobis
444 780 629 827 comperit,
658 780 793 814 socium
823 780 906 815 item
943 784 1050 825 atque
1080 780 1234 814 amicum
1263 783 1431 823 vestrum,

320 842 514 891 interfecit.
572 842 744 877 Eversum
768 845 804 877 et
834 841 1060 877 Callicritum
1083 840 1277 884 Thebanos,
1297 843 1433 890 princi-

317 918 382 954 pes
401 906 568 947 civitatis,
581 906 667 952 quia
686 904 828 940 liberius
843 905 1007 940 adversus
1020 905 1151 940 eumin
1167 905 1316 941 concilio
1328 905 1432 942 Boeo-

323 974 441 1005 torum
474 970 584 1005 locuti
601 968 774 1017 fuerant,
803 969 1050 1016 delaturosque
1077 969 1124 1003 ad
1151 979 1223 1010 vos,
1248 981 1325 1016 quoe
1347 981 1431 1016 age-

320 1037 459 1074 rentur,
490 1030 644 1080 professi
676 1036 793 1073 erant,
830 1032 1004 1067 tollendos
1039 1032 1191 1066 curavit.
1246 1032 1434 1069 Auxilium

320 1097 508 1143 Byzantiis
525 1096 693 1132 adversus
710 1094 836 1143 foedus
866 1096 962 1137 tulit,
983 1095 1154 1142 Dolopice
1173 1094 1267 1130 bella
1294 1096 1432 1139 intulit,

327 1160 546 1195 Thessaliam
573 1163 608 1194 et
626 1159 805 1195 Doridem
833 1171 913 1195 cum
942 1159 1098 1195 exercitu
1126 1160 1296 1207 pervasit,
1325 1163 1368 1195 ut
1394 1161 1435 1196 in

321 1222 411 1259 bello
439 1223 603 1258 intestino
621 1222 804 1258 deterioris
827 1223 947 1270 partis
964 1223 1099 1258 auxilio
1126 1223 1306 1258 meliorem
1325 1223 1431 1273 αᾷβὶ-

318 1290 430 1333 geret.
479 1284 652 1334 Confudit
665 1290 700 1321 et
717 1286 859 1322 miscuit
873 1287 994 1321 omnia
1011 1287 1048 1321 in
1069 1285 1250 1321 Thessalia
1265 1285 1431 1322 Perrhae-

321 1350 448 1397 biaque
463 1361 525 1398 spe
539 1361 712 1385 novarum
734 1349 950 1392 tabularum,
970 1353 1012 1384 ut
1028 1360 1138 1385 manu
1157 1348 1353 1385 debitorum
1370 1349 1432 1385 ob-

319 1413 428 1448 noxia
444 1412 512 1448 sibi
528 1413 716 1459 optimates
732 1411 955 1460 obprimeret.
1010 1411 1100 1448 Haec
1115 1423 1224 1460 quum
1240 1411 1336 1448 vobis
1350 1413 1431 1460 qui·

318 1476 511 1513 esc-entibus
528 1480 564 1512 et
578 1475 794 1523 patientibus
802 1475 950 1524 fecerit,
971 1479 1006 1511 et
1027 1487 1224 1511 concessam
1241 1475 1307 1512 sibi
1330 1476 1430 1512 Gra»-

318 1541 414 1577 ciam
432 1551 504 1576 esse
522 1552 546 1576 a
562 1540 658 1576 vobis
675 1540 797 1576 videat
806 1556 819 1584 ,·
845 1552 914 1588 pro
933 1544 1029 1575 certo
1053 1539 1170 1582 habet,
1189 1541 1364 1576 neminem
1381 1541 1430 1576 si-

320 1602 368 1645 bi,
388 1607 580 1651 antequam
608 1604 646 1639 in
665 1603 814 1639 Italiam
842 1601 1036 1648 trajecerit,
1057 1607 1238 1639 armatum
1266 1602 1433 1640 obcursu·

320 1678 413 1703 rum.
467 1666 550 1703 Hoc
567 1678 675 1714 quam
693 1666 790 1703 vobis
807 1671 921 1703 tutum
939 1671 1006 1702 aut
1024 1666 1205 1703 honestum
1221 1667 1280 1710 sit,
1299 1679 1361 1703 vos
1376 1670 1430 1704 vi-

320 1729 469 1767 deritis:
496 1741 560 1777 ego
588 1734 683 1765 certe
709 1729 799 1766 mihi
827 1733 930 1777 turpe
958 1741 1028 1765 esse
1052 1729 1152 1771 duxi,
1178 1730 1280 1776 prius
1298 1729 1430 1766 Persea

319 1794 369 1829 ad
387 1793 517 1830 bellum
541 1792 782 1843 inferendum,
803 1805 907 1842 quam
928 1805 984 1829 me
1009 1794 1140 1828 socium
1160 1793 1208 1828 ad
1230 1793 1429 1841 praedicen·

319 1857 419 1899 dum,
438 1860 479 1893 ut
506 1858 687 1899 caveretis,
709 1857 830 1893 venire
855 1857 894 1892 in
914 1856 1074 1893 Italiam.
1130 1856 1286 1893 Functus
1312 1868 1430 1893 neces-

318 1922 414 1957 sario
432 1920 522 1957 mihi
540 1920 669 1969 officiO,
689 1925 724 1956 et
743 1921 897 1968 quodam
921 1921 1027 1957 modo
1046 1919 1199 1956 liberata
1222 1924 1330 1968 atque
1346 1931 1429 1957 exo-

319 1988 448 2020 nerata
463 1984 543 2032 fide
567 1996 661 2026 mea,
681 1984 766 2032 quid
792 1984 891 2020 ultra
912 1983 1043 2033 facere
1058 1995 1213 2031 possum,
1240 1995 1349 2031 quam
1375 1986 1430 2021 uti

318 2046 420 2084 Deos
437 2047 610 2096 Deosque
633 2059 772 2097 precer,
802 2052 843 2085 ut
868 2059 925 2084 vos
952 2052 987 2084 et
1010 2051 1134 2084 vestrae
1160 2047 1375 2097 reipublicae‚
1395 2052 1431 2086 et

317 2110 417 2148 nobis
433 2112 537 2148 sociis
564 2115 671 2162 atque
690 2112 825 2155 amici&
847 2113 908 2162 qui
935 2122 977 2148 ex
999 2111 1093 2149 vobis
1116 2111 1324 2161 pendemus,
1345 2123 1428 2149 con·
1527 2102 1539 2173 β

316 2174 444 2211 sulatis
457 2175 478 2212 .⁰
1528 2161 1538 2227 ζξ

371 2235 484 2274 XIV.
516 2235 612 2275 Hoec
632 2238 756 2275 oratio
783 2238 903 2275 movit
921 2237 1053 2275 Patres
1073 2238 1333 2290 conscriptost
1364 2251 1425 2276 ce·
1528 2233 1535 2238 '⁸

318 2304 440 2339 terum
459 2301 498 2338 in
517 2301 719 2354 praesentia
732 2300 842 2346 nihil,
858 2308 1110 2354 praeterquam
1128 2301 1244 2341 fuisse
1262 2302 1302 2340 iu
1321 2302 1424 2341 curia
1526 2298 1534 2362 μ

318 2374 321 2375 ’
1525 2362 1536 2403 Η

1524 2399 1537 2497 Α,
