1546 2648
298 152 456 182 LIBER
480 147 710 180 xxxvln.
743 147 853 177 CAR*
873 148 1032 179 XXXV·
1143 147 1220 190 117

108 241 233 279 titudo
254 242 350 287 erat)
374 247 463 278 ante
483 240 581 276 diem
601 245 741 274 certam
763 237 910 276 abirent
921 253 931 283 3
964 238 1025 286 qui
1048 237 1098 273 ibi
1116 250 1222 274 man·
1240 247 1279 278 U.
1292 247 1330 278 C.
1345 251 1420 278 563.

107 307 259 350 sissent,
295 318 360 342 eos
395 304 667 355 prehendendi,
699 303 899 345 vendendi,
927 302 1138 338 abducendi
1170 303 1224 338 A·
1238 291 1422 323 A·C·¹⁸⁹·

110 369 224 407 chaeis
246 369 311 420 jus
342 375 453 405 esset.
509 366 677 416 Lycurgi
707 365 809 415 leges
839 378 1038 414 moresque
1063 365 1227 414 abroga-

108 442 206 473 rent.
246 434 476 470 Achaeorum
492 433 757 468 adsuescerent
773 431 921 480 legibus
942 431 1226 479 institutisque:

109 500 164 536 ita
185 500 292 536 unius
314 511 378 534 eos
399 497 572 548 corporis
594 497 690 539 fore,
713 503 750 533 et
770 497 814 533 de
840 495 1016 532 omnibus
1033 495 1151 548 ‘rebus
1171 494 1230 532 fa-

110 563 221 605 cilius,
235 574 500 599 consensuros.
530 560 640 597 Nihil
661 561 900 597 obedientius
914 559 1098 602 fecerunt,
1116 572 1230 608 quam

111 633 154 663 ut
169 640 295 663 muros
313 627 505 662 diruerent
520 642 528 662 2
551 637 621 661 nec
639 625 773 673 aegrius
795 624 895 674 passi
915 630 1017 666 sunt,
1035 636 1145 672 quain
1163 636 1230 659 ex-

112 691 210 728 sules
228 691 366 727 reduci.
414 689 622 726 Decretum
642 688 778 737 Tegeae
800 689 839 723 in
855 687 1018 724 concilio
1039 686 1233 723 communi

111 756 343 793 Achaeorum
362 755 409 791 de
438 754 679 790 restituendis
707 754 752 788 iis
779 753 922 788 factum
944 757 1018 788 est:
1052 757 1103 795 et,
1124 763 1230 787 men-

112 820 219 856 tione
245 819 376 862 inlata,
401 825 578 854 externos
609 817 809 854 auxiliares
836 817 1025 859 dimissos,
1046 821 1084 851 et
1108 814 1231 852 Lace-

114 883 310 920 daemoniis
330 884 538 934 adscriptos
572 884 644 930 (ita
674 882 774 918 enini
799 881 1002 923 vocabant,
1029 880 1094 929 qui
1120 893 1143 916 a
1170 886 1231 929 ty-

107 947 239 983 rannis
267 947 417 983 liberati
439 945 565 991 erant)
601 945 694 981 urbe
723 945 944 987 excessisse,
975 944 1014 980 in
1041 956 1152 993 agros
1173 943 1232 979 di-

112 1011 239 1063 lapsos
249 1028 260 1058 5
283 1013 501 1063 priusquam
518 1012 773 1048 dimitteretur
792 1010 996 1052 exercitus,
1017 1010 1071 1045 ire
1090 1014 1231 1060 praeto-

112 1087 192 1112 rem
218 1089 303 1113 cum
334 1076 531 1126 expeditis,
553 1082 592 1111 et
611 1073 932 1124 comprehendere
958 1073 996 1109 id
1022 1085 1140 1121 genus
1160 1073 1232 1109 ho-

113 1140 273 1183 minum,
295 1146 332 1175 et
350 1139 511 1176 vendere
524 1138 612 1189 jure
631 1137 766 1188 praedae
786 1137 942 1188 placuit.
987 1136 1103 1172 Multi
1125 1149 1231 1173 com-

115 1204 292 1254 prehensi
310 1204 534 1240 venierunt:
557 1203 725 1253 porticus
747 1214 793 1238 ex
812 1214 856 1238 ea
874 1202 1036 1252 pecunia
1053 1200 1232 1250 Megalo-

115 1266 195 1317 poli
212 1268 397 1318 permissu
416 1268 646 1303 Achaeorum
664 1265 807 1302 refecta
826 1271 896 1308 est,
914 1277 1028 1314 quam
1049 1264 1232 1305 Lacedaey-

115 1331 235 1367 monii
254 1331 458 1368 diruerant.
513 1331 566 1366 Et
585 1342 675 1378 ager
693 1328 931 1372 Belbinates,
952 1341 1064 1377 quem
1091 1327 1232 1378 injuria

114 1395 267 1445 tyranni
285 1395 664 1432 Lacedaemoniorum
684 1394 945 1444 possederant,
961 1392 1158 1429 restitutus
1176 1393 1230 1429 ei-

115 1457 199 1495 dem
221 1459 379 1503 civitati,
396 1471 442 1495 ex
459 1459 611 1495 decreto
628 1463 752 1494 vetere
771 1457 1014 1500 Achaeorum,
1033 1457 1134 1506 quod
1149 1456 1230 1494 fac·

116 1528 200 1558 tum
218 1528 312 1565 erat,
334 1522 512 1573 Philippo
531 1523 709 1571 Amyntae
729 1520 807 1558 filio
827 1527 1025 1569 regnante,
1060 1520 1135 1556 Per
1148 1520 1231 1557 haec

117 1586 221 1623 velut
239 1593 417 1623 enervata
445 1587 578 1623 civitas
597 1586 978 1622 Lacedaemoniorum
998 1585 1062 1621 diu
1080 1585 1232 1622 Achaeis

120 1650 289 1688 obnoxia
315 1651 414 1688 fuit:
447 1651 551 1688 nulla
579 1657 709 1687 tamen
737 1663 796 1687 res
825 1656 935 1686 tanto
968 1655 1049 1686 erat
1078 1649 1232 1694 damno,
1246 1656 1427 1697 Disciplina

119 1728 228 1765 quam
250 1715 448 1767 disciplina
466 1715 648 1766 Lycurgi,
665 1716 725 1752 cui
746 1727 812 1766 per
831 1715 1093 1766 septingentos
1114 1701 1385 1776 annos'ffigffiii

120 1779 381 1824 adsueverant,
403 1779 565 1817 sublata.

174 1842 348 1881 XXXV.
376 1844 414 1880 A
433 1843 611 1886 concilio,
633 1842 698 1879 ubi
723 1842 823 1894 apud
850 1842 1045 1879 consulem
1063 1843 1164 1888 inter
1181 1844 1238 1880 A·

121 1906 246 1943 chaeos
273 1906 665 1956 Lacedaemoniosque
694 1907 946 1957 disceptatum
975 1912 1045 1949 est,
1074 1905 1132 1943 M.
1148 1906 1239 1944 Ful·

122 1971 217 2014 vius,
255 1972 345 2021 quia
372 1971 457 2021 jam
493 1972 533 2007 in
571 1972 676 2007 exitu
706 1983 827 2007 annus
866 1977 960 2013 erat,
996 1971 1240 2008 comitiorum

124 2047 256 2072 caussa
273 2035 466 2085 profectus
485 2035 667 2079 Romam,
688 2035 829 2071 creavit
857 2033 1030 2070 consules
1053 2034 1111 2072 Μ.
1124 2034 1239 2071 Vale-

125 2099 223 2135 rium
257 2099 478 2137 Messallam
507 2107 545 2136 et
579 2100 624 2137 C.
643 2098 798 2136 Livium
826 2097 1094 2142 Salinatorem,
1124 2111 1240 2148 quum

126 2161 395 2201 M.AEmilium
425 2163 614 2215 Lepidum
645 2164 854 2207 inimicum,
885 2176 931 2199 eo
960 2176 1110 2213 quoque
1139 2176 1242 2200 anno

125 2233 332 2278 petentem,
352 2226 561 2279 dejecisset.
616 2229 803 2265 Praetores
824 2229 911 2265 inde
929 2228 1047 2265 creati
1067 2229 1119 2266 Q.
1133 2227 1242 2265 Mar·

126 2291 206 2336 cius
225 2290 436 2345 Philippus,
455 2293 513 2332 Μ.
527 2293 707 2333 Claudius
726 2293 946 2337 Marcellus,
964 2293 1008 2330 C.
1021 2292 1240 2337 Stertinius,
