1546 2648
405 158 563 187 LIBER
588 157 734 187 XLIV.
770 158 878 188 CAP.
901 159 985 187 XV·
1163 155 1246 196 441

127 249 261 283 ciatum
280 248 412 285 missos.
466 248 541 284 Per
559 260 644 297 quos
661 250 826 292 stetisset,
846 260 915 297 quo
930 249 1045 284 minus
1065 246 1148 282 belli
1154 246 1246 294 finis
1257 241 1351 315 X'CC'
1364 248 1440 318 {³33-

113 312 238 361 fieret,
259 313 426 348 adversus
449 324 506 348 eos
533 313 620 360 quid
647 313 713 348 sibi
733 311 948 361 faciendum
965 317 1064 354 esset,
1082 310 1245 346 Rhodios
1287 306 1295 315 ”
1337 306 1345 316 “
1428 306 1436 316 ‘

125 377 406 414 consideraturos
423 389 505 414 esse.
547 377 610 413 Ne
630 389 730 414 nuuc
747 377 898 427 quidem
916 377 997 413 haec
1017 377 1098 412 sine
1117 375 1242 423 indig-

126 442 282 478 natione
296 441 368 491 legi
387 442 553 478 audirive
566 454 691 492 posse,
710 448 854 479 certum
869 441 993 478 habeo
1009 455 1016 477 :
1039 439 1126 476 inde
1142 440 1242 476 exis-

124 506 250 541 timari
270 512 410 556 potest,
432 507 496 556 qui
514 506 667 543 habitus
694 506 906 543 animorum
927 504 1166 543 audientibus
1197 516 1241 540 ea

124 568 301 606 Patribus
321 570 435 606 fuerit

177 633 266 670 XV.
297 633 492 677 Claudius,
513 633 609 670 nihil
628 646 866 684 responsum,
888 639 1021 670 auctor
1041 637 1120 669 est:
1153 637 1238 668 tan·
1251 632 1423 681 castigatio

111 702 204 733 etum
233 698 601 734 senatusconsultum
631 698 847 741 recitatum,
868 711 943 747 quo
964 697 1080 733 Caras
1105 702 1143 732 et
1160 695 1238 745 Ly-
1252 678 1394 750 ἓξὲξ-

124 761 202 797 cios
230 762 367 799 liberos
389 776 469 799 esse
491 762 647 813 juberet
675 762 836 813 populus
857 762 1070 805 Romanus,
1091 761 1238 797 literas·
1253 773 1338 794 rum.

124 839 196 874 que
216 826 407 877 extemplo
427 828 473 863 ad
503 833 701 876 utramque
722 833 874 875 gentem
889 827 912 850 ἦ
926 827 1066 863 scirent
1095 825 1240 862 indica-

123 896 204 925 tum
223 890 336 926 mitti.
385 891 474 927 Qua
494 891 624 926 audita
642 903 696 934 re,
713 892 922 942 principem
939 890 1157 940 legationiS,
1174 903 1240 926 cu-

116 952 181 1003 jus
202 953 568 1002 magniloquentiam
599 956 661 991 vix
681 956 785 991 curia
804 955 933 1006 paullo
963 961 1051 991 ante
1072 963 1238 1004 ceperat,

121 1018 327 1053 conruisse.
382 1017 459 1053 Alii
489 1030 713 1067 responsum
742 1031 823 1054 esse
857 1019 1026 1061 tradunt,
1054 1019 1241 1066 Populum

124 1082 328 1118 Romanum
348 1088 382 1118 et
397 1083 576 1130 principio
597 1081 699 1129 hujus
725 1083 809 1119 belli.
835 1083 931 1120 lzccucl
958 1084 1060 1119 vanis
1079 1084 1239 1119 auctori-

124 1147 186 1182 bus
205 1152 423 1194 compertum
443 1146 614 1190 habuisse,
636 1147 796 1184 Rhodios
816 1161 896 1184 cum
916 1149 1046 1185 Perseo
1073 1159 1155 1195 rege
1174 1149 1241 1183 ad·-

122 1222 240 1246 versus
259 1211 514 1258 rempublicam
532 1223 636 1247 suam
655 1212 794 1248 occulta
823 1212 970 1248 consilia
989 1213 1093 1248 inisse
1106 1228 1118 1248 .·
1146 1216 1194 1254 et,
1213 1211 1244 1247 si

122 1277 161 1311 icl
179 1280 264 1311 ante
283 1275 428 1311 dubium
437 1275 585 1324 fuisset,
607 1277 807 1324 legatorum
825 1277 951 1325 paullo
971 1281 1054 1313 ante
1068 1276 1172 1312 verba
1191 1277 1242 1311 ad

121 1345 255 1376 certum
290 1341 490 1387 redegisse:
521 1346 556 1376 et
586 1342 798 1390 plerumque
836 1343 950 1390 ipsam
985 1353 1021 1377 se
1045 1340 1240 1390 fraudem,

120 1406 258 1441 etiamsi
276 1406 380 1441 initio
399 1407 541 1441 cautior
548 1405 684 1454 fuerit,
706 1408 880 1454 detegere.
933 1406 1093 1442 Rhodios
1112 1407 1242 1442 nuncio

119 1471 158 1505 z'n
173 1469 254 1506 orbe
269 1474 447 1506 terrarum
463 1470 614 1507 arbitria
628 1471 710 1507 belli
723 1472 897 1520 pacisque
911 1483 1042 1519 agere:
1072 1470 1242 1506 Deorum

119 1539 210 1570 nutu
229 1547 332 1570 arma
356 1539 535 1571 sumturos
559 1537 808 1584 positurosque
827 1536 1012 1572 Romanos
1039 1547 1136 1572 esse:
1156 1534 1253 1582 jam'

121 1610 191 1633 non
211 1599 311 1634 Deos
318 1598 503 1648 foederum
524 1604 639 1643 testes,
659 1601 722 1637 sed
741 1601 900 1637 Rhodios
918 1601 1110 1637 habituros.
1158 1601 1239 1637 Ita-

122 1673 166 1697 ne
185 1663 329 1698 tandem
348 1664 391 1698 iis
405 1669 595 1711 pareatur,
616 1666 856 1712 eoeercitusque
875 1666 918 1700 de
935 1662 1156 1700 Macedonia
1176 1665 1238 1700 de-

117 1730 308 1774 portentur
321 1727 342 1762 9
375 1727 516 1763 Visuros
534 1739 616 1771 esse,
638 1729 724 1776 quid
742 1728 1032 1776 sibtsaciendurn
1050 1730 1108 1764 sit.
1142 1728 1241 1770 Quid

121 1790 258 1826 Rhodii
275 1792 384 1826 visuri
401 1793 486 1834 sint,
510 1793 601 1839 ipsos
626 1794 726 1828 scire.
785 1792 970 1840 Populum
990 1797 1082 1828 certe
1102 1791 1240 1829 Roma-

119 1867 218 1898 num,
250 1856 386 1892 devicto
406 1856 552 1900 Perseo,
581 1858 676 1905 quod
704 1869 821 1905 prope
849 1858 943 1893 diem
969 1862 1111 1905 sperent
1132 1857 1237 1906 fore,

119 1920 289 1963 visurum,
318 1925 359 1956 ut
380 1933 451 1969 pro
478 1923 614 1958 meritis
642 1919 810 1970 cujusque
836 1923 874 1958 in
903 1933 942 1957 eo
962 1921 1053 1958 bello
1081 1923 1239 1958 civitatis

116 1985 276 2030 gratiam
308 1985 454 2032 dignam
486 1984 637 2033 referat.
692 1984 836 2021 Munus
870 1991 998 2020 tamen
1031 1983 1166 2033 legatis
1196 1984 1238 2020 in

118 2046 286 2095 singulos
318 2046 454 2084 binum
481 2047 642 2084 millium
671 2048 753 2084 aeris
782 2048 938 2084 missum
971 2053 1050 2084 est:
1083 2047 1186 2098 quod
1210 2048 1239 2084 ii

119 2122 197 2146 non
218 2120 457 2162 acceperunt.

174 2171 284 2209 XVI.
312 2173 453 2211 Literae
484 2175 620 2211 deinde
644 2175 812 2211 recitatae
835 2173 883 2214 Q.
903 2173 1043 2210 Marcii
1070 2172 1236 2210 consulis

121 2242 222 2278 sunt,
245 2237 566 2284 Quemadmodum,
597 2241 694 2277 saltu
720 2243 902 2288 superato,
928 2240 965 2274 z'n
984 2238 1238 2275 Macedoniam

121 2301 329 2339 transisset:
358 2302 407 2338 ibi
436 2307 470 2339 et
498 2316 540 2341 ex
565 2305 648 2343 aliis
676 2305 762 2340 locis
790 2307 1006 2340 commeatus
1034 2315 1058 2340 α
1080 2307 1240 2352 praetore

636 2368 715 2406 U5
