1546 2648
330 216 485 249 tuum
509 217 638 247 xnn.
671 217 778 247 cn.
802 217 976 247 xxxn.
1119 216 1201 261 353

96 313 270 343 nosceret
298 308 421 344 socios
447 305 614 349 navales,
638 305 890 354 dimissisque,
918 306 949 341 si
979 305 1043 354 qui
1071 316 1204 354 parum
1217 306 1399 338 U.C.501.

96 369 223 407 idonei
243 377 380 414 essent,
401 370 705 420 supplementum
723 369 866 418 legeret
885 381 929 404 ex
946 368 1147 412 libertinis,
1168 373 1207 404 et
1220 351 1257 381 A*
1271 349 1308 380 C·
1327 354 1400 384 ¹⁷¹⁸

97 432 204 469 daret
226 445 395 483 operam,
425 440 467 469 ut
493 433 575 469 duae
605 438 730 482 partes
762 432 899 469 civium
926 431 1206 474 Romanorum,

96 496 211 532 tertia
243 497 433 533 sociorum
462 503 572 534 esset.
629 496 873 532 Commeatus
903 494 1013 531 classi
1044 494 1208 542 legioni·

95 559 241 609 busque
261 567 302 596 ut
321 573 367 597 ex
384 560 512 597 Sicilia
525 560 771 609 Sardiniaque
784 559 1095 601 subveherentur,
1112 571 1207 607 prae-

95 623 257 667 toribus,
285 625 350 673 qui
380 637 441 662 eas
471 625 684 675 provincias
719 624 844 660 sortiti
867 630 1005 667 essent,
1036 621 1208 658 mandari

96 685 253 737 placuit,
271 694 313 724 ut
331 687 468 724 alteras
488 689 663 725 decumas
677 686 812 723 Siculis
826 686 1026 735 Sardisque
1045 686 1208 735 impera-

95 757 194 794 rent,
216 758 332 800 utque
351 752 389 788 id
406 751 638 788 frumentum
658 752 705 787 ad
731 751 938 787 exercitum
968 751 1007 786 in
1024 748 1210 785 Macedo-

96 815 200 850 niam
227 821 454 864 portaretur.
513 815 678 851 Siciliam
700 815 940 852 C.Caninius
963 812 1122 850 Rebilus
1153 817 1211 847 est

97 878 268 921 sortitus,
297 878 345 915 L.
365 878 501 915 Furius
526 879 658 915 Philus
691 879 917 922 Sardiniam,
944 878 990 915 L.
1005 876 1209 913 Canuleius

95 940 338 991 Hispaniam,
360 943 404 979 C.
421 942 609 992 Sulpicius
633 943 756 979 Galba
777 943 958 979 urbanam
972 940 1209 991 jurisdictio-

97 1017 199 1048 nem,
233 1005 280 1042 L.
295 1005 432 1042 Villius
461 1005 621 1042 Annalis
652 1007 750 1042 inter
778 1006 1011 1056 peregrinos.
1069 1004 1112 1041 C.
1129 1003 1212 1040 Lu·

100 1070 218 1106 cretio
239 1069 365 1113 Gallo,
382 1083 458 1118 quo
477 1076 629 1106 senatus
647 1071 870 1113 censuisset,
891 1081 972 1105 sors
993 1067 1130 1104 evenit.

153 1133 471 1170 XXXII.-Inter
497 1134 670 1170 consules
703 1135 824 1182 magis
859 1133 1066 1175 cavillatio,
1096 1144 1210 1181 quam

99 1209 239 1247 magna
250 1199 461 1241 contentio,
472 1198 518 1235 de
527 1199 724 1248 provincia
736 1199 821 1235 fuit.
852 1199 1020 1241 Cassius,
1033 1199 1109 1234 sine
1117 1202 1211 1233 sorte

98 1273 135 1297 se
148 1262 401 1297 Macedoniam
416 1262 715 1310 obpzcgvzaturum,
733 1262 894 1305 dicebat,
914 1274 977 1298 nec
984 1273 1086 1309 posse
1104 1261 1212 1297 colle-

97 1336 198 1372 gam,
216 1325 315 1360 salvo
324 1324 579 1371 jurejurando,
598 1338 716 1362 secum
729 1327 862 1362 sortiri.
906 1326 1103 1361 Praetorem
1117 1336 1211 1366 eum,

102 1399 146 1424 ne
164 1390 202 1424 in
218 1390 440 1436 provinciam
461 1391 543 1432 iret,
563 1391 601 1425 in
620 1392 785 1426 concione
793 1389 947 1436 jurasse,
967 1401 1002 1424 se
1024 1393 1120 1424 stato
1139 1389 1214 1424 Ioco

101 1453 274 1500 stat-isque
292 1453 413 1489 diebus
429 1455 604 1503 sacrficia
624 1454 762 1497 habere,
784 1467 872 1502 quae,
893 1454 1034 1489 absente
1051 1465 1099 1494 se,
1119 1456 1214 1487 recte

55 1524 79 1527 ⁷*
88 1517 177 1566 fieri
194 1530 265 1553 non
281 1523 448 1566 possent:
478 1530 556 1566 quae
579 1530 650 1554 non
668 1519 782 1566 magis
811 1518 963 1559 consule,
985 1528 1091 1564 quam
1115 1527 1212 1563 prae-

101 1584 189 1622 tore,
210 1581 351 1617 absente
368 1586 463 1617 recte
473 1583 562 1630 fieri
583 1587 736 1630 possent.
793 1583 833 1618 Si
861 1586 1017 1625 senatus,
1035 1594 1106 1618 *non
1126 1582 1213 1629 quid

100 1644 207 1680 vellet
231 1645 268 1679 in
287 1645 470 1680 consulatu
487 1646 620 1693 potiuS,
642 1659 749 1694 quam
767 1647 855 1694 quid
871 1648 909 1682 in
931 1651 1095 1694 praetura
1103 1645 1212 1692 jura-

100 1708 190 1742 verit
209 1708 254 1743 P.
269 1707 442 1750 Licinius,
463 1710 820 1745 animadvertendum
840 1721 911 1745 esse
930 1714 1082 1750 censeat,
1101 1721 1138 1744 se
1157 1713 1215 1744 ta*

101 1781 183 1806 men
183 1769 358 1819 futurum
373 1773 411 1808 in
424 1777 566 1809 senatus
579 1777 770 1821 potestate.
801 1773 977 1809 Consulti
989 1772 1136 1813 Patres,
1154 1772 1214 1807 cui

103 1834 343 1872 consulatum
368 1836 532 1887 populus
561 1835 759 1873 Romanus
789 1850 868 1873 non
896 1842 1085 1884 negasset,
1107 1835 1153 1871 ab
1175 1848 1215 1871 se

101 1899 336 1948 provinciam
364 1900 511 1948 negari,
542 1900 744 1950 superbum
774 1901 861 1943 rati,
882 1900 1009 1936 sortiri
1040 1898 1213 1935 consules

99 1960 308 2012 jusserunt.
364 1963 407 1999 P.
421 1963 573 2000 Licinio
602 1964 845 2006 Macedonia,
880 1964 924 2000 C.
939 1963 1071 1998 Cassio
1103 1961 1215 1997 Italia

102 2026 270 2063 obvenit.
316 2027 506 2076 Legiones
527 2028 613 2064 inde
628 2029 751 2064 sortiti
770 2033 880 2063 sunt:
910 2027 1030 2077 prima
1047 2035 1084 2061 et
1102 2026 1215 2061 tertia

104 2090 144 2125 in
161 2090 430 2128 Macedoniam
458 2090 735 2141 trajicerentur,
763 2090 928 2126 secunda
956 2095 994 2125 et
1012 2096 1146 2137 quarta
1173 2096 1215 2124 ut

104 2152 143 2188 in
164 2153 276 2190 Italia
303 2162 552 2192 remanerent.
608 2155 789 2191 Delectus
811 2153 983 2189 consules
1013 2152 1136 2189 multo
1156 2153 1214 2188 in-

105 2217 322 2259 tentiorem,
346 2231 459 2267 quam
488 2218 594 2261 alias,
626 2231 753 2254 curam
781 2216 986 2253 habebant.
1042 2216 1212 2252 Licinius

105 2285 249 2315 veteres
270 2292 418 2329 quoque
438 2282 627 2318 scribebat
649 2281 786 2317 milites
807 2281 1144 2328 centurionesque:
1177 2286 1214 2314 et

104 2342 211 2379 multi
228 2342 423 2382 voluntate
442 2346 600 2382 nomina
612 2345 768 2389 dabant,
785 2345 873 2395 quia
887 2344 1094 2395 locupletes
1111 2342 1214 2378 vide-2
