1546 2648
266 134 422 164 LIBER
447 133 678 163 xxxvnl.
710 133 820 162 cAP.
847 135 1010 164 XXIII.
1114 133 1193 180 105

79 232 138 262 ter
151 225 300 262 hostem
316 231 505 262 metuunt.
563 224 698 274 Itaque
713 224 882 274 plerique
898 226 1109 275 praecipites
1129 238 1197 278 per
1208 239 1249 271 u,
1266 239 1303 271 c,
1319 245 1395 273 56³.

79 299 224 326 vastam
243 289 482 327 altitudinem
498 290 666 340 prolapsi
682 296 748 325 aut
764 288 953 326 debilitati
972 291 1194 328 exanimari·
1205 285 1245 315 A·
1262 284 1299 316 C·
1318 290 1390 318 189.

75 361 139 391 tur
154 369 161 390 :
184 354 331 398 consul,
345 356 477 392 castris
495 356 630 406 captis,
648 354 862 404 direptione
881 354 1083 405 praedaque
1103 356 1191 392 abs-

75 419 173 456 tinet
191 419 369 456 militem:
402 419 507 468 sequi
537 431 608 469 pro
631 431 669 454 se
688 431 890 468 quemque,
913 427 951 454 et
978 419 1134 462 instare,
1157 426 1195 457 et

75 482 255 533 perculsis
275 496 453 534 pavorem
474 483 610 520 addere
623 482 750 533 jubet.
795 483 1021 532 Supervenit
1042 490 1079 519 et
1099 483 1195 520 alte-

75 559 159 584 rum
179 560 265 584 cum
283 548 329 585 L.
342 547 491 585 Manlio
519 560 679 597 agmen3
712 560 783 584 nec
803 559 867 583 eos
899 555 1023 584 castra
1052 548 1194 584 intrare

74 611 164 647 sinit
180 627 187 648 :
219 613 392 662 protinus
422 612 469 648 ad
507 610 788 662 persequendos
818 611 948 647 hostes
979 612 1097 647 mittit
1114 627 1121 647 :
1155 618 1194 648 et

75 675 155 725 ipse
173 674 301 725 paullo
320 683 423 726 post,
445 675 584 712 tradita
613 676 851 726 captivorum
876 675 1050 711 custodia
1069 674 1192 712 tribu-

77 739 136 774 nis
167 738 344 782 militum,
376 740 566 789 sequitur,
599 738 828 775 debellatum
859 746 978 782 ratim,
1005 739 1035 775 si
1063 740 1102 776 in
1125 739 1193 776 illo

75 814 216 852 pavore
236 816 350 852 quam
370 804 521 854 plurimi
537 804 625 840 caesi
639 803 781 847 forent,
796 810 862 840 aut
882 804 996 854 capti.
1024 804 1193 853 Egresso

74 866 243 910 consule,
266 867 309 904 C.
323 867 484 903 Helvius
505 880 589 904 cum
608 868 723 903 tertio
744 869 895 916 agmine
915 868 1090 904 advenit:
1122 881 1194 904 nec

74 931 270 968 continere
296 943 384 967 suos
411 944 433 967 a
453 931 667 982 direptione
693 938 904 968 castrorum
922 931 1063 968 valuit:
1095 945 1194 982 prae-

73 996 193 1046 daque
216 1009 360 1040 eorum,
382 997 621 1045 iniquissima
647 1004 764 1040 sorte,
786 997 850 1046 qui
877 1009 1016 1046 pugnae
1036 998 1191 1034 non-in-

71 1059 295 1103 t'erfuerant‚
315 1060 419 1096 facta
441 1067 510 1096 est.
566 1060 726 1109 Equites
747 1060 824 1103 diu,
846 1060 970 1109 ignari
990 1068 1027 1096 et
1053 1074 1192 1111 pugnae

70 1132 108 1160 et
126 1125 294 1161 victoriae
314 1137 482 1166 suorum,
503 1130 714 1161 steterunt:
747 1125 882 1161 deinde
902 1132 940 1161 et
960 1126 1046 1175 ipsi,
1068 1139 1191 1175 quan-

69 1196 151 1225 tum
169 1190 273 1238 equis
294 1189 418 1225 subire
437 1195 630 1239 poterant,
651 1201 801 1239 sparsos
819 1189 913 1238 fuga
934 1189 1066 1225 Gallos
1088 1190 1191 1226 circa

71 1253 216 1289 radices
236 1254 376 1289 montis
397 1254 608 1290 consectati
628 1254 810 1296 cecidere,
831 1260 897 1289 aut
913 1266 1058 1304 cepere.
1104 1254 1191 1290 Nu-

74 1331 198 1356 merus
228 1319 517 1355 interfectorum
543 1319 646 1355 haud
675 1319 788 1355 facile
814 1319 903 1355 iniri
931 1320 1072 1369 potuit,
1103 1321 1193 1369 quia

72 1382 149 1419 late
161 1383 260 1419 inter
273 1394 403 1419 omnes
418 1382 622 1420 amfractus
635 1384 823 1420 montium
836 1382 1004 1432 fugaque
1020 1389 1058 1418 et
1070 1384 1190 1420 caedes

70 1447 166 1484 fuit:
199 1454 236 1484 et
255 1460 394 1497 magna
413 1460 498 1498 pars
519 1448 675 1498 rupibus
696 1447 805 1484 inviis
826 1447 866 1483 in
884 1446 1083 1497 profundae
1103 1447 1190 1484 alti-

74 1512 213 1549 tudinis
230 1512 418 1548 convalles
436 1512 589 1563 delapsa
606 1519 662 1549 est
675 1528 686 1558 3
718 1524 804 1563 pars
820 1512 860 1547 in
876 1510 978 1547 silvis
993 1511 1190 1561 vepribus-

74 1589 147 1626 que
166 1577 303 1613 occisa.
361 1576 556 1620 Claudius,
578 1578 642 1626 qui
658 1576 716 1613 bis
736 1582 948 1627 pugnatum
967 1576 1006 1612 in
1023 1575 1190 1626 Olympo

73 1648 204 1677 monte
224 1641 369 1684 scribit,
392 1640 438 1676 ad
455 1641 708 1690 quadraginta
725 1640 846 1678 millia
865 1640 1063 1676 hominum
1078 1653 1190 1684 caesa,
1230 1678 1233 1680 ,

72 1713 208 1741 auctor
226 1713 305 1741 est:
339 1705 512 1742 Valerius
528 1705 680 1749 Antias,
699 1706 764 1755 qui
783 1705 902 1754 magis
919 1704 1129 1741 inmodicus
1151 1705 1191 1741 in

70 1782 228 1806 numero
249 1769 423 1819 augendo
453 1781 534 1806 esse
563 1769 675 1814 solet,
694 1782 775 1806 non
803 1769 887 1820 plus
905 1769 1035 1806 decem
1056 1768 1190 1807 millia.

72 1833 263 1871 Numerus
284 1835 520 1885 captivorum
542 1834 645 1871 haud
664 1834 779 1871 dubie
801 1833 921 1870 millia
939 1833 1192 1883 quadraginta

73 1897 253 1948 explevit,
271 1899 359 1948 quia
375 1898 497 1934 omnis
514 1899 663 1946 generis
681 1898 879 1947 aetatisque
893 1897 1046 1934 turbam
1062 1910 1190 1934 secum

73 1968 284 2005 traxerant,
319 1962 614 2011 demigrantium
650 1963 786 2011 magiS,
826 1975 940 2011 quam
975 1962 1015 1998 in
1048 1960 1192 1998 bellum

75 2026 259 2070 euntium,
275 2026 404 2064 modo.
452 2025 612 2069 Consul,
630 2027 742 2062 armis
757 2027 928 2062 hostium
944 2027 983 2062 in
1003 2037 1081 2061 uno
1097 2037 1190 2061 con-

77 2090 249 2126 crematis
276 2090 443 2134 cumulo,
472 2096 636 2127 ceteram
664 2091 830 2141 praedam
859 2090 1032 2127 conferre
1058 2101 1190 2125 omnes

69 2152 209 2204 jussit:
241 2159 280 2190 et
305 2161 371 2190 aut
388 2154 572 2199 vendidit,
593 2155 695 2204 quod
714 2154 747 2205 ej
755 2167 794 2191 us
814 2155 854 2191 in
880 2154 1074 2205 publicum
1092 2154 1192 2190 redi-

77 2217 244 2266 gendum
262 2224 365 2254 erat:
398 2225 465 2255 aut
483 2232 570 2256 cum
588 2231 692 2262 cura,
706 2225 748 2255 ut
767 2231 881 2268 quam
902 2218 1115 2268 aequissima
1133 2230 1194 2253 es-

78 2287 149 2327 set,
179 2295 247 2335 per
277 2282 417 2321 milites
436 2284 575 2322 divisit.
630 2284 797 2322 Laudati
823 2296 974 2335 quoque
1001 2295 1072 2334 pro
1101 2294 1194 2319 con-

215 2349 222 2355 “
590 2348 622 2386 F
641 2350 662 2386 5
