1546 2648
346 176 501 206 LIBER
523 174 676 203 XLIII·
707 172 815 204 CAP.
838 174 971 204 xvu.
1124 167 1207 216 415

103 264 177 301 cho
209 277 287 302 non
316 278 410 310 esse,
441 263 634 315 conceptis
665 261 787 300 verbis
813 261 972 313 juravit,
1003 263 1035 299 si
1064 261 1212 311 collega
1225 265 1406 297 U.C‚583.

106 328 303 365 damnatus
323 334 434 372 esset,
454 340 533 365 non
553 334 773 378 exspectato
794 327 838 363 de
857 339 896 363 se
909 325 1072 377 judicio,
1094 326 1212 363 comi·
1225 311 1265 342 Α·
1282 310 1319 341 C·
1337 313 1408 341 ¹⁶9'

106 397 184 428 tem
203 392 324 429 exsilii
345 392 424 443 ejus
444 392 626 430 futurum.
672 392 780 429 Adeo
798 397 926 428 tamen
943 391 990 427 ad
1005 398 1216 428 extremum

104 457 185 505 spei
210 458 314 493 venit
341 470 440 501 reus,
461 463 504 494 ut
531 463 620 494 octo
651 457 830 493 centuriae
860 456 907 492 ad
931 455 1217 492 damnationem

106 519 306 558 defuerint.
358 522 548 559 Absoluto
570 521 745 566 Claudio,
765 520 940 558 tribunus
959 520 1080 572 plebis
1100 533 1218 570 nega-

105 584 160 620 vit
180 597 218 621 se
239 584 454 624 Gracchum
476 587 628 624 morari.

161 647 294 686 XVII.
323 650 384 687 Eo
403 664 519 695 anno,
539 649 822 701 postulantibus
841 647 1144 699 Aquileiensium
1165 647 1218 684 le—

109 713 221 760 gatis,
240 720 280 750 ut
296 728 494 752 numerum
510 715 733 752 colonorum
749 720 920 763 augeret,
935 713 1038 750 mille
1054 719 1092 749 et
1111 713 1222 762 quin-

108 782 233 824 gentae
251 777 405 816 familiae
425 793 469 816 ex
490 778 821 816 senatusconsulto
837 779 1001 828 scriptae‚
1017 777 1224 814 triumviri-

109 851 196 888 que,
217 842 282 890 qui
302 855 363 878 eas
384 843 626 887 deducerent,
647 844 751 880 missi
771 849 872 886 sunt,
892 842 939 880 T.
954 842 1104 879 Annius
1123 841 1224 879 Lus-

109 915 190 947 cUS,
212 904 254 942 P.
267 905 409 944 Decius
431 908 590 952 Subulo,
609 908 667 946 M.
682 907 882 945 Cornelius
903 907 1106 957 Cethegus.
1144 907 1225 946 Eo-

112 967 196 1005 dem
217 982 319 1006 anno
340 970 383 1008 C.
399 970 584 1023 Popillius
605 978 643 1008 et
663 972 734 1009 Cn.
750 971 933 1008 Octavius
953 970 1084 1020 legati,
1102 971 1166 1020 qui
1185 971 1226 1007 in

113 1031 302 1070 Graeciam
321 1035 427 1072 missi
446 1042 569 1080 erant,
587 1034 973 1078 senatusconsultum,
988 1034 1132 1071 Thebis
1149 1034 1228 1085 pri-

114 1107 219 1132 mum
244 1098 458 1142 recitatum,
479 1112 546 1150 per
575 1111 706 1136 omues
733 1098 990 1149 Peloponnesi
1016 1090 1127 1135 urbes
1155 1098 1228 1135 cir-

113 1160 384 1206 cumtulerunt,
406 1164 464 1200 Ne
482 1165 560 1213 quis
576 1165 691 1200 ullam
705 1176 780 1200 rem
801 1165 837 1199 z'7z
855 1164 986 1200 bellum
1004 1163 1229 1212 magistrati-

114 1222 177 1259 bus
195 1224 371 1262 Romanis
389 1226 578 1276 cooefferret,
595 1232 838 1276 praeterquam
863 1228 958 1275 quod
980 1231 1123 1263 senatus
1148 1238 1229 1262 cen-

113 1288 250 1325 suisset.
305 1287 396 1326 Hoc
421 1290 597 1328 fiduciam
621 1292 661 1327 in
686 1298 883 1341 posterum
909 1303 1060 1339 quoque
1076 1289 1230 1340 -praebu-

114 1359 209 1397 erat,
243 1353 388 1392 levatos
424 1369 463 1393 se
499 1357 753 1405 oneribusque
787 1355 1045 1405 inpensisque,
1079 1355 1230 1404 quibuS‚

116 1415 192 1454 alia
228 1418 310 1455 aliis
344 1420 634 1470 imperantibus,
669 1419 1002 1457 exhauriebantm·.
1057 1419 1230 1456 Achaico

118 1482 282 1519 concilio
315 1483 430 1533 Argis
468 1485 629 1533 agitato,
666 1483 833 1533 benigne
869 1483 990 1521 locuti
1022 1483 1230 1533 auditique,

117 1547 271 1596 egregia
296 1560 362 1598 spe
387 1548 507 1585 futuri
535 1555 655 1585 status
681 1548 860 1585 fidissima
886 1555 1000 1597 gente
1024 1547 1170 1591 relicta,
1191 1548 1232 1585 in

117 1609 306 1647 AEtoliam
329 1610 572 1662 trajecerunt.
628 1612 690 1648 Ibi
718 1612 887 1649 nondum
915 1611 1066 1661 quidem
1096 1612 1243 1648 seditio'

118 1680 213 1717 erat,
235 1675 301 1711 sed
330 1676 459 1712 omnia
488 1682 678 1727 suspecta,
699 1675 974 1725 criminumque
1003 1676 1104 1712 inter
1131 1676 1233 1726 ipsos

118 1735 254 1787 plena:
287 1738 337 1775 ob
358 1752 440 1789 quae
460 1739 656 1777 obsidibus
676 1740 893 1792 postulatis,
912 1753 1036 1790 neque
1055 1741 1160 1777 exitu
1179 1741 1235 1777 rei

119 1801 303 1852 inposito,
327 1804 368 1840 in
396 1805 653 1841 Acarnaniam
680 1806 767 1842 inde
795 1804 960 1856 profecti
986 1804 1104 1854 legati
1134 1812 1234 1841 sunt.

118 1864 256 1915 Thyrii
286 1867 491 1904 concilium
515 1869 650 1918 legatis
675 1869 895 1906 Acarnanes
922 1869 1117 1907 dederunt.
1175 1868 1238 1905 Ibi

122 1941 274 1980 quoque
294 1933 393 1968 inter
408 1933 594 1970 factiones
616 1941 697 1970 erat
715 1932 930 1982 certamen:
962 1934 1113 1983 quidam
1131 1933 1237 1983 prin-

124 1994 251 2045 cipum
273 1997 481 2046 postulare,
502 2004 545 2034 ut
569 1999 745 2049 praesidia
769 2000 808 2035 in
836 1998 945 2035 urbes
972 2010 1056 2034 suas
1083 1997 1238 2034 induce-

125 2065 256 2095 rentur
277 2060 454 2098 adversus
475 2063 679 2098 amentiam
700 2075 845 2106 eorum,
862 2062 926 2112 qui
943 2061 989 2098 ad
1004 2061 1237 2098 Macedonas

129 2128 282 2168 gentem
312 2125 538 2163 trahebant:
575 2139 662 2177 pars
693 2140 882 2171 recusare,
912 2139 974 2171 ne,
1006 2126 1108 2176 quod
1136 2125 1239 2162 bello

125 2186 245 2235 captis
265 2194 304 2223 et
321 2188 494 2227 hostibus
513 2204 595 2228 mos
611 2198 724 2235 esset,
741 2191 779 2228 id
794 2197 938 2242 pacatae
955 2196 994 2227 et
1009 2191 1123 2227 sociae
1144 2190 1238 2226 civi-

125 2255 221 2286 tates
248 2252 466 2300 ignominiae
493 2257 720 2306 acciperent.
775 2255 801 2292 J
806 2262 889 2292 usta
913 2255 1130 2306 deprecatio
1164 2254 1246 2291 haee

125 2313 216 2352 visa.
272 2314 464 2354 Larissam
493 2319 541 2355 ad
574 2319 787 2357 Hostilium
812 2317 1080 2371 proconsulem
1103 2317 1168 2367 (ab
1198 2329 1244 2354 eo

661 2382 696 2420 T
714 2384 739 2419 4
