1546 2648
281 112 367 157 324
491 105 495 112 ’
736 111 781 141 Τ.
807 111 939 142 mvn

159 201 196 231 C.
212 207 282 237 ⁵79.
298 202 444 244 tuenda,
464 212 562 237 more
579 198 756 247 majorum
776 202 951 238 traditum
970 206 1056 238 esset
1069 218 1083 246 ,-
1111 213 1192 238 eum
1206 215 1273 252 per
1289 206 1400 241 socio·

156 244 192 275 C·
213 253 246 281 17
253 251 377 301 ³'rnm
403 265 504 301 urbes
535 265 733 301 diruentem
759 265 905 313 templa,
935 266 1201 314 nudantemque
1233 271 1327 303 tecta
1353 279 1401 303 ae-

297 330 396 366 dium
414 341 613 372 sacrarum,
632 331 785 376 vagari:
814 333 862 372 et,
883 330 989 377 quod,
1013 331 1045 365 si
1065 330 1101 365 in
1119 331 1271 378 privatis
1291 332 1403 367 socio*

295 405 377 429 rum
396 393 553 442 <edificiis
560 391 719 441 faceret,
740 393 925 439 indignum
943 393 1056 428 videri
1071 398 1199 441 posset,
1220 395 1259 430 id
1280 392 1406 430 Deam

296 457 542 492 inmortalium
570 456 705 503 templa
733 456 978 491 demolientem
997 455 1127 504 facere
1142 472 1154 492 .·
1182 461 1217 492 et
1252 457 1403 492 obstrin-

293 532 378 568 gere
405 521 576 568 religione
602 521 778 567 populum
806 520 1023 562 Romanum,
1049 521 1162 556 ruinis
1193 521 1406 569 templorum

298 585 432 631 templa
459 584 688 632 oedificantem
706 599 718 618 .·
747 587 930 631 tamquam
959 594 1027 618 non
1055 584 1163 618 iidem
1190 584 1317 631 ubique
1335 584 1406 620 Dii

297 647 504 683 inmortales
530 647 614 688 sint,
643 647 704 681 sed
731 646 855 692 spoliis
883 646 1038 681 aliorum
1066 646 1132 681 alii
1150 647 1287 681 colendi
1303 658 1404 683 exor-

296 712 485 759 nandique.
541 711 684 752 Quum,
712 710 929 759 priusquam
955 708 1170 752 referretur,
1194 709 1405 760 adpareret,

297 774 387 823 quid
406 775 589 810 sentirent
610 774 755 816 Patres,
776 772 960 809 relatione
987 772 1102 816 facta,
1124 773 1161 808 in
1191 785 1302 810 unam
1323 786 1404 811 om-

103 201 146 232 U.

103 247 142 275 A.

298 851 363 875 nes
393 839 620 874 sententiam
649 839 786 881 ierunt,
808 844 850 873 ut
878 838 936 873 hae
955 836 1091 886 tegulae
1111 839 1344 888 reportandae
1365 839 1403 875 in

298 902 481 954 templum
509 902 738 945 locarentur,
771 901 1050 951 piaculariaque
1082 902 1225 938 Junoni
1258 903 1404 942 fierent.

298 969 393 1007 Quae
423 967 470 1003 ad
498 967 720 1016 religionem
751 967 956 1016 pertinent,
977 979 1061 1002 cum
1082 980 1171 1003 cura
1189 968 1315 1004 facta:
1349 975 1405 1005 te-

299 1030 404 1079 gulas
437 1029 585 1066 relictas
619 1031 657 1065 in
692 1042 779 1065 area
809 1029 953 1078 templi,
985 1030 1073 1078 quia
1105 1031 1405 1079 reponendarum

298 1107 410 1131 nemo
444 1094 581 1130 artifex
610 1094 704 1129 inire
737 1093 924 1130 rationem
957 1094 1139 1143 potuerit,
1177 1094 1407 1131 redemtores

300 1159 541 1194 nunciarunt.

354 1222 421 1259 IV.
451 1221 513 1258 Ex
541 1221 779 1273 praetoribuS,
809 1223 873 1271 qui
903 1223 941 1258 in
967 1223 1178 1272 provincias
1200 1224 1334 1266 ierant,
1355 1223 1407 1261 N.

300 1286 439 1322 Fabius
469 1285 650 1322 Massiliae
680 1286 853 1330 moritur,
875 1298 991 1334 quum
1020 1286 1058 1321 in
1080 1286 1293 1322 citeriorem
1313 1286 1405 1322 His·

299 1350 450 1400 paniam
482 1350 563 1385 iret.
621 1348 768 1397 Itaque,
789 1362 904 1397 quum
928 1348 967 1384 id
995 1349 1216 1384 nunciatum
1248 1362 1270 1384 a
1299 1350 1405 1386 Mas-

301 1413 514 1450 siliensibus
540 1413 673 1461 legatis
701 1420 813 1457 esset,
833 1419 985 1449 senatus
1012 1412 1190 1456 decrevit,
1211 1420 1253 1448 ut
1273 1413 1314 1450 P.
1330 1413 1405 1451 Fu·

299 1478 375 1514 rius
416 1484 454 1513 et
491 1478 561 1513 Cn.
583 1477 775 1520 Servilius,
809 1477 944 1526 quibus
985 1476 1268 1520 succedebatur,
1309 1478 1407 1514 inter

302 1555 341 1578 se
360 1542 598 1585 sortirentur,
619 1546 700 1577 uter
720 1542 934 1577 citeriorem
954 1539 1181 1589 Hispaniam
1200 1548 1408 1590 prorogato

301 1606 462 1655 imperio
477 1605 680 1642 obtineret.
738 1605 825 1640 Sors
847 1610 1063 1655 opportuna
1080 1603 1154 1639 fuit
1166 1619 1177 1648 3
1210 1603 1252 1641 P.
1272 1603 1406 1641 Furius

302 1670 415 1713 idem,
436 1669 541 1719 cujus
563 1682 606 1706 ea
626 1669 820 1719 provincia
838 1668 976 1711 fuerat,
997 1674 1219 1704 remaneret.
1261 1667 1408 1705 Eodem

302 1746 417 1776 anno,
448 1747 563 1782 quum
596 1735 675 1781 agri
708 1733 901 1782 Ligustini
927 1739 966 1768 et
999 1731 1150 1774 Gallici,
1181 1731 1282 1780 quod
1307 1731 1408 1768 bello

302 1804 453 1846 captum
474 1804 568 1840 erat,
590 1796 824 1845 aliquantum
844 1801 1008 1838 vacaret,
1038 1795 1408 1832 senatusconsultum

302 1862 460 1904 factum,
478 1869 519 1897 ut
538 1863 568 1897 is
585 1874 673 1910 ager
689 1861 827 1896 viritim
843 1860 1080 1895 divideretur.
1109 1858 1353 1896 Decemviros
1370 1861 1410 1896 in

304 1938 387 1961 eain
407 1938 483 1961 rem
505 1938 551 1961 cx
570 1922 900 1960 senatusconsulto
920 1923 1061 1958 creavit
1080 1922 1128 1958 A.
1144 1921 1284 1958 Atilius
1313 1936 1409 1973 prae-

305 1997 366 2023 tor
382 1988 560 2031 urbanus,
581 1987 637 2024 M.
654 1987 855 2023 AEmilium
872 1985 1074 2035 Lepidum,
1096 1985 1139 2021 C.
1157 1985 1342 2030 Cassium,
1363 1987 1410 2024 T.
1532 1983 1546 2060 Γ

306 2051 506 2087 AEbutium
527 2051 681 2093 Carum,
703 2051 747 2087 C.
762 2049 1020 2092 Tremellium,
1041 2048 1084 2085 P.
1098 2048 1316 2085 Cornelium
1337 2050 1409 2086 Ce—
1535 2086 1540 2092 ‚

305 2116 475 2164 thegnm,
506 2114 553 2153 Q.
575 2122 612 2150 et
645 2114 692 2150 L.
709 2113 931 2163 Appuleios,
961 2112 1017 2150 M.
1039 2112 1247 2156 Caecilium,
1278 2113 1322 2148 C.
1343 2113 1411 2150 Sa·
1530 2100 1546 2183 fl

304 2179 462 2221 lonium,
494 2178 537 2214 C.
556 2177 788 2214 Munatium,
843 2176 1066 2212 Diviserunt
1094 2176 1190 2212 dena
1211 2175 1350 2226 jugera
1370 2178 1410 2213 in
1529 2188 1538 2224 ξ’

305 2241 488 2289 singulos,
523 2241 633 2278 sociis
669 2240 831 2277 nominis
868 2239 999 2278 Latini
1032 2245 1154 2277 terna.
1209 2239 1282 2276 Per
1314 2239 1411 2277 idem
