1546 2648
384 160 468 203 612
775 170 1111 201 FRAGMENTA.

382 260 536 297 interim
555 260 652 296 ictus
672 259 903 303 vulneribus,
924 260 1073 303 exsilio,
1092 260 1201 297 ruina
1228 261 1407 311 partium,
1424 274 1497 312 pro

381 323 518 373 quibus
538 330 708 367 steterat,
738 323 823 361 filiae
842 331 978 367 morte,
1009 326 1113 361 exitu
1142 332 1220 362 tam
1248 326 1347 362 tristi
1382 332 1495 375 atque

381 387 532 431 acerbo,
563 389 733 425 omnium
761 389 1001 425 adversorum
1031 389 1141 433 nihil,
1162 395 1205 426 ut
1231 391 1314 426 viro
1340 390 1498 439 dignum

380 458 475 494 erat,
493 452 580 489 tulit
598 445 735 502 prae'ter
749 460 930 489 mortem:
954 466 1036 502 quae
1051 466 1137 490 vere
1154 454 1355 491 aestimanti
1370 455 1495 490 minus

377 515 536 564 indigna
568 516 684 552 videri
717 518 856 566 potuit,
892 517 993 564 quod
1028 530 1050 552 a
1081 518 1224 553 victore
1256 517 1412 554 inimico
1440 515 1497 553 nil
1545 539 1546 562 2

375 580 562 617 crudelius
591 593 723 631 passus
753 586 847 622 erat,
867 592 980 628 quam
1009 580 1111 627 quod
1139 579 1304 629 ejusdem
1329 580 1494 619 fortuna

374 656 532 694 compos
552 645 633 694 ipse
650 645 814 681 fecisset.
872 643 911 679 Si
932 644 1013 692 quis
1034 651 1160 680 tamen
1179 643 1382 680 virtutibus
1401 643 1495 681 vitia

372 708 555 758 pensarit,
586 708 643 744 vir
659 720 834 756 magnus,
865 720 962 749 acer,
990 707 1244 744 memorabilis
1274 706 1361 751 fuit,
1385 713 1423 744 et
1451 705 1491 744 in

370 770 478 821 cujus
498 771 624 809 laudes
652 773 928 823 persequendas
950 772 1136 809 Cicerone
1166 771 1365 808 laudatore
1394 781 1489 822 opus

367 833 494 872 fuerit.
552 836 607 872 M.
628 837 764 874 Seneca
781 848 915 873 suasor.
934 837 997 873 vii.
1367 884 1375 890 ι

421 897 554 934 Livius
571 899 699 944 refert,
718 900 975 950 Cleopatram,
992 912 1106 948 quum
1123 899 1171 936 ab
1186 900 1363 947 Angusto
1378 903 1488 949 capta

367 959 628 1010 indulgentius
648 964 694 999 de
714 964 899 999 industria
916 968 1158 1004 tractaretur,
1178 962 1301 998 dicere
1321 961 1487 1004 solitam,

366 1024 451 1061 Non
471 1026 728 1075 triumphabor.
776 1027 1045 1063 commentator
1062 1031 1164 1060 vetus
1183 1024 1327 1070 cruquii
1346 1026 1394 1060 ad
1409 1025 1489 1061 Ho-

364 1094 437 1124 rat.
457 1090 483 1126 i.
503 1093 559 1127 od.
585 1093 728 1124 xxxvii.
748 1088 814 1124 30.

417 1151 486 1188 Vir
505 1152 650 1201 ingenii
667 1153 795 1202 magni
815 1153 950 1202 magis,
967 1165 1080 1203 quam
1098 1152 1204 1190 boni.
1233 1153 1369 1190 Seneca
1385 1153 1444 1190 lib.
1459 1153 1486 1192 i.

363 1217 410 1253 de
427 1217 486 1252 ira
504 1228 584 1266 cap.
605 1217 680 1254 xvi.

414 1280 619 1326 Profiteor,
651 1282 780 1319 mirari
809 1294 870 1318 me
902 1282 949 1319 T.
970 1281 1136 1325 Livium,
1163 1288 1356 1318 auctorem
1385 1280 1482 1318 cele-

360 1342 581 1389 berrimum,
603 1346 643 1382 in·
666 1345 927 1383 Historiarum
957 1359 1123 1388 suarum,
1157 1357 1247 1394 quas
1277 1345 1415 1395 repetit
1434 1343 1481 1381 ab

359 1409 508 1458 origine
537 1410 655 1453 urbis,
684 1412 849 1459 quodam
869 1411 1061 1446 volumine
1084 1411 1137 1446 sic
1157 1422 1331 1446 exorsum
1351 1423 1360 1445 z
1391 1410 1481 1446 satis

352 1470 438 1521 jam
457 1473 529 1509 sibi
550 1473 682 1521 gloriae
697 1474 913 1522 quaesitum,
935 1479 973 1509 et
991 1474 1159 1523 potuisse
1179 1485 1219 1508 se
1240 1472 1422 1515 desinere,
1441 1471 1482 1507 ni

359 1536 506 1571 animus
526 1537 673 1585 inquies
694 1542 910 1587 pasceretur
929 1548 1055 1586 opere.
1113 1537 1256 1572 Plinius
1270 1538 1309 1573 in
1334 1536 1480 1586 praefat.

357 1598 406 1634 lib
437 1599 462 1635 i.
493 1600 573 1636 hist.
594 1604 714 1636 natur.
802 1638 805 1640 ,

399 1661 446 1698 Τ.
459 1662 591 1699 Livius
612 1676 656 1700 ac
671 1662 804 1713 Nepos
821 1661 1022 1699 Cornelius
1038 1661 1249 1699 latitudinis
1270 1661 1386 1711 [freti
1403 1663 1477 1699 Ga-

355 1727 492 1774 ditani]
511 1726 764 1769 tradiderunt,
786 1725 850 1762 ubi
868 1726 1081 1769 minimum,
1098 1731 1242 1776 septem
1258 1726 1376 1762 millia
1390 1738 1476 1775 pas-

353 1802 488 1834 suum3
521 1791 586 1827 ubi
620 1803 711 1826 vero
743 1790 960 1840 plurimum,
989 1789 1116 1826 decem
1149 1789 1278 1827 millia.
1335 1791 1476 1826 Plinius

350 1850 497 1900 praefat.
519 1853 577 1888 lib.
599 1854 651 1889 iii.
682 1854 762 1888 hist.
782 1859 902 1889 natur.

408 1912 619 1963 Completis
652 1912 885 1949 consulibus.
955 1914 1099 1950 Servius
1127 1914 1177 1950 ad
1209 1914 1308 1961 Virg.
1346 1914 1474 1963 Georg.

350 1977 405 2014 iii.
431 1978 463 2013 1.

405 2039 534 2077 Verba
567 2046 669 2084 sunt,
702 2047 744 2076 ut
775 2039 957 2076 habemus
995 2040 1034 2076 in
1070 2038 1199 2082 Livio,
1232 2041 1469 2088 imperatoris

351 2104 587 2152 transfugam
608 2104 823 2154 recipientis
844 2105 880 2140 in
902 2104 1036 2148 fidem3
1066 2103 1246 2151 Quisquis
1267 2115 1320 2145 es,
1341 2109 1471 2140 noster

348 2169 434 2205 eris.
491 2168 637 2205 Servius
654 2170 702 2205 ad
725 2169 823 2216 Virg.
838 2169 928 2205 AEn.
948 2169 998 2204 xi.
1024 2167 1112 2205 148.

403 2231 582 2282 Impubes
608 2233 788 2282 libripens
817 2244 896 2267 csse
925 2243 1003 2267 non
1036 2236 1176 2280 potest,
1212 2241 1334 2279 neque
1362 2234 1467 2267 ante-

349 2297 453 2333 stari.
511 2298 689 2334 Priscian.
711 2296 770 2334 lib.
789 2296 865 2333 viii.
888 2296 1048 2332 Gramm.
1067 2307 1151 2344 pag.
1173 2293 1262 2334 792.
