1546 2648
350 205 506 234 LIBER
528 203 657 240 XLII).
691 203 799 232 cAP.
822 205 930 234 XVI.
1086 203 1165 250 337

57 292 172 329 etiam
191 292 398 328 amicorum
423 296 462 326 et
492 289 713 333 satellitum,
739 297 942 340 postquam
971 291 1170 328 cadentem
1182 301 1225 334 U,
1239 302 1277 334 c,
1291 309 1363 335 580-

59 356 197 399 videre,
229 355 446 404 diffugiunt,
476 353 690 390 Pantaleon
716 360 937 390 constanter
972 354 1169 405 inpavidus
1185 347 1277 381 A·C·
1293 351 1365 382 ¹⁷²·

60 420 202 456 mansit
218 419 267 456 ad
283 417 559 469 protegendum
578 429 719 466 regem.

112 483 224 521 XVI.
252 483 457 525 Latrones,
484 495 599 532 quum
628 481 735 519 brevi
768 481 968 519 circumitu
1000 486 1172 522 maceriae

60 546 256 588 decurfere
285 550 332 586 ad
363 549 639 586 conficiendum
673 549 843 585 saucium
875 556 1045 599 possent,
1071 549 1176 586 velut

59 613 229 665 perfecta
253 626 307 657 re,
327 615 368 650 in
379 612 519 664 jugum
546 613 706 650 Parnasi
734 613 956 662 refugerunt
974 626 1020 650 eo
1047 626 1173 656 cursu,

60 684 118 722 ut,
139 691 255 728 quum
275 691 371 715 unus
390 690 470 714 non
495 677 608 714 facile
627 677 820 727 sequendo
846 689 912 728 per
930 677 1033 714 invia
1062 684 1175 727 atque

61 743 180 780 ardua
204 748 416 779 moraretur
433 742 564 790 fugam
591 754 736 784 eorum,
756 753 805 778 ne
834 753 1058 792 comprenso
1076 742 1176 779 indi-

59 808 164 844 cium
179 813 386 850 emanaret,
408 805 617 842 occiderint
635 806 828 842 comitem.
884 806 946 842 Ad
961 819 1096 856 corpus
1116 819 1174 843 re·
1188 827 1349 861 Eumenes

58 873 115 921 gis
135 872 258 921 primo
278 872 403 914 amici,
424 870 560 907 deinde
584 870 766 907 satellites
787 883 831 907 ac
858 871 954 906 servi
974 882 1174 907 concurre·
1186 871 1307 910 sopitus

59 942 162 977 runt,
183 934 358 971 tollentes
382 933 548 983 sopitum
573 933 726 970 vulnere
747 947 790 970 ac
819 933 916 970 nihil
935 934 1174 971 sentientem.
1185 914 1321 989 {31}sz

59 998 198 1035 Vivere
215 1003 341 1036 tamen
363 1009 409 1049 ex
429 996 555 1033 calore
573 1002 612 1032 et
629 996 765 1046 spiritu
785 1003 1004 1033 remanente
1025 997 1065 1032 in
1079 1009 1175 1046 prae-

62 1062 199 1098 cordiis
226 1050 448 1106 senserunt3
480 1061 666 1098 victurum
687 1061 825 1109 exigua
852 1073 896 1097 ac
925 1072 1044 1110 prope
1072 1060 1178 1098 nulla

63 1138 146 1177 spes
167 1132 260 1163 erat.
315 1125 480 1165 Quidam
506 1137 554 1162 ex
572 1124 813 1168 satellitibus,
834 1125 955 1162 secuti
984 1125 1177 1163 latronum

64 1190 237 1238 vestigia,
255 1202 369 1239 quum
386 1201 503 1238 usque
520 1189 567 1226 ad
578 1188 717 1239 jugum
732 1189 905 1232 Parnasi,
919 1189 1177 1239 nequidquam

63 1253 230 1302 fatigati,
251 1254 523 1303 pervenissent,
539 1265 580 1289 re
598 1252 741 1290 infecta
758 1252 964 1291 redierunt.
1008 1253 1177 1302 Adgres-

65 1320 96 1354 εἰ
127 1317 274 1354 facinus
302 1317 549 1360 Macedones,
580 1324 623 1354 ut
654 1316 882 1359 inconsulte,
912 1318 968 1354 ita
999 1317 1178 1357 audacter

63 1387 246 1432 coeptum,
265 1394 336 1418 nec
355 1381 527 1418 consulte
546 1388 585 1417 et
603 1381 734 1418 timide
758 1381 1002 1431 reliquerunt.
1060 1382 1177 1419 Com-

61 1452 190 1496 potem
204 1444 287 1495 jam
312 1444 368 1481 sui
389 1457 517 1493 regem
543 1445 655 1481 amici
682 1452 838 1495 postero
858 1444 916 1482 die
935 1444 1111 1483 deferunt
1129 1445 1178 1482 ad

59 1521 218 1548 navem:
250 1509 337 1546 inde
371 1509 622 1549 Corinthum:
655 1522 678 1545 a
707 1509 910 1552 Corintho,
938 1521 1004 1559 per
1039 1509 1177 1550 Isthmi

55 1573 194 1624 jugum
221 1573 379 1610 navibus
413 1573 609 1616 traductis,
636 1572 820 1622 AEginam
849 1573 1057 1624 trajiciunt.
1113 1573 1176 1612 Ibi

63 1637 157 1674 adeo
176 1644 320 1674 secreta
342 1635 422 1686 ejus
452 1637 598 1673 curatio
626 1636 714 1680 fuit,
743 1637 1028 1676 admittentibus
1053 1638 1174 1676 nemi·
1188 1655 1360 1691 Convffles„

62 1712 164 1742 nem,
185 1706 226 1735 ut
240 1699 343 1736 fama
357 1706 548 1736 mortuum
568 1700 607 1737 in
623 1701 755 1737 Asiam
770 1700 966 1751 perferret.
1020 1701 1174 1740 Attalus
1187 1700 1240 1733 cix.

62 1776 212 1814 quoque
244 1763 416 1807 celerius,
450 1776 562 1812 quam
591 1764 747 1813 dignum
777 1765 983 1803 concordia
1008 1765 1176 1803 fraterna

63 1835 158 1871 erat,
172 1827 330 1866 credidit
345 1842 353 1866 ε
385 1840 473 1865 nam
489 1835 527 1864 et
543 1840 628 1864 cum
647 1840 763 1865 uxore
779 1828 920 1872 fratris,
938 1835 976 1866 et
994 1829 1176 1880 praefecto

61 1892 154 1935 arci,
175 1898 369 1940 tamquam
382 1890 466 1942 jam
485 1891 587 1929 haud
606 1890 742 1928 dubius
762 1892 868 1940 regni
886 1892 1020 1936 haeres,
1042 1899 1099 1930 est
1118 1892 1177 1930 lo-

62 1960 184 1993 cutus.
240 1954 335 1994 Quae
367 1961 502 2004 postea
536 1967 616 1991 non
651 1954 820 1992 fefellere
852 1955 1064 1993 Eumenem
1081 1971 1089 1992 :
1123 1963 1175 1999 et,

61 2029 289 2067 quamquam
313 2017 546 2055 dissimulare
576 2023 614 2053 et
642 2018 759 2055 tacite
788 2018 930 2056 habere
954 2018 994 2055 id
1021 2019 1177 2068 patique

62 2086 260 2123 statuerat,
277 2086 403 2118 tamen
420 2080 460 2117 in
479 2080 602 2130 primo
618 2092 825 2129 congressu
842 2093 920 2118 non
935 2082 1176 2131 temperavit,

63 2144 156 2193 quin
173 2143 301 2183 uxoris
321 2143 493 2193 petendae
512 2150 779 2194 praematuram
798 2143 1085 2182 festinationem
1099 2145 1178 2182 fra-

62 2206 114 2244 tri
142 2204 337 2256 objiceret.
391 2205 558 2250 Romam
577 2219 728 2258 quoque
746 2206 849 2247 fama
874 2207 919 2245 de
948 2215 1070 2245 morte
1097 2208 1178 2246 Eu·-

65 2270 187 2309 menis
206 2268 351 2319 perlata
369 2277 440 2308 est.

115 2334 249 2375 XVII.
279 2334 358 2373 Sub
386 2335 486 2373 idem
512 2341 662 2387 tempus
683 2335 727 2374 C.
744 2334 914 2374 Valerius
943 2347 989 2373 ex
1016 2333 1177 2379 Graecia,

116 2399 217 2438 Vm..
240 2397 309 2437 lv.
636 2400 679 2439 Q
1154 2410 1159 2412 ·
