1546 2648
271 130 359 178 570
695 128 848 160 1⁴:1²1'r0
857 129 947 159 ΜΕ

262 222 386 274 facile
406 221 454 259 sit
471 221 584 264 dictu,
603 224 726 257 utram
744 221 834 257 bello
852 221 992 264 melior,
1023 232 1070 257 an
1095 233 1187 270 pace
1209 225 1389 271 pernicio·-

271 289 344 325 sior
354 287 477 336 suerit
489 302 502 323 :
521 287 624 330 adeo,
640 298 748 335 qaam
766 286 1022 334 rempublicam
1040 291 1200 323 armatus
1221 290 1387 332 servavit,

273 365 354 391 eam
392 355 512 402 primo
551 357 694 401 togatus
729 354 825 389 omni
859 364 988 402 genere
1017 352 1184 402 fraudis,
1208 359 1390 403 postremo

276 420 389 456 armis
414 417 590 455 hostiliter
617 419 757 455 evertit.

737 523 923 561 LXXXI.

275 598 348 652 L.
383 616 560 654 SULLA
598 615 772 657 Athenas,
825 626 912 663 qaas
946 615 1159 658 Archelaus,
1201 615 1399 664 Jiraesectus

274 681 519 724 Mithridatis,
547 684 754 728 occuparat,
792 680 1030 723 circumsedit,
1074 685 1109 716 et
1150 692 1228 716 cum
1262 692 1394 728 ‘magno

276 745 396 782 labore
411 746 658 793 expugnavit:
686 744 766 780 urbi
786 744 998 787 libertatem,
1019 749 1054 780 et
1073 745 1216 787 civibus,
1231 757 1308 793 quae
1327 744 1394 781 ha-

275 809 438 853 buerant,
457 811 628 847 reddidit.
683 809 887 857 Magnesia,
909 822 986 858 qace
1003 810 1079 845 sola
1104 812 1141 845 in
1160 811 1249 846 Asia
1270 812 1396 846 civitas

275 876 315 911 in
329 876 409 924 fide
427 880 622 918 manserat,
641 886 781 910 summa
803 875 935 910 virtute
953 875 1122 910 adversus
1140 874 1393 910 Mithridatem

276 938 425 987 defensa
453 944 515 976 est.
573 939 756 975 Praeterea
789 938 968 974 Thracum
1000 939 1038 973 in
1063 938 1280 974 Macedonia
1310 949 1396 974 con·

276 1004 368 1040 tinet
391 1008 508 1051 gesta.

726 1095 945 1135 LXXXII.

279 1165 470 1221 SULLA
496 1183 616 1230 copias
646 1184 751 1231 regis,
782 1196 873 1231 quoe,
894 1183 1112 1220 Macedonia
1140 1188 1326 1232 occupata,
1355 1184 1395 1222 in

281 1245 501 1284 Thessaliam
519 1252 704 1289 venerant,
716 1248 842 1295 proelio
862 1248 956 1290 vicit,
973 1249 1068 1284 caesis
1083 1247 1399 1284 hostiumcentam

275 1310 446 1352 millibus,
464 1315 498 1346 et
517 1313 644 1347 castris
657 1323 793 1360 qaoque
812 1313 1036 1360 expugnatis.
1073 1311 1256 1348 Renovato
1271 1313 1398 1349 deinde

271 1372 382 1416 hello,
403 1375 531 1410 iterum
550 1377 741 1411 exercitam
761 1377 853 1422 regis
869 1374 980 1424 fudit
999 1388 1042 1411 ac
1061 1376 1200 1412 delevit.
1258 1375 1396 1412 Arche-

279 1436 361 1473 laus
389 1449 469 1474 cam
498 1439 608 1474 classe
636 1440 736 1486 regia
762 1439 874 1474 Sulla.=
893 1451 929 1475 se
949 1439 1110 1475 tradidit.
1166 1438 1211 1475 L.
1235 1438 1397 1475 Valerius

279 1500 428 1537 Flaccus
445 1503 580 1545 consul,
598 1503 735 1549 collega
755 1502 891 1545 Cinnoe,
918 1504 1054 1544 missus,
1083 1507 1124 1538 ut
1143 1502 1256 1538 Sullae
1278 1515 1399 1539 sacce-

279 1565 393 1606 deret,
432 1571 583 1614 propter
615 1568 809 1602 avaritiam
826 1580 828 1583 ’
847 1568 978 1602 invisus
1005 1568 1176 1602 exercitui
1205 1578 1284 1609 suo,
1312 1579 1336 1602 α
1357 1566 1396 1604 C.

278 1628 438 1665 Fimbria
457 1631 575 1677 legato
595 1632 718 1678 ipsius,
746 1632 882 1666 ultimoe
906 1632 1066 1667 audaciae
1091 1631 1246 1673 homin-e,
1266 1633 1399 1668 occisus

281 1698 347 1737 est,
370 1699 406 1730 et
432 1696 620 1744 imperium
639 1697 690 1732 acl
714 1696 907 1732 Fimbriam
934 1696 1162 1732 translatam.
1219 1695 1402 1731 Praeterea

282 1766 495 1807 expugnatoe
524 1763 561 1797 in
586 1763 677 1797 Asia
700 1762 801 1798 urbes
830 1774 853 1796 a
881 1761 1111 1803 Mithridate,
1144 1764 1179 1795 et
1209 1761 1400 1795 crudeliter

283 1825 427 1872 direpta
450 1827 653 1873 provincia,
688 1827 968 1875 incursionesque
1002 1824 1179 1861 Thracum
1208 1825 1245 1860 in
1273 1823 1402 1860 Mace-

281 1888 444 1932 doniam,
473 1888 693 1938 referuntur.

721 1985 963 2033 LXXXIII.

291 2059 350 2114 C.
373 2080 600 2118 FIMBRIA
628 2083 666 2118 in
684 2081 775 2118 Asia
790 2080 890 2130 fusis
912 2080 1040 2130 proelio
1061 2079 1199 2128 aliquot
1224 2077 1403 2129 praefectis

285 2143 528 2188 Mithridatis,
558 2147 679 2183 urbem
700 2147 918 2194 Pergamum
944 2147 1050 2193 cepit,
1080 2144 1320 2193 obsessamque
1342 2156 1401 2181 re·

281 2219 378 2256 gem,
398 2221 470 2246 non
487 2211 641 2247 multum
661 2209 792 2259 abfuit,
813 2212 898 2259 quin
920 2213 1074 2258 caperet.
1137 2208 1266 2245 Urbem
1288 2209 1398 2250 Ilion,

284 2284 363 2322 quae
379 2285 416 2310 se
436 2277 610 2324 potestati
628 2275 741 2313 Sullae
759 2275 976 2317 reservabat,
995 2274 1213 2323 expugnavit
1234 2285 1279 2310 ac
1303 2272 1399 2309 dele·
