1546 2648
324 156 479 185 LIBER
505 152 620 182 XLV.
655 150 761 180 CAP.
786 150 930 179 xxvl.
1100 147 1179 191 511

1197 235 1237 264 U.
1252 235 1288 265 C.
1304 242 1377 267 585.

72 254 113 284 ut
134 260 211 285 non
231 248 428 290 sentirent,
456 247 486 282 si
505 244 626 294 Lycia
644 249 682 280 et
702 242 815 278 Caria
845 241 1002 277 ademtae
1029 239 1076 277 ab
1096 238 1179 276 Ro·
1198 279 1238 308 A·
1252 278 1288 309 C·
1306 284 1378 313 167·

70 313 190 348 manis
209 312 350 354 forent,
371 318 496 348 cetera
514 315 580 345 aut
608 320 647 343 se
673 308 755 356 ipsa
779 318 845 356 per
865 304 1114 341 defectionem
1134 303 1179 339 li-

68 376 258 419 berarent,
293 383 359 412 aut
387 388 410 411 a
443 373 610 410 finitimis
645 377 937 420 occuparentur,
971 367 1111 404 includi
1141 380 1180 403 se

68 440 199 476 insulae
220 453 343 489 parvae
367 447 404 476 et
430 438 567 475 sterilis
590 437 671 485 agri
701 434 892 477 litoribus,
922 446 1003 482 quae
1038 434 1188 481 nequa?

66 517 179 552 quam
198 504 296 541 alere
316 511 432 541 tantae
452 503 554 539 urbis
580 500 762 551 populum
787 506 938 549 posset:
972 498 1086 533 missa
1105 497 1176 545 igi-

63 575 127 604 tur
151 568 368 619 juventute,
388 579 547 618 propere
573 574 609 602 et
639 564 821 607 Caunios,
855 574 1082 612 quamquam
1109 560 1174 596 Ci-

65 631 284 682 byratarum
313 633 547 669 adsciverant
587 628 740 670 auxilia,
775 632 983 675 coegerunt
1015 625 1175 675 imperio

64 708 221 745 parere3
254 703 293 733 et
317 696 552 745 Mylasenses
573 691 931 739 Alabandenosque,
953 690 1030 738 qui,
1052 689 1176 726 Euro-

63 761 250 796 mensium
269 760 465 810 provincia
484 759 648 799 ademta,
676 757 723 793 ad
753 757 855 806 ipsos
883 753 1090 805 conjuncto
1109 766 1174 790 ex—

62 824 183 859 ercitu
201 831 400 866 venerunt,
421 825 520 859 circa
539 822 761 858 Orthosiam
783 821 863 857 acie
882 819 1065 855 vicerunt.

115 885 270 924 XXVI.
316 886 421 923 Dum
449 887 530 922 haec
559 885 627 929 ibi,
658 883 732 920 alia
759 884 801 920 in
828 871 1173 924 Macedonian-alia
1185 882 1353 931 Anicii-res

59 949 196 988 Romae
232 958 439 1000 geruntur5
479 951 631 987 interim
665 950 704 986 in
742 949 896 998 Illyrico
927 946 975 984 L.
996 947 1170 991 Anicius,
1184 933 1328 1008 {33¹⁰

58 1027 148 1062 rege
177 1015 334 1058 Gentio,
365 1015 462 1052 sicut
488 1020 576 1050 ante
607 1013 750 1050 dictum
777 1020 849 1055 est,
876 1012 915 1047 iu
940 1016 1170 1061 potestatem

57 1079 227 1121 redacto,
247 1079 412 1122 Scodrae,
429 1092 510 1127 quae
527 1078 632 1126 regia
650 1077 788 1120 fuerat,
806 1074 981 1126 praesidio
1000 1074 1170 1126 inposito

59 1142 266 1179 Gabinium
285 1143 468 1193 praefecit,
495 1142 666 1178 Rhizoni
691 1150 730 1178 et
749 1140 903 1177 Olcinio
922 1138 1078 1175 urbibus
1098 1151 1168 1190 op·

55 1207 230 1257 portunis
248 1207 295 1244 C.
314 1207 519 1244 Licinium.
575 1206 794 1256 Praepositis
814 1204 871 1241 his
893 1203 1061 1253 Illyrico,
1082 1215 1169 1240 cum

53 1269 200 1320 reliquo
220 1272 388 1308 exercitu
407 1272 446 1312 in
462 1271 622 1320 Epirum
638 1276 694 1306 est
714 1268 906 1320 profectus
923 1282 931 1304 :
961 1267 1026 1303 nbi
1043 1268 1167 1318 prima

55 1333 233 1371 Phanota
251 1336 285 1371 ei
305 1335 443 1378 dedita,
464 1342 548 1371 tota
573 1335 813 1371 multitudine
842 1345 926 1390 cum
946 1331 1075 1368 infulis
1095 1330 1164 1369 ob-

52 1399 152 1435 viam
172 1399 311 1436 effusa:
342 1400 405 1436 hic
433 1399 608 1449 praesidio
637 1399 821 1449 inposito,
848 1398 888 1433 in
912 1391 1165 1433 Molossidem

51 1468 332 1511 transgressus:
366 1463 471 1514 cujus
488 1463 664 1503 omnibus
685 1463 848 1513 oppidis,
872 1467 1008 1513 praeter
1027 1461 1163 1498 Passa-

52 1538 200 1569 ronem,
229 1533 268 1563 et
295 1527 542 1570 Tecmonem,
573 1534 612 1564 et
642 1527 849 1576 Phylacen,
884 1535 921 1562 et
954 1525 1161 1570 Horreum,
1215 1550 1221 1555 κ

49 1591 226 1639 receptis,
255 1591 419 1640 primum
441 1592 489 1627 ad
517 1591 765 1628 Passaronem
795 1590 911 1628 ducit.
967 1590 1159 1626 Antinous

48 1660 86 1689 et
102 1653 326 1691 Theodotus
346 1656 534 1706 principes
555 1655 634 1706 ejus
655 1656 819 1692 civitatis
839 1660 960 1698 erant,
990 1654 1158 1703 insignes

46 1724 86 1753 et
103 1716 233 1753 favore
252 1718 394 1763 Persei,
422 1726 461 1755 et
485 1719 573 1755 odio
594 1719 768 1756 adversus
788 1718 985 1755 Romanos
1005 1733 1012 1754 :
1045 1717 1158 1754 iidem

46 1782 229 1819 universae
262 1785 366 1832 genti
400 1791 572 1821 auctores
606 1784 835 1821 desciscendi
873 1784 920 1820 ab
957 1783 1158 1822 Romanis.

46 1845 101 1883 Hi
120 1848 354 1885 couscientia
373 1850 529 1899 privatae
555 1862 680 1894 noxae,
701 1850 790 1899 quia
817 1850 907 1900 ipsis
938 1849 1041 1885 nulla
1071 1862 1154 1899 spes

43 1910 162 1946 veniae
182 1919 275 1954 erat,
294 1919 334 1948 nt
355 1913 544 1949 communi
565 1914 673 1950 ruina
688 1914 818 1964 patriae
835 1913 1153 1963 obprimerentur‚

43 1972 260 2010 clauserunt
286 1982 430 2024 portas,
451 1976 746 2019 multitudinem,
776 1984 818 2012 ut
846 1983 1008 2012 mortem
1037 1978 1152 2013 servi-

42 2037 115 2071 tuti
145 2047 422 2088 praeponerent,
449 2040 658 2077 hortantes.
715 2041 841 2077 Nemo
861 2041 1035 2077 adversus
1056 2054 1151 2091 prae-

40 2106 216 2149 potentes
237 2103 334 2138 viros
354 2104 499 2141 hiscere
519 2105 694 2142 audebat.
740 2105 911 2142 Tandem
926 2106 1149 2143 Theodotus

43 2162 209 2211 quidam,
236 2164 373 2201 nobilis
405 2174 443 2203 et
472 2169 551 2218 ipse
581 2168 813 2214 adolescens,
841 2183 956 2220 quum
983 2169 1104 2220 major
1129 2185 1153 2207 a
1177 2197 1182 2199 -

42 2225 230 2263 Romanis
258 2236 378 2265 metus
399 2231 573 2269 timorem
592 2247 613 2269 a
632 2235 866 2285 principibus
886 2237 963 2272 suis
984 2238 1148 2279 vicisset,

40 2291 128 2332 Quoe
155 2304 215 2328 vos
243 2293 367 2337 rabies,
389 2294 525 2344 inquit,
545 2299 676 2385 ggipct,
698 2302 759 2348 qui
784 2302 934 2338 duorum
967 2302 1149 2341 homiuum

560 2371 579 2385 Α
601 2370 609 2375 L
