1546 2648
361 128 518 159 mmm
539 126 658 157 nv.
691 124 798 156 c-AP.
820 125 906 157 xv.
1103 124 1195 171 497.

76 216 198 255 multo
216 225 304 270 post
323 217 369 255 de
388 212 509 255 altero
522 215 739 254 Masinissae
757 213 837 252 filio
850 213 1053 265 Misagene
1067 213 1187 253 literae
1205 227 1248 261 u,
1263 227 1301 261 c,
1314 236 1389 262 5³4.

75 281 211 321 adlatae
229 288 332 327 sunt,
353 284 496 320 missum
517 294 597 319 eum
615 281 661 318 ab
689 281 734 318 L.
754 280 891 317 Paullo
914 286 996 329 post
1011 282 1190 320 devictum
1204 273 1245 305 Α·
1260 273 1299 305 C·
1315 278 1390 305 ¹⁶⁰³

73 349 207 385 Persea
222 349 261 384 in
273 347 441 397 Africam
457 359 536 384 cum
550 345 726 395 equitibus
742 346 816 382 suis
825 362 839 391 ,·
856 346 1101 394 navigantem,
1114 348 1188 385 dis-

68 424 175 461 persa
193 411 303 449 classe
320 413 356 448 in
376 412 595 448 Hadriatico
613 412 720 454 mari,
738 410 972 447 Brundisium
991 410 1103 447 tribus
1119 423 1188 448 na-

72 477 167 514 vibus
184 488 319 526 aegrum
338 477 513 514 delatum.
568 475 629 512 Ad
649 487 736 512 eum
757 487 844 512 cum
868 474 1002 512 iisdem
1021 475 1188 512 muneri-

71 541 158 585 bus,
178 554 261 591 quae
281 540 371 578 data
389 539 527 578 Romae
541 540 652 578 fratri
667 539 749 591 ejus
768 545 891 584 erant,
916 538 964 576 L.
983 539 1187 576 Stertinius

72 610 239 654 quaestor
269 604 519 642 Brundisium
545 605 703 642 missus:
728 602 936 655 jussusque
968 615 1115 648 curare,
1145 608 1188 640 ut

72 668 168 706 aedes
187 669 320 720 hospi-

328 761 355 785 *
520 759 546 784 ·)ῑ·
713 760 739 784 -K-
903 760 929 786 41-

123 845 215 883 XV.
241 847 267 872 ἃ
288 847 313 870 *²
335 847 360 871 ἱ·
389 845 430 881 in
463 849 628 895 quatuor
660 845 825 882 urbanas
854 844 976 883 tribus
1010 845 1190 898 descripti

72 916 181 947 erant
200 909 384 953 libertini,
404 918 543 960 praeter
566 922 646 953 eOS,
667 909 805 958 quibus
832 909 931 947 filius
953 911 1190 960 quinquenni

71 974 194 1026 major
213 987 261 1012 ex
285 973 618 1011 senatusconsulto
641 979 753 1010 esset.
809 973 906 1018 Eos,
925 974 993 1011 ubi
1010 976 1188 1025 proximo

69 1038 192 1076 lustro
226 1040 329 1076 censi
357 1045 497 1082 essent,
529 1039 674 1075 censeri
695 1037 919 1089 jusserunt:
951 1044 991 1075 et
1015 1051 1095 1084 eos,
1124 1040 1191 1089 qui

72 1103 256 1154 praedium
279 1102 469 1154 praedia‘ve
493 1103 635 1140 rustica
653 1102 770 1154 pluris
791 1101 1010 1140 sestertium
1029 1104 1191 1153 triginta

70 1166 231 1205 millium
259 1167 460 1211 haberent,
491 1167 669 1204 censendi
692 1166 758 1217 jus
790 1167 936 1204 factum
964 1174 1034 1206 est.
1098 1167 1189 1206 Hoc

70 1243 187 1281 quum
206 1232 261 1268 ita
279 1239 470 1269 servatum
490 1239 603 1276 esset,
624 1231 790 1281 negabat
810 1231 1006 1276 Claudius,
1020 1234 1190 1283 suffragii

70 1297 241 1333 lationem
259 1295 394 1343 injussu
417 1298 544 1345 populi
566 1308 742 1332 censorem
769 1298 937 1345 cuiquam
956 1296 1106 1341 homini,
1126 1310 1189 1334 ne-

70 1362 156 1398 dum
180 1363 298 1398 ordini
325 1363 502 1405 universo,
526 1363 685 1398 adimere
707 1374 821 1410 posse.
879 1361 1006 1410 Neque
1030 1363 1138 1405 enim,
1157 1363 1190 1399 si

70 1426 165 1463 tribu
183 1438 323 1463 movere
337 1431 470 1475 posset,
491 1427 587 1475 quod
603 1428 652 1463 sit
671 1426 764 1463 nihil
782 1427 898 1469 aliud,
919 1439 1030 1474 quam
1051 1431 1193 1463 mutare

60 1489 188 1537 jubere
207 1491 352 1534 tribum,
372 1493 450 1528 ideo
469 1492 632 1528 omnibus
645 1493 800 1540 quinque
814 1495 849 1527 et
865 1492 1017 1539 triginta
1033 1491 1192 1528 tribubus

68 1566 226 1592 movere
241 1567 341 1604 posse
351 1571 362 1600 3
394 1556 434 1592 id
452 1560 516 1598 est,
536 1557 719 1592 civitatem
742 1555 1013 1603 libertatemque
1029 1556 1166 1604 eripere
1175 1572 1190 1601 3
1213 1551 1219 1556 ²

67 1631 154 1662 non,
174 1619 234 1656 ubi
257 1624 457 1663 censeatur,
470 1621 597 1670 finire,
616 1620 680 1656 sed
709 1631 814 1656 censu
838 1620 1035 1657 excludere.
1092 1618 1190 1657 Haec

66 1683 168 1719 inter
187 1683 290 1734 ipsos
309 1683 542 1734 disceptata:
574 1689 770 1734 postremo
798 1696 844 1719 eo
865 1683 1089 1720 descensum
1115 1689 1188 1728 est,

67 1753 112 1783 ut
129 1759 176 1783 ex
191 1754 357 1797 quatuor
375 1748 530 1785 urbanis
550 1747 726 1784 tribubus
747 1760 863 1784 unam
882 1747 1008 1798 palam
1027 1748 1068 1784 in
1088 1748 1188 1785 atrio

68 1810 276 1848 Libertatis
307 1812 548 1854 sortirentur,
569 1812 609 1849 in
628 1825 740 1862 quam
764 1824 912 1856 omneS,
935 1812 1002 1862 qui
1026 1812 1188 1848 servitu-

67 1881 148 1911 tem
175 1876 392 1920 servissent,
424 1875 671 1926 conjicerent.
727 1875 938 1925 Esquilinae
959 1887 1040 1912 sors
1068 1876 1184 1912 exiit:

67 1940 107 1976 in
137 1952 183 1976 ea
207 1939 268 1977 Ti.
288 1939 484 1977 Gracchus
509 1941 792 1991 pronunciavit,
821 1940 1023 1977 libertinos
1052 1952 1185 1976 omnes

67 2003 213 2040 censeri
233 2003 395 2054 placere.
451 2003 601 2053 Magno
630 2017 675 2041 ea
705 2016 764 2041 res
792 2004 933 2040 honori
963 2003 1183 2040 censoribus

69 2067 169 2117 apud
195 2075 369 2105 senatum
387 2068 485 2106 fuit:
517 2069 650 2118 gratiae
670 2075 765 2106 actae
794 2075 833 2105 et
855 2068 1099 2119 Sempronio,
1119 2068 1184 2118 qui

70 2131 110 2168 in
140 2130 240 2168 bene
263 2139 391 2184 coepto
416 2139 716 2184 perseverasset5
749 2142 789 2170 et
814 2133 991 2177 Claudio,
1012 2133 1078 2182 qui
1104 2144 1184 2169 non

67 2196 288 2247 inpedisset.
343 2198 491 2243 Plures,
511 2212 624 2250 quam
650 2213 673 2236 a
697 2199 972 2250 superioribus,
993 2205 1032 2235 et
1050 2203 1187 2234 senatu

69 2262 187 2300 emoti
207 2268 309 2307 sunt,
331 2269 372 2300 et
387 2276 503 2315 equos
523 2265 685 2303 vendere
697 2264 821 2316 jussi-2
853 2277 985 2303 omnes
1003 2263 1118 2301 iidem
1135 2262 1185 2301 ab
