1546 2648
358 189 514 219 LIBER
537 189 768 219 xxxvlu.
800 188 909 219 cAP.
933 189 1002 219 Ν.
1171 177 1222 219 81

157 276 226 315 IV.
257 278 431 322 Consuli,
470 277 518 315 ad
546 277 791 314 Ambraciam
829 276 1059 321 advenienti,
1093 275 1332 327 magniU-C·
1351 280 1425 306 ⁵63.

101 343 225 393 operis
252 343 490 393 obpugnatio
514 344 593 379 visa
621 348 690 379 est.
747 341 954 378 Ambracia
985 342 1135 379 tumulo
1161 356 1220 379 as-
1232 321 1273 410 ‘X
1290 319 1327 409 ξ
1345 325 1419 384 18,9’

96 419 189 457 pero
210 406 382 457 subjecta
401 414 471 450 est,
492 407 742 443 Perranthem
763 405 897 442 incolae
919 412 1056 443 vocant
1075 422 1081 443 :
1115 406 1219 452 urbs,
1233 386 1417 454 snmus-rama

95 484 170 522 qua
191 485 317 509 murus
338 474 460 522 vergit
479 474 517 509 in
538 486 691 524 campos
713 480 751 509 et
777 473 933 516 flumen,
955 473 1217 521 occidentem3

97 549 178 580 armi,
213 551 296 586 quae
329 539 497 587 inposita
531 544 588 573 est
621 537 784 580 tumulo,
820 538 1009 574 orientem
1043 544 1217 588 spectat:

95 602 216 638 amnis
236 603 399 645 Aretho,
422 616 468 639 ex
488 603 721 639 Athamania
747 602 882 646 fluens,
905 603 1005 639 cadit
1030 604 1068 639 in
1095 604 1222 640 sinum

96 667 225 710 maris,
249 667 297 703 ab
328 668 482 704 nomine
505 667 730 717 propinquae
754 667 856 703 urbis
880 667 1128 704 Ambracium
1155 668 1220 704 ad-

96 731 280 782 pellatum
303 748 310 769 z
350 740 603 783 praeterquam
641 732 742 781 quod
786 732 877 768 hinc
922 732 1042 768 amnis
1080 732 1219 775 munit,

95 797 185 833 hinc
205 796 355 840 tumuli,
376 810 484 833 muro
506 810 657 846 quoque
683 797 792 833 firmo
817 803 925 847 septa
944 804 1038 840 erat,
1063 803 1219 847 patente

93 860 134 896 in
171 860 332 896 circuitu
376 861 504 911 paullo
541 861 702 911 amplius
745 862 820 897 tria
864 860 983 897 millia
1026 874 1219 911 passuum.

93 923 249 961 Fulvius
279 924 370 961 bina
395 938 418 961 a
447 938 582 975 campo
614 933 751 969 castra,
774 925 926 961 modico
951 926 1049 961 inter
1079 938 1119 962 se
1142 926 1218 962 dis·

93 990 218 1026 tantia
239 990 453 1034 intervallo,
475 1003 593 1026 unum
618 990 816 1027 castellum
843 989 930 1026 loco
951 991 1053 1026 edito
1079 997 1219 1027 contra

94 1067 220 1091 arcem
239 1053 406 1105 objecit:
439 1067 484 1091 ea
503 1056 632 1091 omnia
651 1055 751 1091 valio
771 1068 816 1091 ac
839 1055 944 1091 fossa
973 1055 1028 1091 ita
1049 1054 1216 1107 jungere

91 1126 216 1169 parat,
236 1132 284 1156 ne
307 1120 430 1155 exitus
461 1119 615 1156 inclusis
646 1120 693 1156 ab
715 1119 821 1163 urbe,
844 1133 938 1157 neve
967 1120 1091 1156 aditus
1120 1120 1214 1157 foris

94 1184 142 1219 ad
168 1183 308 1220 auxilia
326 1184 617 1220 intromittenda
637 1191 748 1221 esset.
805 1185 866 1221 Ad
894 1185 1035 1222 famam
1066 1184 1215 1235 obpug-

93 1249 259 1285 nationis
294 1248 509 1285 Ambraciae
548 1249 718 1285 Stratum
747 1248 831 1299 jam
870 1250 995 1286 edicto
1027 1250 1216 1287 Nicandri

90 1302 262 1363 praetoris
301 1320 560 1350 convenerant
587 1314 725 1351 AEtoli.
801 1315 895 1351 Inde
933 1316 1056 1365 primo
1093 1315 1213 1365 copiis

90 1377 266 1413 omnibus
287 1378 334 1414 ad
362 1376 640 1427 prohibendam
661 1378 899 1414 obsidionem
921 1380 1049 1414 venire
1070 1379 1109 1414 in
1130 1380 1212 1415 ani-

87 1456 151 1479 mo
171 1442 294 1479 fuerat
313 1457 320 1479 :
354 1442 502 1486 deinde,
523 1450 727 1494 postquam
750 1443 881 1479 urbem
901 1443 985 1494 jam
1006 1456 1146 1493 magna
1165 1457 1212 1481 ex

88 1514 195 1558 parte
225 1507 402 1558 operibus
433 1515 577 1558 septam
608 1508 797 1552 viderunt,
828 1509 1077 1558 Epirotarum
1107 1516 1210 1546 trans

88 1572 226 1608 flumen
248 1572 334 1608 loco
354 1571 468 1622 plano
487 1579 611 1608 castra
636 1573 763 1622 posita
782 1585 877 1615 esse,
895 1573 1060 1608 dividere
1081 1574 1209 1623 copias

88 1636 257 1686 placuit:
294 1649 379 1672 cum
417 1635 519 1672 mille
557 1636 741 1685 expeditis
779 1636 1014 1686 Eupolemus
1043 1637 1208 1674 Ambra-

88 1700 184 1736 ciam
204 1699 412 1750 profectus,
432 1713 500 1749 per
519 1700 689 1736 nondum
710 1701 912 1736 commissa
934 1701 1034 1736 inter
1063 1713 1102 1737 se
1124 1715 1208 1738 mu·
1257 1723 1262 1727 ι

86 1765 257 1801 nimenta
277 1763 408 1800 urbem
430 1765 599 1800 intravit.
656 1763 854 1800 Nicandro
876 1777 961 1800 cum
982 1771 1107 1801 cetera
1126 1778 1207 1802 ma-

85 1843 136 1866 nu
165 1830 288 1880 primo
320 1830 567 1880 Epirotarum
599 1836 722 1866 castra
751 1837 866 1866 nocte
902 1830 1057 1879 adgredi
1081 1832 1207 1867 consi-

84 1894 178 1931 lium
210 1894 348 1938 fuerat,
380 1894 481 1929 haud
510 1893 613 1930 facili
644 1893 691 1929 ab
720 1892 908 1930 Romanis
933 1894 1090 1937 auxilio,
1119 1896 1207 1944 quia

84 1959 223 1995 flumen
242 1960 447 1995 intererat:
481 1959 630 2002 deinde,
650 1959 905 2009 periculosum
931 1961 1124 2009 inceptum
1144 1974 1206 1997 ra-

84 2030 160 2070 tus,
180 2037 228 2060 ne
251 2037 325 2073 qua
348 2024 533 2060 sentirent
560 2023 747 2067 Romani,
770 2030 807 2059 et
833 2037 1022 2073 regressus
1053 2026 1140 2062 inde
1166 2026 1207 2063 in

85 2095 208 2125 tutum
225 2102 304 2125 non
321 2096 433 2133 esset,
455 2090 654 2125 deterritus
670 2089 716 2125 ab
734 2089 807 2126 hoe
828 2089 1002 2133 consilio,
1021 2090 1068 2126 ad
1088 2090 1205 2142 depo-

83 2151 287 2203 pulandam
306 2154 562 2190 Acarnaniam
583 2154 654 2189 iter
674 2154 875 2189 convertit.

138 2216 185 2252 V.
207 2217 364 2261 Consul,
379 2216 462 2268 jam
484 2218 744 2260 munimentis,
763 2217 898 2267 quibus
916 2217 1095 2267 sepienda
1117 2217 1204 2255 urbs

85 2287 180 2324 erat,
203 2280 288 2331 jam
321 2282 514 2332 operibus,
542 2296 624 2332 quae
654 2282 854 2318 admo-:ere
884 2283 1000 2318 muris
1032 2283 1204 2333 parabat,

82 2345 276 2397 perfectis,
297 2346 462 2396 quinque
482 2347 595 2384 simul
623 2346 716 2382 locis
737 2347 879 2383 moenia
900 2353 955 2382 est
977 2346 1174 2396 adgressus
1194 2361 1202 2384 z

607 2411 680 2449 E5
