1546 2648
379 222 1480 255 Q

538 375 602 426 T.
642 375 852 428 LIVII
901 377 1318 434 PATAVINI

762 521 956 559 LIBER
991 523 1081 562 XL.

795 669 993 692 ψ

179 774 272 848 ἵζ’ἓ·
288 781 361 850 {322⁰-
372 780 685 862 PRINCIPIO
704 783 935 832 insequentis
962 784 1049 819 anni
1079 784 1250 821 consules
1277 793 1475 836 praetores-

180 838 191 848 ⁴
213 839 220 848 ⁸
263 841 270 850 '
352 843 359 852 ’
454 859 525 894 que
555 847 679 882 sortiti
708 847 919 896 provincias
949 853 1059 882 sunt:
1093 847 1325 892 consulibus,
1356 850 1474 894 nulla,

368 917 504 961 praeter
522 910 697 959 Ligures,
714 923 796 960 quae
812 910 1086 954 decerneretur,
1107 918 1199 948 erat.
1255 912 1280 947 J
1283 914 1475 951 urisdictio

368 975 514 1011 urbana
531 975 588 1012 M.
601 975 770 1024 Ogulnio
790 974 916 1017 Gallo,
938 975 1036 1010 inter
1055 976 1274 1025 peregrinos
1289 976 1346 1014 M.
1360 978 1474 1014 Vale-

368 1039 425 1075 rio
451 1039 576 1074 evenit
589 1056 599 1083 5
632 1038 904 1088 Hispaniarum
929 1038 978 1077 Q.
994 1037 1129 1074 Fulvio
1145 1038 1282 1075 Flacco
1305 1041 1471 1085 citerior,
1543 1070 1546 1087 ,

368 1103 411 1140 P.
423 1103 573 1139 Manlio
593 1103 763 1145 ulterior,
783 1102 830 1138 L.
845 1102 999 1138 Caecilio
1018 1102 1155 1138 Dentri
1177 1103 1319 1146 Sicilia,
1337 1105 1379 1140 C.
1399 1105 1474 1140 Te-

367 1168 492 1203 rentio
529 1167 636 1203 Istrae
670 1166 854 1202 Sardinia.
911 1165 1095 1202 Consules
1133 1166 1296 1203 delectus
1334 1167 1473 1205 habere

360 1231 471 1282 jussi.
528 1232 575 1271 Q.
589 1230 728 1267 Fabius
755 1244 802 1267 ex
820 1230 1026 1279 Liguribus
1055 1231 1268 1280 scripserat,
1288 1233 1470 1281 Apuanos

365 1295 413 1331 ad
431 1294 674 1331 rebellionem
695 1300 887 1344 spectare3
920 1293 1202 1343 periculumque
1231 1307 1324 1337 esse,
1345 1307 1392 1331 ne
1411 1296 1471 1332 in·

355 1365 492 1408 petum
511 1359 548 1394 in
566 1370 698 1406 agrum
713 1357 889 1394 Pisanum
906 1357 1084 1393 facerent.
1128 1356 1180 1392 Et
1196 1370 1241 1393 cx
1257 1357 1468 1408 Hispaniis,

362 1422 575 1459 citeriorem
595 1423 634 1458 in
663 1422 774 1458 armis
799 1434 892 1464 esse,
924 1428 962 1457 et
993 1433 1076 1456 cum
1108 1421 1307 1457 Celtiberis
1337 1422 1467 1459 bellari

360 1486 554 1522 sciebant:
586 1487 625 1522 in
646 1485 837 1528 ulteriore,
858 1486 945 1534 quia
971 1485 1032 1520 diu
1064 1497 1162 1533 aeger
1190 1493 1329 1534 praetor
1354 1494 1466 1530 esset,

360 1548 510 1586 luxuria
530 1555 568 1585 et
587 1550 668 1586 otio
698 1549 859 1586 solutam
881 1549 1118 1598 disciplinam
1144 1549 1344 1586 militarem
1373 1563 1466 1588 esse.

359 1613 423 1649 Ob
452 1626 498 1650 ea
524 1625 642 1650 novos
673 1614 859 1649 exercitus
894 1612 1081 1649 conscribi
1110 1612 1271 1662 placuit:
1304 1621 1466 1662 quatuor

358 1677 527 1725 legiones
548 1677 586 1712 in
605 1677 780 1725 Ligures,
801 1677 857 1712 uti
882 1675 1041 1724 singulae
1061 1676 1178 1724 quina
1202 1676 1320 1712 millia
1338 1684 1376 1713 et
1395 1677 1462 1714 du-

358 1753 471 1777 cenos
490 1741 648 1791 pediteS,
669 1747 840 1777 trecenos
863 1739 1049 1776 haberent
1074 1738 1240 1788 e‘quites:
1274 1741 1462 1778 sociorum

356 1804 489 1840 iisdem
506 1804 637 1841 Latini
657 1805 820 1840 nominis
841 1803 1052 1852 quindecim
1074 1802 1191 1838 millia
1209 1803 1377 1853 peditum
1397 1805 1462 1841 ad-

353 1867 448 1911 dita,
468 1875 507 1904 et
525 1868 736 1916 octingenti
761 1868 904 1916 equites
921 1880 928 1901 :
961 1867 999 1901 hi
1019 1866 1093 1901 duo
1114 1866 1328 1903 consulares
1356 1880 1462 1904 exer-

354 1931 450 1967 citus
471 1936 608 1969 esseut.
663 1929 835 1966 Scribere
860 1935 1041 1979 praeterea
1053 1927 1152 1978 jussi
1179 1937 1322 1980 septem
1344 1930 1462 1967 millia

354 1995 523 2044 peditum
542 1995 731 2031 sociorum
750 2007 793 2030 ac
811 1993 941 2030 Latini
960 1994 1138 2037 nominis,
1155 2000 1193 2029 et
1208 1995 1460 2043 quadringen-
1504 2006 1508 2034 ι

355 2065 414 2093 tos
432 2058 577 2106 equites
592 2074 602 2102 3
626 2064 663 2094 et
682 2058 831 2094 mittere
850 2057 896 2093 ad
911 2056 967 2093 M.
988 2056 1212 2093 Marcellum
1228 2058 1266 2093 in
1279 2057 1457 2102 Galliam,
1503 2035 1507 2074 Ι

354 2121 414 2156 cui
445 2133 490 2156 ex
526 2120 725 2156 consulatu
755 2126 1001 2170 prorogatum
1037 2121 1234 2169 imperium
1264 2127 1355 2157 erat.
1411 2120 1459 2158 ln

353 2183 580 2234 Hispaniam
599 2184 711 2220 etiam
728 2190 925 2232 utramque
940 2197 1021 2233 quae
1039 2184 1277 2227 ducerentur,
1294 2191 1456 2233 quatuor
1496 2184 1501 2246 Ι

349 2247 468 2284 millia
485 2248 652 2298 peditum
679 2248 815 2284 civium
834 2247 1095 2284 Romanorum
1123 2255 1161 2284 et
1179 2248 1328 2284 ducenti
1349 2248 1455 2296 equi-

349 2318 418 2355 tes,
436 2318 473 2349 et
491 2313 680 2349 sociorum
695 2318 838 2364 septem
859 2312 976 2348 millia
990 2313 1160 2364 peditum
1176 2325 1261 2350 cum
1277 2312 1453 2349 trecentis
