1546 2648
380 131 486 174 216‘
831 143 877 172 Τ.
901 145 1035 173 mvn

186 233 230 263 U.
247 234 282 265 C.
295 238 369 268 569.
381 232 476 274 ditos
502 231 672 275 acerbius,
692 243 800 281 quam
827 234 865 268 in
895 233 1020 276 hostes,
1040 234 1211 276 soevirent.
1267 232 1371 271 Huic
1398 246 1485 271 ora-

189 276 228 306 A'
241 276 279 309 C·
295 283 477 334 183'‘tioni
497 303 649 335 senatus
670 297 724 333 ita
748 297 964 348 responderi
978 297 1119 348 jussit:
1153 299 1276 346 Neque
1295 299 1375 335 illos
1392 303 1488 335 recte

354 361 515 411 ffecisse,
533 375 639 411 quum
658 364 695 398 in
711 362 861 398 Italiam
874 364 1049 406 venerint,
1065 364 1304 412 oppidumque
1318 364 1356 399 in
1370 363 1488 413 alieno

306 420 315 430 ¹
381 440 484 476 agro,
514 428 648 463 nullius
678 427 835 463 Romani
866 429 1112 476 magistratus,
1145 430 1206 476 qui
1235 429 1268 465 ei
1295 428 1490 477 provincioe

321 509 329 518 ·
379 496 554 540 praeesset,
570 492 758 539 permissu,
775 491 953 540 aedificare
971 492 1090 527 conati
1105 493 1201 528 sint:
1219 503 1332 540 neque
1347 491 1490 528 senatui

374 556 534 604 placere,
566 556 702 590 deditos
733 556 895 602 spoliari.
952 556 1081 604 Itaque
1107 569 1143 592 se
1173 569 1252 592 cum
1282 558 1324 592 iis
1356 557 1491 604 legatos

380 619 431 655 ad
458 618 636 655 consulem
653 620 842 662 missuros5
871 620 947 666 qui,
965 621 996 654 si
1019 620 1180 662 redeant,
1200 621 1293 660 unde
1316 621 1489 661 venerint,

381 684 501 719 onmia
536 684 580 718 iis
613 694 680 718 sua
715 683 820 717 reddi
842 680 1022 728 jubeant,-
1051 684 1180 731 quique
1213 685 1381 732 protinus
1407 687 1492 719 eant

381 751 482 782 trans
499 747 623 794 Alpes,
644 750 679 782 et
699 747 912 782 denuncient
936 747 1086 782 Gallicis
1109 748 1266 795 populis,
1287 747 1491 783 multitudi-

379 822 462 847 nem
488 822 591 846 suam
620 811 718 847 domi
750 811 966 847 contineant.
1021 812 1132 859 Alpes
1161 823 1274 860 prope
1307 813 1491 858 inexsupe-

380 875 529 911 rabilem
536 875 649 924 finem
671 876 707 910 in
726 875 840 911 medio
856 886 949 911 esse:
967 887 1038 912 non
1055 877 1178 924 utique
1193 877 1236 912 iis
1252 876 1380 912 melius
1385 874 1491 924 fore,

380 951 488 987 quam
521 940 582 987 qui
612 951 672 975 eas
693 941 803 988 primi
822 941 965 988 pervias
981 939 1165 988 fecissent.
1219 939 1358 989 Legati
1386 940 1492 976 missi

380 1002 428 1039 L.
448 1001 582 1038 Furius
602 1002 813 1052 Purpureo,
840 1003 889 1041 Q.
908 1002 1118 1046 Minucius,
1139 1003 1185 1040 L.
1204 1003 1373 1040 Manlius
1399 1003 1491 1040 Aci-

381 1065 505 1102 dinus.
540 1065 656 1108 Galli,
677 1065 831 1103 redditis
848 1065 1044 1109 omnibus,
1065 1079 1149 1115 quae
1169 1067 1250 1103 sine
1269 1065 1492 1117 cujusquam

380 1127 520 1178 injuria
537 1128 746 1171 habebant,
767 1128 881 1165 Italia
900 1136 1153 1167 excesserunt.

441 1191 525 1228 LV.
562 1191 718 1240 Legatis
754 1190 941 1228 Romanis
978 1193 1221 1244 Transalpini
1257 1193 1389 1245 populi
1423 1193 1491 1232 be-

379 1256 497 1305 nigne
526 1255 824 1306 responderunt:
857 1257 1023 1293 seniores
1054 1270 1185 1295 eorum
1211 1259 1368 1296 nimiam
1394 1258 1491 1295 leni-

379 1328 499 1358 tatem
531 1320 662 1372 populi
696 1320 865 1357 Romani
899 1322 1159 1370 castigarunt:
1194 1323 1300 1364 Quod
1335 1334 1392 1360 eos
1426 1322 1490 1358 ho-

379 1388 503 1428 mines,
524 1388 586 1434 qui
611 1388 727 1434 gentis
744 1384 881 1432 injussu
907 1386 1066 1435 profecti
1085 1399 1258 1436 occupare
1276 1400 1404 1435 agrum
1422 1388 1491 1423 im-

376 1452 472 1499 perii
491 1450 660 1502 Rom—ani,
681 1455 717 1486 et
745 1452 781 1486 in
806 1451 926 1486 alieno
953 1452 1028 1487 solo
1050 1452 1225 1500 (edificare
1243 1453 1411 1500 oppidum
1432 1463 1493 1487 co-

379 1517 458 1552 nati
475 1518 560 1559 sint,
582 1517 762 1564 inpunitos
790 1517 1002 1552 dimiserint.
1057 1516 1233 1552 Debuisse
1261 1526 1408 1562 gravem
1437 1518 1489 1551 te-

378 1581 557 1616 meritatis
576 1581 767 1615 mercedem
794 1581 937 1616 statui:
966 1580 1060 1627 quod
1085 1591 1168 1616 vero
1185 1580 1296 1615 etiam
1313 1589 1380 1614 sua
1406 1578 1491 1618 red-

380 1644 551 1686 diderint,
571 1646 698 1686 vereri,
717 1656 761 1679 ne
793 1649 895 1680 tanta
920 1645 1146 1692 indulgentia
1169 1643 1291 1692 plures
1322 1643 1372 1679 ad
1400 1642 1493 1678 talia

380 1709 548 1744 audenda
579 1709 811 1756 inpellantur.
866 1707 919 1745 Et
952 1713 1195 1757 exceperunt,
1230 1712 1269 1743 et
1300 1705 1492 1756 prosecuti

381 1785 467 1808 cum
487 1773 596 1808 donis
616 1772 764 1821 legatos
788 1779 888 1809 sunt.
943 1771 1000 1810 M.
1023 1771 1201 1809 Claudius
1230 1769 1377 1814 consul,
1397 1769 1491 1806 Gal-

379 1836 424 1873 lis
444 1850 491 1872 ex
509 1836 705 1886 provincia
724 1838 880 1880 exactis,
901 1836 1078 1874 Istricum
1097 1835 1239 1873 bellum
1267 1834 1393 1871 moliri
1412 1846 1489 1870 coe·

379 1901 450 1952 pit,
470 1901 589 1938 literis
609 1901 656 1938 ad
673 1908 846 1938 senatum
865 1902 1003 1945 missis,
1023 1906 1065 1938 ut
1090 1900 1163 1938 sibi
1179 1901 1220 1936 -in
1241 1899 1392 1936 Istriam
1411 1904 1490 1934 tra-

379 1965 514 2001 ducere
543 1964 710 2015 legiones
730 1965 873 2003 liceret.
929 1964 973 2001 Id
1003 1965 1150 2002 senatui
1179 1963 1334 2015 placuit.
1390 1960 1490 1999 Illud

380 2029 593 2077 agitabant,
632 2031 687 2066 uti
724 2030 876 2066 colonia
908 2029 1086 2080 Aquileia
1117 2029 1388 2065 deduceretur:
1420 2038 1491 2063 nec

380 2093 471 2127 satis
501 2092 718 2136 constabat,
739 2101 865 2130 utrum
893 2093 1087 2136 Latinam,
1108 2104 1157 2128 an
1176 2092 1315 2129 civium
1343 2089 1489 2128 Roma-

378 2166 528 2197 norum,
549 2156 681 2191 deduci
711 2156 898 2206 placeret:
931 2162 1124 2206 postremo
1152 2154 1332 2192 Latinam
1359 2153 1487 2204 potius

377 2217 567 2254 coloniam
597 2219 854 2257 deducendam
881 2220 1014 2257 Patres
1041 2225 1280 2257 censuerunt.
1334 2217 1486 2254 Trium-

379 2281 447 2319 viri
467 2283 580 2320 creati
611 2291 700 2321 sunt
729 2283 773 2322 P.
794 2284 922 2338 Scipio
954 2284 1111 2329 Nasica,
1133 2284 1176 2322 C.
1196 2282 1417 2326 Flaminius,
1437 2280 1486 2321 L.
