1546 2648
321 194 374 226 22
479 221 484 227 ,
770 192 816 221 Τ.
842 192 977 222 leu

121 295 168 328 U.
181 295 218 326 C.
233 297 307 324 ⁵62.
374 280 508 319 XVII.
536 280 731 325 AEmffiuz,
750 288 953 332 postquam
973 283 1130 320 omissas
1153 283 1193 320 in
1216 282 1336 333 Lycia
1354 294 1426 325 ree,

121 341 163 372 Ᾰ·
176 340 212 371 C‘
232 343 305 369 ¹⁹⁰·
318 352 357 384 et
376 346 528 383 Livium
546 344 760 397 profectum
777 346 815 382 in
834 345 986 382 Italiam
1002 347 1197 396 cognovit,
1214 359 1328 396 quum
1344 346 1426 396 ipse

315 410 364 448 ab
389 411 559 461 Epheso,
579 409 749 460 repulsus
778 415 1018 460 tempestate,
1038 411 1148 447 irrito
1173 411 1328 460 incepto
1356 409 1425 445 Sa-

315 486 420 511 mum
439 474 668 517 revertisset,
687 478 799 523 turpe
817 481 935 517 ratus,
956 479 1104 510 tentata
1125 473 1266 510 frustra
1287 473 1427 510 Patara

118 545 274 577 AEmilius
315 550 412 583 esse,
431 537 619 590 proficisci
645 549 692 573 eo
717 543 801 574 tota
825 537 957 581 classe,
977 545 1015 574 et
1037 551 1184 574 summa
1208 538 1245 573 vi
1272 535 1425 586 adgredi

118 590 301 672 ἑῗῗῇἓξζζῗ
314 602 446 639 urbem
466 602 613 638 statuit.
666 599 846 637 Miletum
865 607 904 637 et
923 607 1086 638 ceteram
1106 614 1212 638 oram
1231 601 1423 637 sociorum

119 678 221 706 turin
239 676 300 716 Ly.
312 666 563 717 praetervecti,
592 665 632 702 in
661 665 919 715 Bargylietico
948 667 1034 702 sinu
1061 667 1345 703 exscensionem
1375 665 1424 702 ad

115 719 213 751 ciam·
311 729 461 767 lassum
475 729 661 766 fecerunt.
690 729 836 766 Urbem
851 730 998 778 regium
1013 728 1170 765 tenebat
1184 729 1420 779 praesidium:

311 807 443 844 agrum
481 795 581 831 circa
616 793 787 830 Romani
821 793 1013 830 hostiliter
1056 792 1275 844 depopulati
1321 797 1422 830 sunt.

306 858 438 899 Elissis
468 859 617 902 deinde,
638 860 702 908 qui
727 871 796 909 per
821 858 1026 908 conloquia
1051 859 1263 908 principum
1283 863 1322 894 et
1339 870 1421 894 ma-

307 925 537 972 gistratuum
555 929 750 960 tentarent
769 923 930 967 animos,
952 929 1153 973 postquam
1176 921 1273 959 nihil
1291 923 1329 958 in
1348 934 1420 972 po-

307 993 445 1023 testate
465 999 534 1024 sna
551 988 829 1038 responderunt
848 999 942 1030 esse,
964 986 1012 1023 ad
1038 987 1168 1023 urbem
1191 985 1419 1035 obpugnan-

307 1051 393 1088 dam
431 1051 547 1088 ducit.
603 1051 727 1088 Erant
765 1051 995 1088 Iassensium
1033 1050 1178 1088 exsules
1216 1063 1301 1086 cum
1336 1049 1420 1085 Ro-

306 1116 452 1152 manis:
483 1116 511 1151 ii
535 1115 751 1165 frequentes
777 1115 953 1152 Rhodios
974 1128 1082 1151 orare
1108 1115 1342 1155 institerunt,
1364 1114 1421 1149 Ne

305 1179 442 1222 urbem,
468 1184 503 1215 et
530 1181 684 1216 vicinam
707 1180 787 1222 sibi,
811 1184 846 1215 et
871 1185 1073 1227 cognatam,
1094 1180 1278 1214 innoxiam
1302 1178 1422 1226 perire

304 1245 471 1280 sinerent.
509 1243 586 1279 Sibi
604 1245 718 1280 exsilii
737 1244 875 1280 nullam
895 1244 1007 1280 oliam
1027 1255 1186 1279 caussam
1207 1255 1291 1285 esse,
1312 1254 1420 1290 quam

292 1309 412 1357 fidem
439 1320 526 1356 erga
556 1308 748 1344 Romanos.
807 1309 947 1344 Eadem
975 1310 1010 1344 vi
1034 1310 1227 1355 regiorum,
1255 1319 1324 1355 qua
1352 1308 1421 1354 ipsi

300 1374 503 1421 pulsisint,
535 1374 647 1408 teneri
674 1384 743 1415 e03‚
771 1374 832 1420 qui
861 1374 897 1408 in
924 1373 1010 1409 urbe
1037 1377 1234 1409 maneant:
1263 1373 1420 1408 onmium

302 1437 513 1473 lossensium
535 1448 641 1472 unam
658 1441 811 1472 mentem
830 1448 913 1479 esse,
930 1442 971 1473 ut
988 1438 1190 1473 servitutem
1211 1437 1342 1483 regiam
1361 1435 1416 1484 qt·-

291 1499 480 1550 sugerent.
542 1499 699 1541 Rhodii,
737 1500 832 1535 moti
868 1500 1057 1549 precibus,
1095 1496 1267 1536 Eumene
1301 1501 1416 1534 etiam

302 1576 392 1612 rege
421 1563 610 1606 adsumto,
648 1562 760 1599 simul
796 1575 881 1599 suas
917 1563 1213 1600 necessitudines
1250 1576 1414 1598 commc—

301 1627 501 1670 morando,
523 1626 633 1663 simul
660 1627 823 1663 obsessae
842 1628 948 1676 regio
967 1628 1142 1678 praesidio
1163 1627 1265 1663 urbis
1286 1639 1415 1664 casum

302 1692 534 1735 miserando,
556 1692 809 1741 pervicerunt,
830 1699 873 1728 nt
900 1693 1186 1743 obpugnatione
1216 1692 1416 1728 absistere-

301 1763 374 1792 tur.
407 1755 576 1792 Profecti
597 1755 697 1798 inde,
718 1756 862 1804 pacatis
883 1757 1032 1799 ceteris,
1052 1769 1167 1805 quum
1187 1768 1290 1792 oram
1311 1756 1413 1791 Asiae

300 1819 484 1869 legerent,
518 1819 686 1869 Loryma
721 1822 870 1869 (portus
909 1821 1084 1857 adversus
1120 1821 1300 1857 Rhodum
1335 1821 1409 1867 est)

299 1892 564 1935 pervenerunt.
623 1883 683 1920 Ibi
712 1885 751 1921 in
781 1886 975 1935 principiis
1007 1898 1130 1921 sermo
1162 1885 1283 1935 primo
1314 1884 1415 1920 inter

298 1949 473 1986 tribunos
504 1948 665 1985 militum
695 1958 860 1986 secretus
894 1951 1028 1992 oritur,
1064 1950 1198 1986 deinde
1227 1949 1274 1985 ad
1303 1961 1410 1985 aures

298 2013 416 2063 ipsius
436 2013 584 2049 AEmilii
615 2016 800 2065 pervenit,
822 2015 957 2051 abduci
984 2014 1140 2050 classem
1166 2013 1213 2050 ab
1239 2013 1409 2064 Epheso,

298 2077 345 2114 ab
367 2089 435 2113 suo
454 2077 555 2114 bello
572 2094 579 2114 :
615 2087 653 2115 ut
673 2079 719 2116 ab
740 2087 849 2128 tergo
869 2079 964 2116 liber
980 2079 1132 2115 relictus
1151 2078 1271 2114 hostis
1293 2079 1331 2114 in
1351 2085 1412 2114 tot

297 2142 529 2192 propinquas
569 2143 758 2180 sociorum
796 2144 905 2180 urbes
943 2144 1072 2180 omnia
1104 2143 1245 2193 inpune
1279 2143 1409 2179 conari

296 2212 440 2255 posset.
495 2205 655 2243 BIovere
676 2220 719 2243 ea
738 2207 957 2244 sEmilium:
985 2215 1213 2256 vocatosque
1234 2206 1407 2244 Rhodios

294 2280 411 2319 quum
426 2277 694 2322 percunctatus
711 2280 822 2316 esset,
843 2279 1055 2309 utrumnam
1073 2271 1219 2309 Pataris
1234 2272 1406 2308 universa
