1546 2648
116 233 159 264 U.
172 233 208 263 C.
223 241 295 269 ⁵70·

116 275 154 306 A.
167 276 202 307 C.
221 284 294 309 182.

310 128 390 183 236
441 157 445 163 -
761 137 806 167 Τ.
832 137 962 168 ιινιι

306 244 399 274 ram,
416 232 507 268 unde
525 233 563 268 id
581 233 840 283 ipsumdscieris
855 233 876 267 5>
903 243 1035 268 necesse
1059 230 1129 267 erit
1147 236 1181 268 te
1197 231 1331 281 fateri,
1351 237 1415 270 aut
1463 241 1470 244 “
1491 239 1493 243 ”

306 297 569 344 speculatorum
590 301 731 332 tuorum
748 297 891 343 plenam
912 297 1056 331 domum
1062 295 1182 344 fuisse
1199 308 1329 339 meam,
1349 301 1417 332 aut

308 360 389 395 illos
408 361 462 396 ita
479 365 602 408 operte
618 361 779 396 sumsisse
786 359 948 408 ferrum,
964 365 1006 396 ut
1025 372 1144 396 omnes
1160 361 1321 397 viderent
1334 376 1346 396 :
1364 365 1413 403 et,

307 435 352 459 ne
380 425 468 471 quid
495 426 567 473 ipse
595 429 659 460 aut
682 425 785 472 prius
814 425 1009 472 inquisisse,
1030 429 1094 460 aut
1112 435 1206 460 nunc
1230 425 1416 461 criminose

308 489 777 535 argumentarivideretur,
798 492 831 523 te
859 499 1015 535 quoerere
1043 500 1084 524 ex
1111 489 1168 531 iis,
1189 500 1274 536 quos
1299 489 1415 524 nomi·

307 558 437 595 nasset,
458 551 618 598 jubebat,
645 563 692 587 an
710 551 857 599 ferrum
885 551 1121 588 habuissent?
1147 557 1201 594 ut,
1233 557 1417 600 tamquam

309 616 345 650 in
365 627 404 650 re
423 616 542 657 dubia,
563 627 669 663 quum
690 616 728 650 icl
745 616 931 662 quaesisses,
952 616 1047 662 quod
1065 616 1133 663 ipsi
1146 614 1331 663 fatentur,
1347 628 1417 663 pro

308 680 476 715 convictis
505 679 727 714 haberentur.
786 678 882 719 Quin
911 682 950 713 tu
969 679 1062 714 illud
1079 680 1188 726 quaeri
1197 677 1312 724 jubes,
1332 690 1419 715 num

309 744 364 777 tui
391 743 573 778 occidendi
597 754 721 779 caussa
738 741 885 790 serrum
902 743 1090 778 sumserint
1106 743 1127 778 ‚⁹
1153 754 1239 778 num
1258 753 1314 778 me
1331 754 1418 779 auc-

309 811 386 842 tore
414 812 446 842 el
475 808 604 853 sciente
620 808 643 842 ,ἒ
673 806 755 842 Hoc
773 807 865 842 enim
882 807 996 842 videri
1013 807 1079 848 vis,
1098 818 1167 841 non
1195 807 1302 849 illud,
1323 807 1420 855 quod

297 869 484 917 fatentur,
505 875 540 906 et
565 869 692 918 palam
710 874 774 912 est,
795 874 830 905 et
853 871 908 905 sui
925 881 962 905 se
981 871 1104 905 tuendi
1123 882 1245 906 caussa
1261 871 1421 906 sumsisse

309 933 442 969 dicunt.
480 932 625 976 Recte,
655 945 703 969 an
727 945 919 981 perperam
937 931 1110 982 fecerint,
1142 934 1211 981 ipsi
1237 935 1294 968 sui
1318 932 1420 981 facti

306 1000 482 1034 rationem
501 999 663 1034 reddent.
720 998 843 1033 Meam
867 1009 1038 1040 caussam,
1059 1008 1136 1045 quae
1153 996 1244 1032 nihil
1261 1008 1300 1032 eo
1308 995 1418 1045 sacto

307 1063 540 1110 contingitur,
560 1074 605 1098 ne
632 1062 812 1097 miscueris
826 1077 838 1097 :
867 1065 932 1096 aut
960 1061 1112 1108 explica,
1133 1065 1256 1095 utrum
1278 1064 1416 1107 aperte,

307 1137 354 1161 an
382 1127 476 1162 clam
505 1131 539 1162 te
566 1127 768 1173 adgressuri
785 1124 979 1173 fuerimus.
1037 1124 1081 1159 Si
1108 1128 1245 1171 aperte,
1266 1135 1329 1159 cur
1347 1135 1418 1159 non

307 1200 427 1224 omnes
444 1188 593 1237 sermm
624 1188 845 1224 habuimus?
873 1199 936 1223 cur
964 1198 1066 1223 nemo
1097 1191 1231 1235 proeter
1258 1198 1327 1229 eos,
1358 1187 1420 1234 qui

308 1257 410 1287 tuum
426 1253 686 1299 speculatorem
709 1251 936 1299 pulsarunt?
961 1251 991 1285 si
1009 1251 1115 1292 clam,
1137 1251 1215 1298 quis
1230 1250 1318 1285 ordo
1336 1261 1430 1285 con—·

304 1316 379 1351 silii
397 1315 515 1364 fuit.9
544 1316 714 1352 Convicio
741 1315 872 1357 soluto,
894 1326 1001 1362 quum
1031 1316 1235 1350 comissator
1253 1325 1316 1364 ego
1346 1314 1418 1349 dis-

308 1381 494 1423 cessissem,
526 1385 681 1428 quatuor
707 1379 953 1422 substitissent,
977 1383 1018 1414 ut
1044 1379 1263 1427 sopitumje
1291 1378 1418 1426 adgre-

306 1443 510 1479 alerentur?
537 1444 712 1492 quomodo
730 1442 962 1491 fefellissent,
993 1446 1028 1477 et
1055 1442 1178 1484 alieni,
1208 1445 1244 1477 et
1271 1442 1353 1484 mei,
1383 1446 1418 1477 et

303 1508 460 1542 maxime
486 1508 651 1555 suspecti,
681 1508 767 1554 quia
796 1507 922 1554 paullo
951 1510 1034 1541 ante
1062 1507 1100 1541 in
1127 1507 1206 1541 risa
1222 1504 1416 1553 fuerant?

304 1571 479 1617 quomodo
509 1575 641 1612 autem,
678 1570 856 1605 trucidato
889 1573 935 1612 te,
969 1570 1038 1616 ipsi
1067 1570 1206 1604 evasuri
1227 1567 1415 1616 fuerint?

304 1640 459 1682 quatuor
475 1636 610 1682 gladiis
629 1636 753 1670 domus
773 1639 835 1670 tua
856 1635 937 1682 capi
955 1638 990 1669 et
1008 1635 1204 1681 expugnari
1225 1634 1382 1681 potuit?

357 1697 447 1734 XV.
479 1700 574 1740 Quin
595 1704 647 1741 tu,
675 1700 803 1734 omissa
831 1700 901 1734 ista
924 1703 1097 1733 nocturna
1114 1697 1265 1746 sabula,
1285 1697 1334 1732 ad
1364 1697 1414 1739 id,

304 1763 398 1810 quod
427 1763 534 1805 doles,
555 1764 661 1810 *quod
688 1763 860 1798 invidiam
889 1764 977 1804 urit,
1006 1762 1228 1796 reverteris.9
1258 1760 1330 1796 Cur
1356 1771 1415 1795 us-

303 1838 411 1873 quam.
436 1828 535 1874 regni
555 1829 607 1862 tui
624 1827 755 1862 mentio
772 1827 837 1874 fit,
859 1827 1060 1861 Demetri?
1092 1837 1155 1860 cur
1187 1825 1329 1872 dignior
1342 1836 1413 1872 pa-

304 1891 369 1924 tris
381 1889 547 1937 fortunae
568 1902 741 1925 succes-sor
767 1889 974 1937 quibusdam
1004 1890 1147 1931 videris,
1180 1900 1286 1936 quam
1307 1899 1371 1935 ego
1388 1889 1410 1923 ἒ

303 1965 367 1989 cur
393 1965 491 2000 spem
518 1966 647 1996 meam,
669 1965 758 2002 quoe,
778 1954 808 1989 si
836 1958 874 1989 tu
902 1965 971 1989 non
1000 1965 1099 1995 esses,
1121 1957 1217 1988 certa
1237 1955 1329 1994 erat,
1350 1952 1416 1988 du-

303 2016 397 2052 biam
421 2022 455 2052 et
471 2018 663 2053 sollicitam
682 2016 818 2066 facisf’
840 2018 928 2053 Hcec
955 2019 1061 2054 sentit
1082 2018 1245 2058 Perseus,
1262 2016 1327 2051 etsi
1345 2027 1416 2051 mm

305 2080 418 2116 dicit:
447 2081 520 2116 hcec
539 2083 642 2117 istum
672 2083 867 2123 inimicum,
889 2082 962 2117 haec
986 2085 1225 2117 accusatorem
1239 2079 1391 2128 faciunt
1402 2094 1415 2115 .·

304 2142 378 2178 haec
397 2144 552 2187 domum,
574 2144 646 2180 haec
673 2156 820 2192 regnum
851 2149 950 2180 tuum
969 2144 1173 2179 criminibus
1191 2148 1224 2178 et
1243 2143 1414 2191 suspicio-

303 2206 404 2242 nibus
421 2207 569 2253 replent.
625 2208 705 2255 Ego
734 2213 866 2250 autem,
885 2213 1002 2256 pater,
1024 2207 1322 2256 quemadmodum
1350 2217 1413 2242 nec

301 2281 400 2306 nunc
417 2283 560 2320 sperare
577 2285 737 2321 regnum,
756 2285 818 2309 nec
837 2273 1014 2320 ambigere
1030 2283 1196 2321 umquam
1216 2271 1261 2307 de
1279 2281 1319 2307 eo
1327 2269 1414 2320 for·

1473 398 1498 470 1451..ss

1478 663 1497 687 ζ»
1479 504 1499 649 *ou-eaust-
1486 481 1498 491 ·.

1539 1007 1546 1092 ...υ-
1539 942 1546 965 es
1540 766 1546 901 η-Α,
