1546 2648
341 162 424 203 214
795 159 842 188 T.
865 157 998 188 mvn

141 257 239 291 uc.
258 253 331 290 ⁵59.
341 261 423 288 men
443 247 549 296 justa
575 245 845 296 matrffamiliae
857 263 871 291 ‚-
899 247 1006 284 illum
1038 247 1168 296 pellice
1203 251 1321 284 ortum
1356 258 1451 285 esse:

120 315 124 319 ’
147 304 189 334 Α·
203 303 240 334 C·
258 306 330 332 ²⁸3·
341 316 460 357 illum,
477 317 519 350 ut
537 324 580 349 ex
596 312 745 359 vulgato
764 323 910 359 corpore
925 312 1100 359 genitum,
1120 311 1259 347 nullam
1279 313 1367 348 certi
1383 325 1452 361 pa-

343 383 408 418 tris
424 385 549 417 notam
575 378 724 422 l1abere‚-
754 377 847 413 hwnc
869 378 1044 425 insignem
1063 376 1226 425 Philippi
1242 377 1454 414 similitudi-

340 457 424 482 nem
447 455 525 493 prae
541 454 577 479 se
594 441 713 491 ferre.
769 441 831 476 Ad
858 440 936 484 hoc,
958 440 1139 477 Romanos
1168 441 1398 478 Demetrium
1416 442 1457 476 in

337 514 493 559 paterno
510 508 599 543 solio
619 507 799 543 locaturos
812 522 825 549 ;
854 506 978 542 Persei
996 507 1138 542 nullam
1161 506 1261 554 apud
1287 517 1346 541 eos
1367 516 1456 553 gra-

147 578 235 609 lnter
245 576 312 607 De·
343 575 432 610 tiam
452 583 533 608 esse.
590 568 686 606 Haec
711 568 826 618 vulgo
847 568 1126 618 loquebantur:
1158 569 1287 618 itaque
1305 574 1344 605 et
1361 568 1456 605 Per·

149 620 304 652 mettium

148 670 181 694 et
196 663 308 694 Persea

322 649 407 672 rsea
421 647 510 672 cura
530 632 710 683 angebat,
730 644 778 669 ne
792 644 927 683 parum
945 644 1016 683 pro
1036 644 1076 668 se
1092 645 1166 668 una
1186 638 1278 668 aetas
1297 630 1455 674 valeret,

149 706 326 738 discordiae.
343 712 458 748 quum
481 697 658 735 omnibus
682 695 763 733 aliis
793 695 904 733 rebus
931 696 1050 733 frater
1074 696 1246 747 superior
1264 701 1386 732 esset:
1418 700 1458 731 et

342 763 540 814 Philippus
560 762 655 812 ipse,
675 761 740 797 vix
758 761 815 797 sui
835 760 982 797 arbitrii
1010 760 1107 804 fore,
1129 772 1242 810 quem
1269 758 1458 796 haeredem

341 828 450 877 regni
481 826 724 876 relinqueret,
758 824 928 868 credens,
956 824 1029 862 sibi
1062 837 1214 874 quoque
1246 823 1459 873 graviorem

341 904 437 936 esse,
459 904 573 941 quam
602 890 728 934 vellet,
759 890 946 926 minorem
975 889 1095 926 filium
1123 887 1316 925 censebat.
1371 885 1455 923 Ob-

340 956 568 994 fendebatur
585 956 777 993 interdum
796 967 984 991 concursu
1010 953 1266 990 Macedonum
1287 951 1334 988 ad
1353 963 1455 994 eum,

342 1027 382 1057 et
409 1019 567 1057 alteram
589 1019 672 1070 jam
702 1031 742 1055 se
770 1019 856 1054 vivo
887 1018 1031 1066 regiam
1061 1029 1142 1053 esse
1174 1014 1456 1065 indignabatur.

342 1084 397 1122 Et
416 1085 496 1134 ipse
508 1082 661 1133 juvenis
680 1082 783 1119 haud
802 1082 915 1119 dubie
934 1081 1103 1118 inflatior
1127 1081 1305 1123 redierat,
1325 1077 1457 1115 subni-

345 1161 407 1185 sus
431 1160 522 1196 erga
549 1159 588 1182 se
610 1145 766 1196 judiciis
793 1151 962 1189 senatus,
983 1144 1248 1193 concessisque
1267 1143 1354 1186 sibi,
1375 1155 1458 1192 quae

343 1213 441 1264 patri
462 1217 601 1260 negata
620 1216 746 1246 essent
763 1224 771 1246 ε
805 1216 842 1246 et
869 1210 992 1246 omnis
1013 1209 1157 1245 mentio
1177 1207 1457 1251 Romanorum,

343 1281 525 1325 quautam
562 1275 787 1324 dignitatem
824 1274 859 1310 ei
891 1274 992 1324 apud
1024 1279 1170 1309 ceteros
1206 1270 1456 1314 Macedonas,
1504 1310 1508 1313 ,

343 1347 491 1378 tantam
512 1340 704 1382 iuvidiam,
722 1352 800 1376 non
817 1339 916 1389 apud
933 1338 1090 1374 fratrem
1109 1336 1239 1381 modo,
1256 1336 1322 1373 sed
1340 1335 1457 1373 etiam

343 1405 442 1456 apud
470 1411 630 1454 patrem,
652 1403 882 1440 conciliabat
900 1418 908 1438 :
941 1403 1072 1452 utique
1097 1391 1300 1452 postquam
1320 1399 1385 1436 alii
1403 1399 1457 1437 le·

344 1470 425 1518 gati
444 1469 611 1505 Romani
633 1473 830 1511 venerunt,
851 1474 889 1503 et
909 1466 1117 1516 cogebatur
1136 1465 1315 1502 decedere
1333 1464 1458 1500 Thra-

346 1535 418 1578 cia,
439 1534 688 1584 praesidiaque
720 1533 918 1576 deducere,
948 1538 986 1568 et
1015 1531 1103 1574 alia,
1130 1536 1196 1567 aut
1228 1543 1276 1566 ex
1305 1529 1458 1566 decreto

343 1598 517 1650 priorum
535 1597 763 1647 legatorum,
784 1601 850 1633 aut
868 1609 915 1633 ex
933 1608 1035 1632 nova
1054 1593 1331 1631 constitutione
1348 1605 1457 1629 sena·
1511 1602 1517 1647 d·

343 1668 421 1705 tus,
441 1661 580 1699 facere,
636 1660 709 1697 Sed
729 1661 860 1696 omnia
880 1671 1044 1696 moerens
1063 1658 1213 1707 quidem
1232 1663 1272 1693 et
1290 1668 1460 1705 gemens,
1512 1666 1517 1689 s

347 1726 414 1773 (eo
446 1726 581 1775 magis,
614 1725 716 1775 quod
741 1724 860 1762 fillum
893 1723 1189 1773 frequentiorem
1219 1732 1341 1772 prope
1375 1731 1460 1756 cum
1497 1722 1517 1771 Ιἶ

346 1787 435 1832 illis,
466 1801 578 1838 quam
599 1802 740 1832 secum,
770 1787 967 1833 cernebat)
990 1785 1212 1823 obedienter
1238 1791 1367 1820 tamen
1393 1782 1459 1819 ad·
1507 1786 1515 1814 1

344 1865 474 1907 versus
494 1851 692 1889 Romanos
713 1851 892 1894 faciebat,
913 1863 961 1887 ne
987 1861 1098 1899 quam
1119 1847 1460 1885 movendi‘extem·

343 1915 409 1967 plo
429 1914 519 1951 belli
537 1928 708 1953 caussam
727 1915 926 1967 praeberet.
982 1913 1222 1950 Avertendos
1242 1913 1356 1948 etiam
1377 1910 1460 1947 ani-

344 1992 428 2016 mos
448 1993 470 2015 a
489 1981 706 2030 suspicione
727 1980 862 2017 talium
889 1978 1135 2015 consiliorum
1156 1983 1275 2020 ratus,
1295 1975 1459 2013 mediam
1502 2015 1505 2017 ,

344 2043 384 2079 in
403 2041 608 2079 Thraciam
637 2044 846 2079 exercitum
872 2043 911 2079 in
932 2041 1113 2092 Odrysas,
1134 2047 1171 2077 et
1190 2039 1458 2082 Dentheletos,

345 2111 385 2141 et
404 2105 543 2142 Bessos
563 2107 683 2144 duxit.
740 2106 1026 2157 Philippopolin
1049 2105 1193 2148 urbem,
1214 2104 1305 2154 fuga
1334 2103 1458 2140 deser·

345 2174 425 2206 tam
448 2170 740 2220 oppidanorum,
771 2171 835 2219 qui
869 2171 906 2206 in
941 2170 1114 2220 proxima
1146 2169 1334 2205 montium
1360 2165 1459 2217 juga

345 2244 433 2269 cum
451 2232 604 2270 familiis
630 2239 852 2284 receperant
873 2246 968 2277 sese,
995 2234 1122 2283 cepit:
1156 2238 1459 2282 campestresque

345 2294 543 2342 barbaros,
574 2297 823 2350 depopulatus
853 2310 965 2348 agros
994 2309 1140 2343 eorum,
1160 2297 1200 2334 in
1229 2295 1457 2333 deditionem
