1546 2648
375 176 529 205 LIBER
553 175 695 204 XLIV.
726 175 835 203 CAP.
859 172 988 202 xvn.
1138 167 1219 209 443

104 264 186 316 ejus
207 264 297 301 anni
324 263 558 301 adtributum
587 275 634 299 ex
655 259 986 299 senatusconsulto
1016 272 1037 295 a
1053 263 1217 308 quaesto-
1237 267 1278 298 U,
1295 267 1418 299 (1533,

104 330 207 366 ribus
225 334 324 366 esset
340 344 351 374 ς
380 328 440 365 Ti.
457 328 703 378 Sempronius
720 339 767 363 ex
787 339 829 363 ea
851 325 1024 376 pecunia,
1045 336 1127 373 quae
1144 324 1214 374 ipsi
1234 312 1274 342 A·
1291 311 1328 342 C·
1345 317 1414 345 ¹⁶⁹·

103 392 294 430 adtributa
326 398 420 436 erat,
455 391 551 428 aedes
586 391 629 428 P.
649 390 822 427 Africani
852 402 952 440 pone
980 388 1136 424 Veteres
1167 388 1214 424 ad

99 456 305 494 Vortumni
341 456 507 505 signum,
550 454 794 504 lanienasque
827 460 865 490 et
906 452 1082 489 tabernas
1121 464 1214 488 con-

91 520 247 572 junctas
277 520 313 556 in
343 519 537 569 publicum
564 520 669 562 emit,
699 518 971 566 basilicamque
1001 517 1213 554 faciendam

97 586 255 628 curavit,
272 597 355 633 quae
374 591 508 634 postea
528 584 752 634 Sempronia
771 582 960 633 adpellata
981 588 1049 618 est.

150 648 283 685 XVII.
313 649 400 684 Jam
420 649 458 684 in
479 649 583 684 exitu
603 660 723 684 annus
744 654 838 690 erat,
855 653 893 684 et
909 653 1064 697 propter
1079 645 1211 682 Mace-

96 713 224 749 donici
255 713 417 748 maxime
444 711 534 748 belli
562 725 689 748 curam
711 712 750 747 in
769 710 1007 748 sermonibus
1036 710 1210 746 homines

93 777 302 820 habebant,
320 789 413 826 quos
430 778 469 812 in
485 789 626 813 annum
646 776 819 813 consules
837 776 885 812 ad
899 775 1104 812 finiendum
1126 782 1211 811 tan-

94 843 178 878 dem
211 842 248 878 id
273 841 415 877 bellum
447 841 619 877 crearent
638 857 645 878 :
678 842 806 890 itaque
839 839 1210 877 senatusconsultum

93 906 236 943 factum
257 912 327 948 est,
350 911 391 941 ut
411 906 482 942 Cn.
500 906 677 942 Servilius
709 907 832 956 primo
864 918 1015 955 quoque
1039 911 1210 954 tempore

95 971 142 1007 ad
161 970 317 1006 comitia
329 969 505 1006 habenda
525 971 681 1007 veniret.
724 969 1103 1006 Senatusconsultum
1124 967 1210 1005 Sul-

93 1036 214 1086 picius
234 1041 374 1085 praetor
394 1034 440 1071 ad
460 1034 654 1071 consulem
677 1037 700 1059 θ(-
720 1040 808 1085 post
838 1046 978 1084 paucos
1008 1034 1085 1070 dies
1112 1033 1209 1069 reci-

91 1100 200 1142 tavit,
222 1098 357 1148 quibus
377 1105 464 1134 ante
480 1098 579 1134 diem
599 1099 623 1121 ³⁶
643 1101 666 1125 ἥ
687 1099 725 1135 in
747 1098 877 1134 urbem
897 1104 1110 1134 venturum.
1156 1096 1209 1133 Et

91 1162 225 1200 consul
244 1164 459 1206 maturavit,
480 1170 517 1199 et
537 1164 692 1199 comitia
718 1176 764 1199 eo
784 1163 857 1206 die,
879 1163 943 1212 qui
969 1162 1091 1199 dictus
1111 1169 1206 1205 erat,

89 1233 178 1263 sunt
196 1227 374 1277 perfecta.
433 1227 618 1264 Consules
639 1228 756 1264 creati
782 1227 828 1265 L.
848 1226 1028 1264 AEmilius
1051 1225 1206 1263 Paullus

88 1293 240 1335 iterum,
258 1292 420 1341 septimo
437 1292 583 1328 decimo
597 1305 699 1329 anno
716 1298 916 1342 postquam
934 1292 1057 1342 primo
1073 1290 1206 1327 consul

86 1355 223 1399 fuerat,
245 1363 283 1391 et
303 1356 346 1393 C.
360 1355 532 1392 Licinius
551 1357 721 1393 Crassus.
764 1357 950 1393 Praetores
970 1362 1125 1406 postero
1145 1355 1206 1391 die

88 1419 179 1456 facti
202 1420 271 1456 Cn.
288 1419 440 1455 Baebius
454 1419 692 1469 TamphiluS,
722 1420 768 1457 L.
785 1421 944 1456 Anicius
966 1419 1113 1462 Gallus,
1131 1419 1204 1457 Cn.

90 1484 286 1527 Octavius,
308 1484 351 1521 P.
368 1484 552 1521 Fonteius
571 1484 731 1528 Balbus,
751 1484 809 1521 Μ.
823 1484 1008 1521 AEbutius
1028 1483 1139 1526 Elva,
1161 1484 1205 1520 C.

88 1549 262 1599 Papirius
284 1548 422 1585 Carbo.
453 1548 595 1584 Omnia
617 1555 658 1585 ut
677 1549 861 1586 maturius
882 1554 1099 1598 agerentur,
1115 1547 1206 1584 belli

87 1612 330 1648 Macedonici
359 1611 578 1648 stimulabat
598 1625 688 1649 cura
707 1627 715 1648 ε
748 1613 876 1662 itaque
897 1613 1115 1661 designatos
1137 1624 1202 1648 ex·
1234 1619 1240 1624 ‘

84 1675 228 1726 templo
248 1676 375 1712 sortiri
401 1675 543 1725 placuit
562 1677 775 1726 provineias
794 1693 803 1722 3
836 1684 893 1720 ut,
921 1678 997 1712 utri
1018 1676 1203 1712 Macedo-

84 1744 148 1780 nia
168 1742 328 1786 consuli,
350 1743 485 1792 cuique
505 1744 659 1792 praetori
681 1743 810 1779 classis
827 1742 1004 1784 venisset,
1022 1741 1199 1777 sciretur:

85 1814 126 1842 ut
139 1805 222 1856 jam
242 1806 329 1842 inde
352 1807 568 1855 cogitarent
599 1813 865 1856 pararentque,
892 1818 974 1854 quae
997 1803 1099 1840 bello
1120 1805 1204 1840 usui

82 1871 223 1914 forent,
245 1876 492 1920 senatumque
521 1871 777 1914 consulerent,
801 1871 833 1906 si
863 1883 938 1919 qua
964 1882 1004 1905 re
1025 1868 1202 1905 consulto

82 1947 176 1984 opus
197 1941 307 1972 esset.
364 1935 531 1978 Latinas,
552 1936 611 1972 ubi
637 1937 891 1984 magistratuin
921 1936 1078 1976 inissent,
1107 1934 1203 1982 quod

80 2011 147 2047 per
165 2000 354 2047 religiones
368 2004 500 2048 posset,
517 2002 639 2048 primo
669 2011 807 2048 quoque
838 2004 996 2046 tempore
1012 1998 1100 2046 fieri
1115 1999 1201 2045 pla-

83 2075 185 2107 cere3
213 2076 326 2112 neque
357 2065 551 2105 consulem,
587 2066 645 2101 cai
681 2065 839 2101 eundum
875 2065 912 2099 in
944 2062 1202 2098 Macedoniam

84 2132 182 2169 esset,
203 2130 325 2165 teneri.
382 2128 454 2163 His
476 2129 651 2172 decretis,
673 2128 891 2165 consulibus
922 2127 1035 2163 Italia
1055 2133 1093 2163 et
1111 2125 1200 2162 Ma-

85 2183 257 2232 cedonia,
290 2191 532 2239 praetoribus,
561 2198 697 2241 praeter
730 2192 821 2228 duas
845 2190 1131 2242 jurisdictiones
1162 2192 1201 2226 in

87 2253 193 2296 urbe,
215 2253 359 2297 classis,
378 2261 415 2290 et
434 2255 637 2306 Hispania,
655 2263 693 2293 et
706 2256 847 2299 Sicilia,
868 2262 906 2293 et
921 2256 1094 2292 Sardinia
1113 2268 1202 2305 pro-

86 2317 218 2354 vinciae
238 2318 446 2355 nominatae
466 2328 566 2357 sunt.
624 2320 852 2365 Consulum,
883 2319 1044 2357 AEmilio
1068 2319 1200 2356 Mace-

592 2383 673 2420 U6
