1546 2648
135 304 137 306 r
154 265 200 298 U.
214 266 252 297 C.
270 271 341 299 580.

155 309 197 339 Α.
215 309 252 340 C.
272 315 343 345 172.

160 400 335 432 Ariarathis

163 442 251 474 filius
267 444 331 474 Ro-

164 494 240 517 ma.

352 186 439 230 340
500 176 504 183 “
812 191 857 219 r.
881 191 1013 221 mvn

355 274 457 312 bello
476 275 548 312 etti
561 288 640 313 non
655 275 814 322 indicto,
829 285 956 316 tamen
965 279 1049 330 jam
1068 282 1234 326 decreto,
1248 283 1311 333 qui
1331 296 1461 334 regum

356 351 477 382 suam,
503 339 631 376 Persei
659 341 723 390 qui
751 345 916 379 secuturi
944 346 1149 382 amicitiam
1179 354 1317 390 essent,
1342 345 1463 396 >legati

355 403 583 447 Ariarathis,
609 417 766 454 puerum
794 406 911 443 filium
940 409 1038 457 regis
1067 422 1192 446 secum
1223 410 1464 454 adducentes,

356 464 522 503 Romam
553 475 759 505 venerunt:
792 482 950 518 quorum
977 472 1100 508 oratio
1119 473 1206 516 fuit,
1231 485 1349 521 regem
1376 476 1464 512 edu-

356 531 510 566 candum
530 531 659 580 filium
677 531 833 568 Romam
863 535 1011 577 misisse,
1038 540 1079 571 ut
1096 534 1178 582 jam
1205 538 1286 573 inde
1303 550 1328 573 a
1355 549 1467 586 puero

355 595 575 630 adsuesceret
604 595 760 631 moribus
791 595 963 633 Romanis
994 598 1266 647 hominibusque.
1323 601 1464 644 Petere,

355 662 398 693 ut
416 668 496 692 eum
521 668 593 692 non
614 657 677 693 sub
705 657 882 706 hospitum
910 662 1016 696 modo
1040 663 1264 708 privatorum
1290 665 1464 707 custodia,

356 720 419 756 sed
443 719 596 767 publicae
625 721 735 756 etiam
764 733 858 757 curae
884 734 928 758 ac
954 724 1052 759 velut
1080 726 1201 760 tutelae
1226 725 1356 761 vellent
1386 738 1468 764 esse.

354 780 417 819 Ea
434 783 531 831 regis
550 781 691 831 legatio
711 790 819 832 grata
834 786 981 821 senatui
999 785 1084 823 fuit.
1130 786 1404 832 Decreverunt,
1425 795 1467 825 ut

359 845 430 882 Cn.
451 845 613 881 Sicinius
632 852 772 895 praetor
787 847 883 883 aedes
899 848 1102 884 instructas
1114 848 1270 892 locaret,
1286 850 1353 886 ubi
1368 851 1466 888 filius

327 938 330 940 v
357 909 456 958 regis
473 909 704 958 comitesque
719 908 798 959 ejus
814 910 986 947 habitare
998 919 1165 962 possent.
1207 913 1261 950 Et
1273 913 1465 951 Thracum

356 974 506 1023 legatis,
527 975 626 1025 apud
655 987 695 1011 se
713 975 1026 1026 disceptantibuS,
1053 983 1090 1014 et
1120 978 1350 1016 societatem>
1371 981 1466 1016 ami-

358 1038 560 1087 citiamque
579 1039 810 1088 petentibuS,
831 1046 882 1083 et,
903 1041 1005 1089 quod
1029 1042 1224 1091 petebant,
1245 1043 1375 1079 datum
1394 1051 1465 1087 est,

357 1109 395 1138 et
413 1114 570 1138 munera
596 1102 730 1139 binfim
758 1103 917 1139 millium
946 1105 1028 1140 aeris
1055 1116 1210 1142 summae
1228 1106 1268 1141 in
1295 1106 1465 1154 singulos

354 1165 483 1202 missa.
538 1165 624 1201 Hos
653 1166 782 1215 utique
807 1166 983 1217 populos,
1005 1168 1106 1216 quod
1137 1168 1185 1204 ab
1204 1175 1314 1217 tergo
1332 1169 1465 1207 Mace-

359 1228 483 1265 doniae
501 1227 666 1265 Thracia
684 1235 796 1272 esset,
817 1230 1009 1266 adsumtos
1030 1231 1068 1268 in
1084 1231 1304 1268 societatem
1323 1233 1464 1280 gaude·

359 1292 465 1330 bant.
521 1292 596 1330 Sed
617 1301 659 1330 ut
686 1295 724 1330 in
744 1294 838 1330 Asia
865 1307 1015 1342 quoque
1043 1301 1081 1331 et
1108 1294 1240 1332 insulis
1269 1296 1466 1345 explorata

360 1357 489 1394 omnia
508 1364 646 1401 essent,
662 1357 722 1394 Ti.
739 1357 938 1395 Claudium
953 1358 1162 1401 Neronem,
1176 1359 1232 1396 M.
1248 1358 1464 1397 Decimium

358 1420 504 1470 legatos
525 1422 729 1458 miserunt:
761 1420 863 1457 adire
882 1433 946 1457 eos
963 1421 1116 1460 Cretam
1132 1428 1170 1457 et
1185 1421 1365 1462 Rhodum
1378 1421 1463 1472 jus·-

359 1490 502 1529 serunt,
529 1484 640 1521 simul
671 1495 852 1520 renovare
880 1484 1100 1527 amicitiam,
1120 1484 1231 1520 simul
1263 1485 1461 1535 speculari,

357 1561 449 1586 num
478 1548 671 1586 sollicitati
700 1547 816 1585 animi
844 1548 1034 1586 sociorum
1063 1548 1110 1585 ab
1131 1560 1218 1598 rege
1246 1548 1386 1586 Perseo
1405 1561 1463 1586 es-

358 1618 454 1650 sent.

411 1676 506 1714 XX.
535 1675 582 1712 In
602 1687 782 1726 suspensa
801 1675 954 1712 civitate
973 1675 1020 1713 ad
1039 1675 1358 1726 exspectationem
1373 1676 1464 1713 novi

357 1742 462 1787 belli,
482 1747 669 1778 nocturna
687 1745 913 1790 tempestate
943 1739 1119 1776 columna
1137 1745 1301 1776 rostrata
1329 1740 1368 1775 in
1389 1739 1463 1776 Ca-

355 1805 494 1858 pitolio
515 1807 538 1831 ¹*
552 1804 652 1842 bello
673 1803 819 1840 Punico
833 1803 1012 1846 consulis,
1032 1804 1093 1839 cui
1109 1803 1255 1850 collega
1275 1802 1353 1839 Ser.
1371 1802 1462 1839 Ful-

356 1870 438 1907 vius
457 1869 544 1911 fuit,
565 1874 648 1903 tota
676 1867 723 1903 ad
752 1867 868 1902 imum
896 1866 1055 1903 fulmine
1083 1866 1248 1903 discussa
1279 1871 1348 1904 est.
1403 1866 1462 1904 Ea

354 1945 430 1977 res,
449 1932 614 1984 prodigii
627 1931 713 1967 loco
732 1930 877 1973 habita,
891 1930 937 1966 ad
952 1936 1124 1967 senatum
1139 1929 1257 1965 relata
1272 1936 1341 1966 est.
1386 1928 1460 1967 Pa-

353 2003 430 2035 tres
450 1997 498 2034 ad
516 1996 705 2046 aruspices
731 1995 883 2038 referre,
904 2002 942 2031 et
961 1994 1189 2031 decemviros
1214 1993 1316 2029 adire
1343 1992 1461 2031 libros

347 2059 556 2111 jusserunt.
612 2058 841 2101 Decemviri,
876 2056 1111 2094 lustrandum
1143 2056 1338 2105 oppidum,
1371 2068 1461 2106 sup-

353 2123 598 2176 plicationem
630 2121 1005 2170 obsecrationemque
1037 2120 1264 2162 habendam,
1296 2120 1460 2157 victimis

352 2185 560 2236 majoribus
586 2184 871 2220 sacrificandum
900 2191 938 2220 et
965 2185 1004 2219 in
1025 2183 1218 2233 Capitolio
1248 2181 1397 2225 Romae,
1421 2189 1460 2219 et

353 2249 394 2287 in
413 2248 621 2298 Campania
640 2248 687 2285 ad
708 2247 889 2284 Minervae
919 2246 1238 2297 promontorium,
1261 2245 1458 2282 renuncia-

351 2321 462 2354 runt:
494 2313 602 2351 ludos
631 2325 698 2365 per
725 2312 854 2350 decem
882 2311 960 2349 dics
995 2309 1085 2347 Jovi
1117 2309 1264 2362 optimo
1291 2310 1457 2348 maximo
