1546 2648
323 144 478 173 Lmen
502 142 686 171 xxxm.
719 141 826 171 cAP.
849 141 1005 172 xxx11.
1149 140 1222 185 ¹77

109 232 217 270 ludos
244 246 289 270 eo
315 239 501 284 tempore,
523 246 616 283 quos
643 232 745 270 bello
765 232 948 269 Antiochi
969 232 1115 268 vovisse
1142 243 1222 268 sese
1236 237 1277 268 U.
1293 236 1329 267 C.
1346 240 1419 269 ⁵66.

109 297 273 341 dicebat,
295 310 341 334 ex
359 297 511 334 conlata
531 297 576 333 ad
592 298 628 333 id
644 297 804 347 pecunia
823 295 871 332 ab
891 295 1042 346 regibus
1059 295 1224 332 civitati·
1236 283 1277 313 A·
1289 281 1326 312 C*
1343 280 1416 312 ¹⁸⁶·

108 361 252 411 busque
288 375 355 412 per
384 361 461 398 dies
493 361 622 398 decem
645 361 747 397 fecit.
804 359 994 409 Legatum
1024 372 1110 395 eum
1138 367 1226 411 post

109 427 392 463 damnationem
412 433 450 463 et
474 426 578 463 bona
595 426 749 463 vendita
769 426 925 462 missum
953 425 992 461 in
1012 425 1158 468 Asiam,
1180 424 1227 461 ad

109 491 318 528 dirimenda
340 492 438 528 inter
456 491 693 528 Antiochum
713 497 752 527 et
776 489 988 527 Eumenem
1007 501 1114 538 reges
1145 501 1226 526 cer-

109 557 267 599 tamina,
288 555 460 592 Valerius
478 556 615 591 Antias
636 561 693 591 est
712 560 869 591 auctor:
900 560 983 590 tum
1000 553 1170 590 conlatas
1191 553 1227 589 ei

109 621 302 671 pecunias,
333 628 662 670 congregatosque
690 630 758 670 per
785 620 917 656 Asiam
954 618 1140 656 artifices:
1173 624 1225 661 et,

109 698 270 734 quorum
290 685 463 722 ludorum
491 692 577 736 post
598 684 754 728 bellum,
776 685 814 721 in
835 697 911 734 quo
940 691 1047 721 votos
1069 683 1225 726 diceret,

110 751 343 786 mentionem
373 763 451 786 nou
473 750 638 793 fecisset,
658 749 704 786 de
723 750 767 786 iis
798 756 886 801 post
911 749 1142 799 legationem
1161 747 1226 784 de-

109 826 212 850 mum
234 815 270 849 in
291 820 423 850 senatu
445 820 583 850 actum.

162 877 323 915 XXIII,
354 879 485 915 Quum
498 877 582 928 jam
601 879 640 914 in
661 878 765 915 exitu
781 891 901 916 annus
919 885 1031 922 esset,
1049 879 1098 918 Q.
1117 877 1224 915 Mar·
1240 881 1282 912 U.
1294 880 1415 916 (3.567.

110 944 189 980 cius
220 943 354 980 absens
385 944 609 993 magistratu
641 943 812 979 abiturus
851 950 944 980 erat.
1003 944 1066 994 Sp.
1086 944 1225 980 Postu·
1237 924 1415 956 A.C.185.

110 1008 220 1050 mius,
241 1007 514 1056 quaestionibus
535 1020 621 1044 cum
642 1020 788 1043 summa
808 1007 880 1044 fide
901 1019 1063 1056 curaque
1080 1007 1227 1058 perfec-

108 1073 172 1115 tis,
190 1073 345 1108 comitia
354 1072 509 1109 habuit:
534 1073 649 1109 creati
664 1078 751 1108 sunt
764 1071 937 1108 consules
954 1072 1027 1121 Ap.
1045 1072 1225 1108 Claudius

110 1136 286 1180 Pulcher,
323 1137 380 1174 M.
398 1138 642 1187 Sempronius
672 1137 901 1175 Tuditanus.
969 1137 1131 1174 Postero
1167 1137 1229 1175 die

109 1209 288 1250 praetores
308 1200 399 1237 facti
426 1201 468 1238 P.
483 1200 682 1237 Cornelius
710 1201 919 1250 Cethegus,
939 1202 986 1238 A.
1008 1201 1228 1238 Postumius

107 1264 286 1308 Albinus,
307 1266 351 1303 C.
367 1265 548 1302 Afranius
566 1265 714 1308 Stellio,
732 1266 776 1302 C.
797 1266 938 1302 Atilius
960 1266 1157 1309 Serranus,
1179 1265 1227 1304 L.

107 1330 326 1367 Postumius
364 1331 615 1381 TempsanuS‚
653 1330 711 1368 M.
744 1330 924 1367 Claudius
961 1330 1224 1369 Marcellinus,

106 1395 291 1432 Extremo
311 1395 415 1438 anni,
437 1395 525 1445 quia
545 1395 608 1446 Sp.
630 1395 849 1431 Postumius
871 1395 1004 1431 consul
1023 1396 1225 1432 renuncia-

107 1467 223 1502 verat,
244 1466 508 1510 peragrantem
528 1473 567 1497 se
590 1467 745 1511 propter
765 1460 993 1509 quaestiones
1022 1467 1224 1510 utrumque

107 1524 195 1560 litus
209 1524 330 1561 Italiae
346 1525 511 1561 desertas
526 1524 710 1568 colonias,
729 1525 931 1575 Sipontum
948 1537 1099 1575 supero,
1115 1525 1223 1561 Bux-

107 1595 237 1624 entum
257 1588 379 1625 infero
410 1589 517 1631 mari,
538 1589 749 1633 invenisse,
782 1588 969 1624 triumviri
999 1589 1045 1624 ad
1065 1588 1223 1625 colonos

108 1665 153 1689 eo
175 1652 392 1688 scribendos
413 1666 459 1689 ex
488 1652 820 1689 senatusconsulto
840 1653 887 1689 ab
903 1654 948 1690 T.
962 1653 1107 1690 Maenio
1127 1667 1224 1704 prae-

105 1724 188 1753 tore
205 1716 351 1752 urbano
368 1717 484 1753 creati
502 1723 604 1760 sunt,
621 1716 667 1753 L.
682 1717 901 1753 Scribonius
918 1717 1033 1761 Libo,
1051 1717 1107 1754 M.
1121 1718 1223 1755 Tuc-

102 1770 201 1824 cius,
220 1780 456 1818 Cn.Baebius
486 1781 723 1832 Tamphilus.
780 1782 878 1818 Cum
903 1781 1043 1819 Perseo
1073 1796 1162 1831 rege
1185 1790 1223 1820 et
1236 1791 1367 1824 Caussae

104 1844 380 1881 Macedonibus
418 1844 573 1888 bellum,
608 1846 709 1895 quod
747 1846 972 1890 inminebat,
1007 1859 1085 1883 non
1124 1848 1221 1884 unde
1236 1835 1407 1910 gimeffm

106 1910 272 1960 plerique
291 1911 512 1960 opinantur,
532 1923 602 1946 nec
633 1910 680 1946 ab
707 1912 791 1961 ipso
818 1912 958 1948 Perseo
988 1924 1138 1948 caussas
1160 1925 1221 1948 ce·
1280 1890 1306 1910 rs

105 1976 183 2026 pit:
215 1975 395 2012 inchoata
424 1974 533 2011 initia
562 1989 585 2011 a
614 1975 793 2026 Philippo
815 1983 927 2022 sunt5
960 1985 997 2012 et
1026 1977 1056 2012 is
1077 1977 1171 2027 ipse,
1190 1978 1222 2013 si

105 2040 243 2076 diutius
265 2040 432 2082 vixisset,
454 2040 491 2076 id
518 2039 658 2077 bellum
678 2042 868 2090 gessisset.
926 2041 1015 2078 Una
1041 2054 1126 2077 eum
1145 2054 1219 2086 res,

105 2116 220 2153 quum
247 2105 349 2140 victo
377 2104 479 2154 leges
514 2105 802 2155 inponerentur,
834 2107 998 2143 maxime
1027 2106 1232 2156 angebat,

104 2167 220 2217 quod,
240 2169 304 2216 qui
321 2168 577 2205 Macedonum
607 2168 654 2205 ab
683 2182 722 2205 se
741 2169 959 2207 defecerant
985 2171 1022 2206 in
1043 2170 1159 2215 bello,
1179 2171 1219 2208 in

104 2243 168 2268 eos
182 2230 247 2282 jus
269 2233 443 2269 saeviendi
462 2234 654 2270 ademtum
675 2235 708 2270 ei
728 2234 775 2271 ab
795 2241 930 2271 senatu
950 2241 1053 2271 erat-2
1086 2248 1216 2285 quum,

102 2297 190 2346 quia
210 2310 288 2337 rem
309 2298 494 2348 integram
514 2299 718 2339 Quinctius
743 2300 780 2337 in
803 2300 1086 2338 conditionibus
1114 2301 1216 2353 pacis

627 2364 644 2401 1
665 2365 686 2401 5
