1546 2648
300 163 456 194 LIBER
479 161 662 192 XXXIX·
692 160 801 191 CAP.
822 159 978 191 xmu.
1107 159 1189 204 203

80 252 226 290 tuisset.
281 251 388 289 Inter
402 259 527 288 cetera
545 249 688 302 objecit
702 249 751 293 ei,
771 248 988 300 Philippum
1008 248 1184 294 Poenum,

78 328 206 353 carum
235 329 279 353 ac
298 316 426 354 nobile
446 324 626 360 scortum,
645 315 692 352 ab
709 313 837 351 Roma
854 314 892 350 in
914 313 1078 351 Galliam
1096 327 1186 365 pro-

75 381 239 418 vinciam
271 394 336 430 spe
358 383 570 432 ingentium
601 381 788 418 donorum
820 379 1043 430 perductum
1059 395 1067 416 :
1100 392 1186 417 eum

1199 247 1243 279 U.
1252 245 1289 278 C.
1307 251 1384 278 ⁵⁶0.

1199 292 1237 323 A.
1251 290 1289 322 C.
1308 296 1382 323 184.

72 457 246 495 puerum,
262 459 329 497 per
347 446 539 483 lasciviam
555 459 668 495 quum
685 444 938 488 cavillaretur,
955 444 1186 495 exprobrare

73 509 219 546 consuli
247 523 413 561 persaepe
441 510 610 554 solitum,
631 510 733 560 quod
755 509 825 546 sub
845 510 968 559 ipsum
988 514 1184 559 spectacu-

71 571 152 610 lum
171 573 438 622 gladiatorium
459 574 642 612 abductus
662 574 709 612 ab
731 574 858 610 Roma
877 579 989 617 esset,
1010 579 1052 609 ut
1071 571 1185 609 obse-

73 638 204 686 quium
233 639 395 675 amatori
421 639 643 676 venditaret.
697 637 815 675 Forte
848 636 1088 688 epulantibus
1122 636 1183 679 iis,

73 713 188 750 quum
211 702 294 753 jam
314 705 403 740 vino
423 703 681 747 incaluissent,
701 703 924 740 nunciatum
943 702 982 738 in
1008 701 1185 738 convivio

70 777 167 809 esse,
182 767 348 805 nobilem
366 769 503 804 Boium
517 781 602 804 cum
617 767 745 805 liberis
760 766 998 815 transfugam
1012 766 1160 803 venisse
1169 779 1182 810 3

70 833 274 871 convenire
303 833 497 869 consulem
524 833 632 877 velle,
664 839 705 869 ut
733 832 780 869 ab
810 844 856 868 eo
881 831 993 868 fidem
1017 844 1184 882 praesens

70 896 271 946 acciperet.
328 897 595 934 Introductum
614 898 653 933 in
671 895 959 934 tabernaculum
978 909 1045 946 per
1063 897 1184 933 inter·

70 966 215 1011 pretem
231 960 387 1010 adloqui
408 961 601 997 consulem
622 961 795 1011 coepisse.
851 959 958 996 Inter
977 959 1084 1010 cujus
1104 972 1183 997 ser-

69 1035 222 1061 monem
258 1025 461 1065 Quinctius
495 1032 636 1068 scorto,
665 1025 726 1062 Vis
758 1029 810 1068 tu,
844 1023 981 1072 inquit,
1013 1026 1185 1073 quoniam

67 1090 330 1138 gladiatorium
347 1092 590 1140 spectaculum
617 1091 805 1139 reliquisti,
816 1087 898 1136 jam
918 1089 1012 1125 hunc
1035 1089 1185 1126 Gallum

71 1156 276 1191 morientem
296 1156 416 1191 videre
432 1157 452 1191 .9
478 1155 530 1191 Et
550 1167 665 1204 quum
688 1155 718 1190 is
738 1150 889 1190 vixdum
909 1153 1008 1189 serio
1027 1153 1182 1190 adnuis·

72 1224 143 1261 set,
164 1219 209 1255 ad
226 1225 359 1255 nutum
377 1220 492 1255 scorti
512 1218 707 1256 consulem
727 1219 859 1255 stricto
874 1217 1018 1267 gladio,
1031 1218 1101 1267 ,qui
1117 1230 1180 1255 su-

69 1296 137 1335 per
165 1290 279 1334 caput
306 1284 510 1334 pendebat,
539 1283 712 1333 loquenti
741 1282 854 1319 Gallo
883 1290 997 1333 caput
1016 1282 1181 1333 primum

69 1349 310 1400 percussisse,
341 1349 474 1385 deinde
506 1348 684 1397 fugienti,
717 1347 904 1397 fidemque
931 1346 1064 1398 populi
1095 1346 1180 1384 Ro-

66 1413 184 1455 mani,
217 1418 332 1461 atque
362 1425 508 1458 eorum,
534 1412 600 1462 qui
626 1412 798 1456 aderant,
825 1411 1047 1463 inploranti,
1077 1410 1177 1449 latus

66 1476 327 1520 transfodisse.

120 1541 275 1579 XLIII.
303 1541 476 1578 Valerius
495 1541 647 1584 Antias,
668 1546 712 1577 ut
730 1540 795 1590 qui
819 1552 890 1577 nec
910 1540 1069 1577 Catonis
1089 1552 1176 1578 ora-

42 1650 44 1653 ·
65 1606 211 1643 tionem
225 1606 392 1656 legisset,
409 1611 448 1642 et
465 1605 604 1642 fabulae
623 1612 772 1643 tantum
791 1605 873 1642 sine
891 1612 1047 1643 auctore
1064 1606 1176 1644 editae

65 1670 298 1714 credidisset,
329 1669 430 1707 aliud
456 1677 736 1719 argumentum,
757 1669 878 1706 simile
903 1676 1032 1707 tamen
1061 1677 1099 1708 et
1127 1669 1175 1707 li-

64 1733 194 1771 bidine
219 1740 256 1770 et
284 1734 520 1778 crudelitate,
544 1735 704 1785 peragit.
759 1734 966 1772 Placentiae
987 1735 1176 1774 famosam

62 1797 272 1841 mulierem,
292 1797 399 1849 cujus
429 1811 557 1835 amore
584 1799 784 1850 deperiret,
814 1800 853 1836 in
880 1801 1094 1838 convivium
1113 1814 1174 1838 ar·
1209 1795 1214 1798 ⁴

62 1863 235 1899 cessitam
257 1862 410 1900 scribit:
442 1863 496 1899 ibi
508 1862 722 1914 jactantem
741 1876 823 1900 sese
838 1871 966 1901 scorto
993 1865 1094 1902 inter
1112 1879 1176 1903 ce-

63 1933 145 1964 tera
163 1926 348 1971 retulisse,
380 1940 492 1977 quam
521 1929 659 1965 acriter
678 1929 906 1979 quaestiones
930 1931 1174 1975 exercuisset,

65 1998 103 2028 et
118 2004 231 2040 quam
246 1991 384 2028 multos
401 1993 536 2043 capitis
552 1993 750 2038 damnatos
767 1994 806 2030 in
825 1993 983 2030 vinculis
999 1993 1187 2040 haberet,¹

61 2067 157 2105 quos
177 2057 296 2092 securi
311 2068 554 2107 percussurus
571 2064 681 2096 esset.
726 2058 827 2095 Tum
845 2057 950 2095 illam
967 2057 1066 2096 infra
1085 2070 1172 2097 eum

64 2118 313 2156 adcubantem
331 2132 502 2170 negasse,
521 2134 699 2172 umquam
713 2122 850 2158 vidisse
866 2134 1092 2172 quemquam
1112 2134 1171 2160 se·

62 2183 144 2220 curi
163 2182 372 2227 ferientem,
389 2192 427 2221 et
445 2185 607 2236 pervelle
625 2186 664 2222 id
681 2186 819 2224 videre.
876 2186 953 2223 Hie
970 2185 1173 2236 indulgen-

62 2254 143 2285 tem
169 2254 390 2293 amatorem,
416 2263 531 2288 unum
559 2263 606 2288 ex
635 2250 709 2288 illis
738 2252 897 2295 miseris,
917 2250 1067 2289 adtrahi
1084 2249 1187 2301 jus-,

60 2323 160 2360 sum,
193 2313 314 2352 securi
333 2316 582 2367 percussisse.
638 2315 816 2362 Facinus,
851 2316 929 2354 sive
960 2328 1007 2355 en
1038 2315 1170 2362 modo,
