<?xml version="1.0" encoding="UTF-8"?>
<!DOCTYPE html PUBLIC "-//W3C//DTD XHTML 1.0 Transitional//EN"
    "http://www.w3.org/TR/xhtml1/DTD/xhtml1-transitional.dtd">
<html xmlns="http://www.w3.org/1999/xhtml" xml:lang="en" lang="en">
 <head>
  <title>
</title>
<meta http-equiv="Content-Type" content="text/html;charset=utf-8" />
  <meta name='ocr-system' content='tesseract 3.04.00' />
  <meta name='ocr-capabilities' content='ocr_page ocr_carea ocr_par ocr_line ocrx_word'/>
</head>
<body>
  <div class='ocr_page' id='page_1' title='image "./historiarumquaes04livyuoft/historiarumquaes04livyuoft_0620.png"; bbox 0 0 1546 2648; ppageno 0'>
   <div class='ocr_carea' id='block_1_1' title="bbox 307 133 1034 176">
    <p class='ocr_par' dir='ltr' id='par_1_1' title="bbox 307 133 1034 176">
     <span class='ocr_line' id='line_1_1' title="bbox 307 133 1034 176; baseline 0.004 -3"><span class='ocrx_word' id='word_1_1' title='bbox 307 133 392 174; x_wconf 85' lang='lat'>606</span> <span class='ocrx_word' id='word_1_2' title='bbox 698 147 1034 176; x_wconf 72' lang='lat' dir='ltr'>FRAGMENTA.</span> 
     </span>
    </p>
   </div>
   <div class='ocr_carea' id='block_1_2' title="bbox 628 273 1094 315">
    <p class='ocr_par' dir='ltr' id='par_1_2' title="bbox 628 273 1094 315">
     <span class='ocr_line' id='line_1_2' title="bbox 628 273 1094 315; baseline 0.009 -4"><span class='ocrx_word' id='word_1_3' title='bbox 628 273 705 312; x_wconf 90' lang='lat' dir='ltr'>EX</span> <span class='ocrx_word' id='word_1_4' title='bbox 732 275 836 314; x_wconf 87' lang='lat' dir='ltr'><strong>LIB.</strong></span> <span class='ocrx_word' id='word_1_5' title='bbox 867 277 1094 315; x_wconf 91' lang='lat' dir='ltr'>CXXXVI.</span> 
     </span>
    </p>
   </div>
   <div class='ocr_carea' id='block_1_3' title="bbox 312 356 1420 476">
    <p class='ocr_par' dir='ltr' id='par_1_3' title="bbox 312 356 1420 476">
     <span class='ocr_line' id='line_1_3' title="bbox 315 356 1417 416; baseline 0.007 -22"><span class='ocrx_word' id='word_1_6' title='bbox 315 371 318 374; x_wconf 59' lang='lat'><strong>⁴</strong></span> <span class='ocrx_word' id='word_1_7' title='bbox 363 359 511 396; x_wconf 87' lang='lat' dir='ltr'>Eodem</span> <span class='ocrx_word' id='word_1_8' title='bbox 540 356 641 396; x_wconf 87' lang='lat' dir='ltr'>anno</span> <span class='ocrx_word' id='word_1_9' title='bbox 660 360 768 397; x_wconf 86' lang='lat' dir='ltr'>ludos</span> <span class='ocrx_word' id='word_1_10' title='bbox 788 362 972 400; x_wconf 84' lang='lat' dir='ltr'>seculares</span> <span class='ocrx_word' id='word_1_11' title='bbox 993 364 1119 401; x_wconf 81' lang='lat' dir='ltr'>Caesar</span> <span class='ocrx_word' id='word_1_12' title='bbox 1137 361 1283 414; x_wconf 76' lang='lat' dir='ltr'><strong>ingenti</strong></span> <span class='ocrx_word' id='word_1_13' title='bbox 1301 377 1417 416; x_wconf 88' lang='lat' dir='ltr'>appa-</span> 
     </span>
     <span class='ocr_line' id='line_1_4' title="bbox 312 422 1420 476; baseline 0.005 -17"><span class='ocrx_word' id='word_1_14' title='bbox 312 429 397 459; x_wconf 85' lang='lat' dir='ltr'>ratu</span> <span class='ocrx_word' id='word_1_15' title='bbox 424 422 516 459; x_wconf 86' lang='lat' dir='ltr'>fecit</span> <span class='ocrx_word' id='word_1_16' title='bbox 531 439 541 468; x_wconf 79' lang='lat'>3</span> <span class='ocrx_word' id='word_1_17' title='bbox 574 435 667 472; x_wconf 91' lang='lat' dir='ltr'>quos</span> <span class='ocrx_word' id='word_1_18' title='bbox 705 425 910 462; x_wconf 88' lang='lat' dir='ltr'>centesimo</span> <span class='ocrx_word' id='word_1_19' title='bbox 935 439 1084 476; x_wconf 83' lang='lat' dir='ltr'>quoque</span> <span class='ocrx_word' id='word_1_20' title='bbox 1112 441 1212 465; x_wconf 90' lang='lat' dir='ltr'>anno</span> <span class='ocrx_word' id='word_1_21' title='bbox 1244 429 1292 476; x_wconf 90' lang='lat' dir='ltr'>(is</span> <span class='ocrx_word' id='word_1_22' title='bbox 1318 429 1420 465; x_wconf 89' lang='lat' dir='ltr'>enim</span> 
     </span>
    </p>
   </div>
   <div class='ocr_carea' id='block_1_4' title="bbox 312 486 1421 599">
    <p class='ocr_par' dir='ltr' id='par_1_4' title="bbox 312 486 1421 599">
     <span class='ocr_line' id='line_1_5' title="bbox 312 486 1421 535; baseline 0.008 -14"><span class='ocrx_word' id='word_1_23' title='bbox 312 486 494 523; x_wconf 84' lang='lat' dir='ltr'>terminus</span> <span class='ocrx_word' id='word_1_24' title='bbox 524 486 656 535; x_wconf 82' lang='lat' dir='ltr'>seculi)</span> <span class='ocrx_word' id='word_1_25' title='bbox 679 487 759 525; x_wconf 87' lang='lat' dir='ltr'>fieri</span> <span class='ocrx_word' id='word_1_26' title='bbox 787 501 881 527; x_wconf 74' lang='lat' dir='ltr'>mos,</span> <span class='ocrx_word' id='word_1_27' title='bbox 940 491 1119 529; x_wconf 73' lang='lat' dir='ltr'>censorin.</span> <span class='ocrx_word' id='word_1_28' title='bbox 1150 494 1194 529; x_wconf 86' lang='lat' dir='ltr'>de</span> <span class='ocrx_word' id='word_1_29' title='bbox 1221 495 1277 530; x_wconf 84' lang='lat' dir='ltr'>die</span> <span class='ocrx_word' id='word_1_30' title='bbox 1305 493 1421 530; x_wconf 80' lang='lat' dir='ltr'>natal.</span> 
     </span>
     <span class='ocr_line' id='line_1_6' title="bbox 313 551 499 599; baseline 0.005 -13"><span class='ocrx_word' id='word_1_31' title='bbox 313 562 391 599; x_wconf 79' lang='lat' dir='ltr'><strong><em>cap.</em></strong></span> <span class='ocrx_word' id='word_1_32' title='bbox 410 551 499 588; x_wconf 84' lang='lat' dir='ltr'>xvii.</span> 
     </span>
    </p>
   </div>
   <div class='ocr_carea' id='block_1_5' title="bbox 517 657 1221 699">
    <p class='ocr_par' dir='ltr' id='par_1_5' title="bbox 517 657 1221 699">
     <span class='ocr_line' id='line_1_7' title="bbox 517 657 1221 699; baseline 0.007 -5"><span class='ocrx_word' id='word_1_33' title='bbox 517 657 814 696; x_wconf 83' lang='lat' dir='ltr'>LIBRORUM</span> <span class='ocrx_word' id='word_1_34' title='bbox 841 659 1221 699; x_wconf 86' lang='lat' dir='ltr'><strong>INCERTORUM.</strong></span> 
     </span>
    </p>
   </div>
   <div class='ocr_carea' id='block_1_6' title="bbox 314 742 1452 2324">
    <p class='ocr_par' dir='ltr' id='par_1_6' title="bbox 314 742 1426 856">
     <span class='ocr_line' id='line_1_8' title="bbox 370 742 1426 796; baseline 0.004 -17"><span class='ocrx_word' id='word_1_35' title='bbox 370 742 550 780; x_wconf 82' lang='lat' dir='ltr'>Curribus</span> <span class='ocrx_word' id='word_1_36' title='bbox 576 743 724 780; x_wconf 85' lang='lat' dir='ltr'>falcatis</span> <span class='ocrx_word' id='word_1_37' title='bbox 757 757 845 780; x_wconf 89' lang='lat' dir='ltr'>usos</span> <span class='ocrx_word' id='word_1_38' title='bbox 875 757 956 781; x_wconf 89' lang='lat' dir='ltr'>esse</span> <span class='ocrx_word' id='word_1_39' title='bbox 984 745 1161 796; x_wconf 86' lang='lat' dir='ltr'>majores,</span> <span class='ocrx_word' id='word_1_40' title='bbox 1182 752 1219 782; x_wconf 87' lang='lat' dir='ltr'>et</span> <span class='ocrx_word' id='word_1_41' title='bbox 1237 746 1368 783; x_wconf 88' lang='lat' dir='ltr'>Livius</span> <span class='ocrx_word' id='word_1_42' title='bbox 1388 753 1426 784; x_wconf 88' lang='lat' dir='ltr'>et</span> 
     </span>
     <span class='ocr_line' id='line_1_9' title="bbox 314 806 1328 856; baseline 0.003 -12"><span class='ocrx_word' id='word_1_43' title='bbox 314 806 514 844; x_wconf 85' lang='lat' dir='ltr'><strong>Sallustius</strong></span> <span class='ocrx_word' id='word_1_44' title='bbox 534 807 683 844; x_wconf 85' lang='lat' dir='ltr'>docent.</span> <span class='ocrx_word' id='word_1_45' title='bbox 739 808 882 844; x_wconf 72' lang='lat' dir='ltr'>Servius</span> <span class='ocrx_word' id='word_1_46' title='bbox 900 810 948 844; x_wconf 86' lang='lat' dir='ltr'>ad</span> <span class='ocrx_word' id='word_1_47' title='bbox 971 810 1068 856; x_wconf 81' lang='lat' dir='ltr'>Virg.</span> <span class='ocrx_word' id='word_1_48' title='bbox 1084 810 1175 845; x_wconf 81' lang='lat' dir='ltr'>AEn.</span> <span class='ocrx_word' id='word_1_49' title='bbox 1194 809 1218 847; x_wconf 91' lang='lat' dir='ltr'>i.</span> <span class='ocrx_word' id='word_1_50' title='bbox 1239 809 1328 849; x_wconf 79' lang='lat'><strong><em>476.</em></strong></span> 
     </span>
    </p>

    <p class='ocr_par' dir='ltr' id='par_1_7' title="bbox 318 870 1427 1035">
     <span class='ocr_line' id='line_1_10' title="bbox 319 870 1427 921; baseline 0.004 -16"><span class='ocrx_word' id='word_1_51' title='bbox 319 883 327 891; x_wconf 82' lang='grc'><em>·</em></span> <span class='ocrx_word' id='word_1_52' title='bbox 369 870 424 906; x_wconf 86' lang='lat' dir='ltr'>Ni</span> <span class='ocrx_word' id='word_1_53' title='bbox 443 870 608 919; x_wconf 89' lang='lat' dir='ltr'>Pyrrhus</span> <span class='ocrx_word' id='word_1_54' title='bbox 629 871 759 907; x_wconf 91' lang='lat' dir='ltr'>unicus</span> <span class='ocrx_word' id='word_1_55' title='bbox 789 873 982 921; x_wconf 86' lang='lat' dir='ltr'>pugnandi</span> <span class='ocrx_word' id='word_1_56' title='bbox 1005 872 1154 915; x_wconf 84' lang='lat' dir='ltr'>artifex,</span> <span class='ocrx_word' id='word_1_57' title='bbox 1176 873 1368 921; x_wconf 85' lang='lat' dir='ltr'>magisque</span> <span class='ocrx_word' id='word_1_58' title='bbox 1389 873 1427 909; x_wconf 85' lang='lat' dir='ltr'>in</span> 
     </span>
     <span class='ocr_line' id='line_1_11' title="bbox 318 934 1427 985; baseline 0.003 -15"><span class='ocrx_word' id='word_1_59' title='bbox 318 934 468 985; x_wconf 83' lang='lat' dir='ltr'>proelio,</span> <span class='ocrx_word' id='word_1_60' title='bbox 488 947 600 983; x_wconf 83' lang='lat' dir='ltr'>quarn</span> <span class='ocrx_word' id='word_1_61' title='bbox 619 934 734 979; x_wconf 89' lang='lat' dir='ltr'>bello,</span> <span class='ocrx_word' id='word_1_62' title='bbox 755 935 890 972; x_wconf 85' lang='lat' dir='ltr'>bonus.</span> <span class='ocrx_word' id='word_1_63' title='bbox 948 936 1093 972; x_wconf 77' lang='lat' dir='ltr'>Servius</span> <span class='ocrx_word' id='word_1_64' title='bbox 1111 937 1160 972; x_wconf 82' lang='lat' dir='ltr'>ad</span> <span class='ocrx_word' id='word_1_65' title='bbox 1181 936 1276 984; x_wconf 78' lang='lat' dir='ltr'>Virg.</span> <span class='ocrx_word' id='word_1_66' title='bbox 1292 936 1381 973; x_wconf 60' lang='lat' dir='ltr'>,Em</span> <span class='ocrx_word' id='word_1_67' title='bbox 1402 936 1427 973; x_wconf 90' lang='lat' dir='ltr'>i.</span> 
     </span>
     <span class='ocr_line' id='line_1_12' title="bbox 318 998 409 1035; baseline 0.011 -1"><span class='ocrx_word' id='word_1_68' title='bbox 318 998 409 1035; x_wconf 87' lang='lat'><strong><em>456.</em></strong></span> 
     </span>
    </p>

    <p class='ocr_par' dir='ltr' id='par_1_8' title="bbox 320 1060 1432 1300">
     <span class='ocr_line' id='line_1_13' title="bbox 373 1060 1429 1107; baseline -0.001 -9"><span class='ocrx_word' id='word_1_69' title='bbox 373 1062 555 1103; x_wconf 85' lang='lat' dir='ltr'>Sichaeus,</span> <span class='ocrx_word' id='word_1_70' title='bbox 594 1061 794 1098; x_wconf 85' lang='lat' dir='ltr'>Sicharbas</span> <span class='ocrx_word' id='word_1_71' title='bbox 831 1062 952 1098; x_wconf 87' lang='lat' dir='ltr'>dictus</span> <span class='ocrx_word' id='word_1_72' title='bbox 985 1068 1041 1098; x_wconf 89' lang='lat' dir='ltr'>est</span> <span class='ocrx_word' id='word_1_73' title='bbox 1057 1077 1069 1107; x_wconf 80' lang='lat'><em>3</em></span> <span class='ocrx_word' id='word_1_74' title='bbox 1100 1060 1230 1105; x_wconf 84' lang='lat' dir='ltr'>Belus,</span> <span class='ocrx_word' id='word_1_75' title='bbox 1265 1061 1429 1098; x_wconf 80' lang='lat' dir='ltr'>Didonis</span> 
     </span>
     <span class='ocr_line' id='line_1_14' title="bbox 320 1124 1432 1175; baseline 0.001 -15"><span class='ocrx_word' id='word_1_76' title='bbox 320 1130 442 1175; x_wconf 84' lang='lat' dir='ltr'>pater,</span> <span class='ocrx_word' id='word_1_77' title='bbox 470 1124 666 1170; x_wconf 78' lang='lat' dir='ltr'>Methres3</span> <span class='ocrx_word' id='word_1_78' title='bbox 699 1125 893 1173; x_wconf 82' lang='lat' dir='ltr'>Carthago</span> <span class='ocrx_word' id='word_1_79' title='bbox 926 1138 948 1161; x_wconf 88' lang='lat' dir='ltr'>a</span> <span class='ocrx_word' id='word_1_80' title='bbox 980 1125 1184 1168; x_wconf 86' lang='lat' dir='ltr'>Carthada,</span> <span class='ocrx_word' id='word_1_81' title='bbox 1222 1133 1263 1161; x_wconf 88' lang='lat' dir='ltr'>ut</span> <span class='ocrx_word' id='word_1_82' title='bbox 1291 1125 1432 1161; x_wconf 86' lang='lat' dir='ltr'>lectum</span> 
     </span>
     <span class='ocr_line' id='line_1_15' title="bbox 324 1186 1432 1236; baseline 0 -12"><span class='ocrx_word' id='word_1_83' title='bbox 324 1193 403 1224; x_wconf 87' lang='lat' dir='ltr'>est:</span> <span class='ocrx_word' id='word_1_84' title='bbox 436 1186 537 1236; x_wconf 88' lang='lat' dir='ltr'>quod</span> <span class='ocrx_word' id='word_1_85' title='bbox 556 1187 745 1223; x_wconf 88' lang='lat' dir='ltr'>invenitur</span> <span class='ocrx_word' id='word_1_86' title='bbox 764 1189 801 1224; x_wconf 90' lang='lat' dir='ltr'>in</span> <span class='ocrx_word' id='word_1_87' title='bbox 821 1188 982 1224; x_wconf 81' lang='lat' dir='ltr'>historia</span> <span class='ocrx_word' id='word_1_88' title='bbox 999 1188 1221 1231; x_wconf 87' lang='lat' dir='ltr'>Poenorum,</span> <span class='ocrx_word' id='word_1_89' title='bbox 1242 1193 1280 1223; x_wconf 88' lang='lat' dir='ltr'>et</span> <span class='ocrx_word' id='word_1_90' title='bbox 1308 1188 1347 1224; x_wconf 83' lang='lat' dir='ltr'>in</span> <span class='ocrx_word' id='word_1_91' title='bbox 1364 1187 1432 1224; x_wconf 80' lang='lat' dir='ltr'>Li-</span> 
     </span>
     <span class='ocr_line' id='line_1_16' title="bbox 321 1251 1246 1300; baseline 0.001 -13"><span class='ocrx_word' id='word_1_92' title='bbox 321 1252 398 1288; x_wconf 67' lang='lat' dir='ltr'>vio.</span> <span class='ocrx_word' id='word_1_93' title='bbox 455 1251 599 1288; x_wconf 78' lang='lat' dir='ltr'>Servius</span> <span class='ocrx_word' id='word_1_94' title='bbox 616 1254 665 1288; x_wconf 80' lang='lat' dir='ltr'>ad</span> <span class='ocrx_word' id='word_1_95' title='bbox 684 1252 780 1300; x_wconf 82' lang='lat' dir='ltr'>Virg.</span> <span class='ocrx_word' id='word_1_96' title='bbox 800 1253 890 1288; x_wconf 87' lang='lat' dir='ltr'>AEn.</span> <span class='ocrx_word' id='word_1_97' title='bbox 905 1252 930 1288; x_wconf 89' lang='lat' dir='ltr'>i.</span> <span class='ocrx_word' id='word_1_98' title='bbox 945 1252 1037 1288; x_wconf 79' lang='lat'><strong><em>343.</em></strong></span> <span class='ocrx_word' id='word_1_99' title='bbox 1243 1295 1246 1297; x_wconf 23' lang='lat'><strong>¹</strong></span> 
     </span>
    </p>

    <p class='ocr_par' dir='ltr' id='par_1_9' title="bbox 326 1315 1435 1428">
     <span class='ocr_line' id='line_1_17' title="bbox 381 1315 1435 1365; baseline 0 -14"><span class='ocrx_word' id='word_1_100' title='bbox 381 1315 574 1364; x_wconf 85' lang='lat' dir='ltr'>Carthago</span> <span class='ocrx_word' id='word_1_101' title='bbox 595 1323 651 1352; x_wconf 86' lang='lat' dir='ltr'>est</span> <span class='ocrx_word' id='word_1_102' title='bbox 670 1315 799 1365; x_wconf 86' lang='lat' dir='ltr'>lingua</span> <span class='ocrx_word' id='word_1_103' title='bbox 814 1316 1020 1352; x_wconf 88' lang='lat' dir='ltr'>Poenorum</span> <span class='ocrx_word' id='word_1_104' title='bbox 1036 1328 1134 1351; x_wconf 84' lang='lat' dir='ltr'>nova</span> <span class='ocrx_word' id='word_1_105' title='bbox 1153 1315 1298 1359; x_wconf 80' lang='lat' dir='ltr'>civitas,</span> <span class='ocrx_word' id='word_1_106' title='bbox 1312 1320 1354 1351; x_wconf 84' lang='lat' dir='ltr'>ut</span> <span class='ocrx_word' id='word_1_107' title='bbox 1368 1315 1435 1351; x_wconf 86' lang='lat' dir='ltr'>do-</span> 
     </span>
     <span class='ocr_line' id='line_1_18' title="bbox 326 1379 1192 1428; baseline 0.001 -13"><span class='ocrx_word' id='word_1_108' title='bbox 326 1384 386 1416; x_wconf 87' lang='lat' dir='ltr'>cet</span> <span class='ocrx_word' id='word_1_109' title='bbox 405 1379 548 1416; x_wconf 87' lang='lat' dir='ltr'>Livius.</span> <span class='ocrx_word' id='word_1_110' title='bbox 605 1380 749 1417; x_wconf 75' lang='lat' dir='ltr'>Servius</span> <span class='ocrx_word' id='word_1_111' title='bbox 766 1382 816 1416; x_wconf 84' lang='lat' dir='ltr'>ad</span> <span class='ocrx_word' id='word_1_112' title='bbox 839 1381 935 1428; x_wconf 80' lang='lat' dir='ltr'>Virg.</span> <span class='ocrx_word' id='word_1_113' title='bbox 950 1380 1040 1416; x_wconf 83' lang='lat' dir='ltr'>AEn.</span> <span class='ocrx_word' id='word_1_114' title='bbox 1057 1379 1081 1415; x_wconf 90' lang='lat' dir='ltr'>i.</span> <span class='ocrx_word' id='word_1_115' title='bbox 1100 1379 1192 1416; x_wconf 87' lang='lat'><strong>366.</strong></span> 
     </span>
    </p>

    <p class='ocr_par' dir='ltr' id='par_1_10' title="bbox 326 1441 1437 1555">
     <span class='ocr_line' id='line_1_19' title="bbox 328 1441 1437 1492; baseline -0.001 -13"><span class='ocrx_word' id='word_1_116' title='bbox 328 1461 330 1463; x_wconf 97' lang='lat'>·</span> <span class='ocrx_word' id='word_1_117' title='bbox 378 1444 501 1480; x_wconf 81' lang='lat' dir='ltr'>&#39;Bitias</span> <span class='ocrx_word' id='word_1_118' title='bbox 522 1442 650 1479; x_wconf 84' lang='lat' dir='ltr'>classis</span> <span class='ocrx_word' id='word_1_119' title='bbox 671 1444 822 1480; x_wconf 87' lang='lat' dir='ltr'>Punicae</span> <span class='ocrx_word' id='word_1_120' title='bbox 841 1443 915 1480; x_wconf 82' lang='lat' dir='ltr'>fuit</span> <span class='ocrx_word' id='word_1_121' title='bbox 938 1443 1153 1492; x_wconf 75' lang='lat' dir='ltr'>praefectuS,</span> <span class='ocrx_word' id='word_1_122' title='bbox 1181 1448 1223 1478; x_wconf 88' lang='lat' dir='ltr'>ut</span> <span class='ocrx_word' id='word_1_123' title='bbox 1241 1442 1351 1479; x_wconf 86' lang='lat' dir='ltr'>docet</span> <span class='ocrx_word' id='word_1_124' title='bbox 1369 1441 1437 1479; x_wconf 91' lang='lat' dir='ltr'>Li-</span> 
     </span>
     <span class='ocr_line' id='line_1_20' title="bbox 326 1506 1066 1555; baseline 0 -12"><span class='ocrx_word' id='word_1_125' title='bbox 326 1508 420 1544; x_wconf 76' lang='lat' dir='ltr'>vius.</span> <span class='ocrx_word' id='word_1_126' title='bbox 477 1508 623 1543; x_wconf 73' lang='lat' dir='ltr'>Servius</span> <span class='ocrx_word' id='word_1_127' title='bbox 640 1509 690 1544; x_wconf 85' lang='lat' dir='ltr'>ad</span> <span class='ocrx_word' id='word_1_128' title='bbox 709 1508 806 1555; x_wconf 75' lang='lat' dir='ltr'>Virg.</span> <span class='ocrx_word' id='word_1_129' title='bbox 825 1508 915 1544; x_wconf 87' lang='lat' dir='ltr'>AEn.</span> <span class='ocrx_word' id='word_1_130' title='bbox 932 1507 956 1543; x_wconf 87' lang='lat' dir='ltr'>i.</span> <span class='ocrx_word' id='word_1_131' title='bbox 977 1506 1066 1546; x_wconf 77' lang='lat'><strong>738,</strong></span> 
     </span>
    </p>

    <p class='ocr_par' dir='ltr' id='par_1_11' title="bbox 325 1570 1452 2324">
     <span class='ocr_line' id='line_1_21' title="bbox 382 1570 1439 1621; baseline -0.002 -14"><span class='ocrx_word' id='word_1_132' title='bbox 382 1572 573 1621; x_wconf 79' lang='lat' dir='ltr'>Serpentis</span> <span class='ocrx_word' id='word_1_133' title='bbox 607 1584 756 1621; x_wconf 87' lang='lat' dir='ltr'>quoque</span> <span class='ocrx_word' id='word_1_134' title='bbox 778 1585 811 1607; x_wconf 86' lang='lat' dir='ltr'>·a</span> <span class='ocrx_word' id='word_1_135' title='bbox 839 1571 885 1608; x_wconf 89' lang='lat' dir='ltr'>T.</span> <span class='ocrx_word' id='word_1_136' title='bbox 912 1570 1026 1608; x_wconf 88' lang='lat' dir='ltr'>Livio</span> <span class='ocrx_word' id='word_1_137' title='bbox 1055 1570 1202 1606; x_wconf 86' lang='lat' dir='ltr'>curiose</span> <span class='ocrx_word' id='word_1_138' title='bbox 1230 1570 1371 1620; x_wconf 84' lang='lat' dir='ltr'>pariter</span> <span class='ocrx_word' id='word_1_139' title='bbox 1395 1582 1439 1606; x_wconf 86' lang='lat' dir='ltr'>ac</span> 
     </span>
     <span class='ocr_line' id='line_1_22' title="bbox 329 1633 1442 1683; baseline -0.004 -11"><span class='ocrx_word' id='word_1_140' title='bbox 329 1635 490 1672; x_wconf 83' lang='lat' dir='ltr'>facunde</span> <span class='ocrx_word' id='word_1_141' title='bbox 518 1635 646 1683; x_wconf 77' lang='lat' dir='ltr'>relatae</span> <span class='ocrx_word' id='word_1_142' title='bbox 666 1636 732 1672; x_wconf 85' lang='lat' dir='ltr'>fiat</span> <span class='ocrx_word' id='word_1_143' title='bbox 759 1636 917 1674; x_wconf 84' lang='lat' dir='ltr'>mentio.</span> <span class='ocrx_word' id='word_1_144' title='bbox 971 1635 1010 1671; x_wconf 90' lang='lat' dir='ltr'>Is</span> <span class='ocrx_word' id='word_1_145' title='bbox 1030 1635 1130 1671; x_wconf 86' lang='lat' dir='ltr'>enim</span> <span class='ocrx_word' id='word_1_146' title='bbox 1159 1634 1226 1676; x_wconf 86' lang='lat' dir='ltr'>ait,</span> <span class='ocrx_word' id='word_1_147' title='bbox 1257 1633 1295 1669; x_wconf 88' lang='lat' dir='ltr'>in</span> <span class='ocrx_word' id='word_1_148' title='bbox 1311 1633 1442 1669; x_wconf 83' lang='lat' dir='ltr'>Africa</span> 
     </span>
     <span class='ocr_line' id='line_1_23' title="bbox 325 1697 1442 1749; baseline -0.003 -14"><span class='ocrx_word' id='word_1_149' title='bbox 325 1699 430 1749; x_wconf 72' lang='lat' dir='ltr'>apud</span> <span class='ocrx_word' id='word_1_150' title='bbox 449 1699 662 1748; x_wconf 79' lang='lat' dir='ltr'>Bagradam</span> <span class='ocrx_word' id='word_1_151' title='bbox 680 1699 821 1736; x_wconf 89' lang='lat' dir='ltr'>flumen</span> <span class='ocrx_word' id='word_1_152' title='bbox 843 1705 959 1736; x_wconf 86' lang='lat' dir='ltr'>tantae</span> <span class='ocrx_word' id='word_1_153' title='bbox 986 1697 1256 1747; x_wconf 79' lang='lat' dir='ltr'>magnitudinis</span> <span class='ocrx_word' id='word_1_154' title='bbox 1281 1708 1442 1746; x_wconf 85' lang='lat' dir='ltr'>anguem</span> 
     </span>
     <span class='ocr_line' id='line_1_24' title="bbox 332 1759 1443 1811; baseline -0.003 -14"><span class='ocrx_word' id='word_1_155' title='bbox 332 1762 463 1804; x_wconf 81' lang='lat' dir='ltr'>fuisse,</span> <span class='ocrx_word' id='word_1_156' title='bbox 484 1769 525 1797; x_wconf 88' lang='lat' dir='ltr'>ut</span> <span class='ocrx_word' id='word_1_157' title='bbox 544 1762 651 1798; x_wconf 90' lang='lat' dir='ltr'>Atilii</span> <span class='ocrx_word' id='word_1_158' title='bbox 672 1762 810 1811; x_wconf 86' lang='lat' dir='ltr'>Reguli</span> <span class='ocrx_word' id='word_1_159' title='bbox 842 1763 1047 1799; x_wconf 84' lang='lat' dir='ltr'>exercitum</span> <span class='ocrx_word' id='word_1_160' title='bbox 1069 1773 1137 1797; x_wconf 90' lang='lat' dir='ltr'>usu</span> <span class='ocrx_word' id='word_1_161' title='bbox 1165 1760 1284 1796; x_wconf 90' lang='lat' dir='ltr'>amnis</span> <span class='ocrx_word' id='word_1_162' title='bbox 1314 1759 1443 1808; x_wconf 83' lang='lat' dir='ltr'>prohi-</span> 
     </span>
     <span class='ocr_line' id='line_1_25' title="bbox 334 1823 1443 1875; baseline -0.005 -13"><span class='ocrx_word' id='word_1_163' title='bbox 334 1826 463 1862; x_wconf 85' lang='lat' dir='ltr'>beret:</span> <span class='ocrx_word' id='word_1_164' title='bbox 509 1826 710 1875; x_wconf 85' lang='lat' dir='ltr'>multisque</span> <span class='ocrx_word' id='word_1_165' title='bbox 747 1826 928 1862; x_wconf 80' lang='lat' dir='ltr'>militibus</span> <span class='ocrx_word' id='word_1_166' title='bbox 965 1826 1110 1874; x_wconf 89' lang='lat' dir='ltr'>ingenti</span> <span class='ocrx_word' id='word_1_167' title='bbox 1146 1837 1210 1860; x_wconf 89' lang='lat' dir='ltr'>ore</span> <span class='ocrx_word' id='word_1_168' title='bbox 1247 1823 1443 1872; x_wconf 83' lang='lat' dir='ltr'>correptis,</span> 
     </span>
     <span class='ocr_line' id='line_1_26' title="bbox 333 1885 1445 1939; baseline -0.004 -13"><span class='ocrx_word' id='word_1_169' title='bbox 333 1889 591 1939; x_wconf 80' lang='lat' dir='ltr'>compluribus</span> <span class='ocrx_word' id='word_1_170' title='bbox 622 1890 749 1926; x_wconf 83' lang='lat' dir='ltr'>eaudae</span> <span class='ocrx_word' id='word_1_171' title='bbox 779 1889 1032 1926; x_wconf 88' lang='lat' dir='ltr'>voluminibus</span> <span class='ocrx_word' id='word_1_172' title='bbox 1063 1888 1178 1930; x_wconf 84' lang='lat' dir='ltr'>elisis,</span> <span class='ocrx_word' id='word_1_173' title='bbox 1208 1899 1322 1935; x_wconf 89' lang='lat' dir='ltr'>quum</span> <span class='ocrx_word' id='word_1_174' title='bbox 1349 1885 1445 1922; x_wconf 87' lang='lat' dir='ltr'>telo-</span> 
     </span>
     <span class='ocr_line' id='line_1_27' title="bbox 334 1950 1445 2003; baseline -0.005 -14"><span class='ocrx_word' id='word_1_175' title='bbox 334 1965 418 1989; x_wconf 85' lang='lat' dir='ltr'>rum</span> <span class='ocrx_word' id='word_1_176' title='bbox 431 1952 540 2002; x_wconf 87' lang='lat' dir='ltr'>jactu</span> <span class='ocrx_word' id='word_1_177' title='bbox 560 1954 741 2003; x_wconf 85' lang='lat' dir='ltr'>perforari</span> <span class='ocrx_word' id='word_1_178' title='bbox 761 1954 949 2002; x_wconf 86' lang='lat' dir='ltr'>nequiret,</span> <span class='ocrx_word' id='word_1_179' title='bbox 966 1953 1011 1988; x_wconf 85' lang='lat' dir='ltr'>ad</span> <span class='ocrx_word' id='word_1_180' title='bbox 1034 1951 1205 1987; x_wconf 85' lang='lat' dir='ltr'>ultimum</span> <span class='ocrx_word' id='word_1_181' title='bbox 1225 1950 1445 1987; x_wconf 81' lang='lat' dir='ltr'>balistarum</span> 
     </span>
     <span class='ocr_line' id='line_1_28' title="bbox 335 2012 1446 2067; baseline -0.004 -16"><span class='ocrx_word' id='word_1_182' title='bbox 335 2017 534 2052; x_wconf 83' lang='lat' dir='ltr'>tormentis</span> <span class='ocrx_word' id='word_1_183' title='bbox 556 2017 718 2065; x_wconf 89' lang='lat' dir='ltr'>undique</span> <span class='ocrx_word' id='word_1_184' title='bbox 738 2017 910 2067; x_wconf 86' lang='lat' dir='ltr'>petitam,</span> <span class='ocrx_word' id='word_1_185' title='bbox 927 2015 1073 2052; x_wconf 89' lang='lat' dir='ltr'>silicum</span> <span class='ocrx_word' id='word_1_186' title='bbox 1093 2013 1231 2050; x_wconf 85' lang='lat' dir='ltr'>crebris</span> <span class='ocrx_word' id='word_1_187' title='bbox 1248 2019 1285 2048; x_wconf 88' lang='lat' dir='ltr'>et</span> <span class='ocrx_word' id='word_1_188' title='bbox 1303 2012 1446 2062; x_wconf 89' lang='lat' dir='ltr'>ponde-</span> 
     </span>
     <span class='ocr_line' id='line_1_29' title="bbox 335 2075 1448 2130; baseline -0.005 -14"><span class='ocrx_word' id='word_1_189' title='bbox 335 2080 431 2116; x_wconf 87' lang='lat' dir='ltr'>rosis</span> <span class='ocrx_word' id='word_1_190' title='bbox 451 2079 667 2116; x_wconf 86' lang='lat' dir='ltr'>vcrberibus</span> <span class='ocrx_word' id='word_1_191' title='bbox 688 2080 946 2130; x_wconf 85' lang='lat' dir='ltr'>procubuisse,</span> <span class='ocrx_word' id='word_1_192' title='bbox 972 2077 1222 2125; x_wconf 84' lang='lat' dir='ltr'>omnibusque</span> <span class='ocrx_word' id='word_1_193' title='bbox 1248 2083 1285 2111; x_wconf 89' lang='lat' dir='ltr'>et</span> <span class='ocrx_word' id='word_1_194' title='bbox 1312 2075 1448 2111; x_wconf 88' lang='lat' dir='ltr'>cohor-</span> 
     </span>
     <span class='ocr_line' id='line_1_30' title="bbox 335 2137 1452 2193; baseline -0.006 -13"><span class='ocrx_word' id='word_1_195' title='bbox 335 2143 436 2180; x_wconf 85' lang='lat' dir='ltr'>tibus</span> <span class='ocrx_word' id='word_1_196' title='bbox 459 2152 496 2179; x_wconf 90' lang='lat' dir='ltr'>et</span> <span class='ocrx_word' id='word_1_197' title='bbox 522 2143 735 2191; x_wconf 82' lang='lat' dir='ltr'>legionibus</span> <span class='ocrx_word' id='word_1_198' title='bbox 763 2145 844 2193; x_wconf 83' lang='lat' dir='ltr'>ipsa</span> <span class='ocrx_word' id='word_1_199' title='bbox 865 2141 1106 2189; x_wconf 82' lang='lat' dir='ltr'>Karthagine</span> <span class='ocrx_word' id='word_1_200' title='bbox 1132 2141 1249 2176; x_wconf 75' lang='lat' dir='ltr'>visam</span> <span class='ocrx_word' id='word_1_201' title='bbox 1276 2137 1452 2174; x_wconf 87' lang='lat' dir='ltr'>terribili-</span> 
     </span>
     <span class='ocr_line' id='line_1_31' title="bbox 328 2201 1451 2257; baseline -0.01 -11"><span class='ocrx_word' id='word_1_202' title='bbox 328 2222 452 2246; x_wconf 85' lang='lat' dir='ltr'>orem.</span> <span class='ocrx_word' id='word_1_203' title='bbox 508 2208 634 2257; x_wconf 88' lang='lat' dir='ltr'>Atque</span> <span class='ocrx_word' id='word_1_204' title='bbox 654 2209 767 2244; x_wconf 86' lang='lat' dir='ltr'>ctiam</span> <span class='ocrx_word' id='word_1_205' title='bbox 787 2219 918 2243; x_wconf 85' lang='lat' dir='ltr'>cruore</span> <span class='ocrx_word' id='word_1_206' title='bbox 947 2218 1015 2241; x_wconf 88' lang='lat' dir='ltr'>suo</span> <span class='ocrx_word' id='word_1_207' title='bbox 1042 2203 1253 2253; x_wconf 81' lang='lat' dir='ltr'>gurgitibus</span> <span class='ocrx_word' id='word_1_208' title='bbox 1284 2201 1451 2238; x_wconf 67' lang='lat' dir='ltr'>imbutis,</span> 
     </span>
     <span class='ocr_line' id='line_1_32' title="bbox 336 2264 1452 2324; baseline -0.007 -15"><span class='ocrx_word' id='word_1_209' title='bbox 336 2273 578 2324; x_wconf 85' lang='lat' dir='ltr'>corporisque</span> <span class='ocrx_word' id='word_1_210' title='bbox 593 2270 756 2322; x_wconf 86' lang='lat' dir='ltr'>jacentis</span> <span class='ocrx_word' id='word_1_211' title='bbox 777 2269 958 2323; x_wconf 86' lang='lat' dir='ltr'>pestifero</span> <span class='ocrx_word' id='word_1_212' title='bbox 986 2268 1114 2306; x_wconf 84' lang='lat' dir='ltr'>afflatu</span> <span class='ocrx_word' id='word_1_213' title='bbox 1146 2267 1267 2303; x_wconf 75' lang='lat' dir='ltr'>vicina</span> <span class='ocrx_word' id='word_1_214' title='bbox 1296 2264 1452 2313; x_wconf 80' lang='lat' dir='ltr'>regione</span> 
     </span>
    </p>
   </div>
   <div class='ocr_carea' id='block_1_7' title="bbox 1514 0 1527 574">
    <p class='ocr_par' dir='ltr' id='par_1_12' title="bbox 1514 0 1527 574">
     <span class='ocr_line' id='line_1_33' title="bbox 1514 0 1527 574; textangle 90"><span class='ocrx_word' id='word_1_215' title='bbox 1518 546 1527 574; x_wconf 63' lang='lat' dir='ltr'>u</span> <span class='ocrx_word' id='word_1_216' title='bbox 1518 452 1527 537; x_wconf 39' lang='lat' dir='ltr'>..m</span> <span class='ocrx_word' id='word_1_217' title='bbox 1518 211 1527 443; x_wconf 34' lang='grc' dir='ltr'>,ψῃ-,ῳ-</span> <span class='ocrx_word' id='word_1_218' title='bbox 1514 0 1525 205; x_wconf 53' lang='lat' dir='ltr'>m</span> 
     </span>
    </p>
   </div>
  </div>
 </body>
</html>
