1546 2648
338 185 495 214 ωΒΕιι
518 183 624 213 xm.
656 182 763 212 cAr.
786 184 846 213 11.
1064 173 1145 227 287

36 278 95 310 ter
113 286 215 311 mare
234 280 271 312 et
291 280 414 311 castra
431 290 438 310 ι
456 279 523 317 ret,
545 279 587 310 ut
606 272 704 310 idem
735 271 980 322 aquatoribus
1001 273 1047 310 ad
1074 274 1144 311 flu-
1159 284 1200 315 U.
1213 283 1251 314 C.
1267 289 1340 320 574,

36 337 137 374 vium
166 345 263 375 esset
291 339 519 389 praesidium,
549 337 606 374 M.
630 336 812 373 AEbutius
842 336 1014 373 tribunus
1045 338 1144 374 mili-
1157 328 1333 365 A·C·¹7⁸·

36 406 117 437 tum
147 403 318 439 secun-dae
347 402 508 452 legionis
539 402 632 438 duos
662 400 875 451 manipulos
896 401 1058 437 militum
1078 403 1144 439 ad-

27 462 290 515 jicerejussus
311 473 379 503 est.
435 466 481 503 T.
502 473 540 502 et
567 466 610 502 C.
631 465 725 501 AElii
745 464 887 501 tribuni
907 464 1071 501 militum
1090 466 1144 503 le-

36 529 186 577 gionem
207 531 372 575 tertiam,
393 544 475 580 quae
505 527 747 580 pabulatores
768 534 806 564 et
834 528 1040 578 lignatores
1061 536 1144 566 tue-

36 598 153 635 retur,
182 594 257 638 via,
277 607 359 644 quae
379 594 593 644 Aquileiam
622 594 710 637 fert,
740 594 937 630 duxerant.
992 592 1053 629 Ab
1082 606 1144 629 ea-

36 654 121 692 dem
140 658 295 706 regione
314 659 417 696 mille
445 659 562 696 ferme
585 671 763 709 passuum
782 664 905 694 castra
925 662 1031 694 erant
1051 657 1144 694 Gal-

35 718 158 755 lorum
179 736 186 756 :
220 722 411 759 Catmelus
440 736 510 774 pro
539 722 671 772 regulo
700 727 781 758 erat
803 722 923 758 tribus
943 721 1043 758 haud
1063 734 1144 757 am-

35 784 133 835 plius
153 786 318 824 millibus
338 795 582 825 armatorum.

90 848 143 886 II.
174 850 277 895 Istri,
298 858 341 888 ut
359 854 521 902 primum
541 853 587 889 ad
605 852 727 888 lacum
745 852 894 887 Timavi
913 857 1037 888 castra
1057 857 1145 887 sunt
1156 857 1364 891 Istritumui-

35 910 214 950 Romana
232 923 350 958 mota,
371 917 443 966 ipsi
463 923 550 966 post
570 917 705 953 collem
734 916 886 952 occulto
906 915 993 952 loco
1012 929 1145 952 conse-

1158 908 1230 931 tum
1246 909 1355 933 creant

1161 954 1193 973 in
1209 945 1318 975 castris

35 977 193 1024 derunt,
217 985 254 1015 et
272 980 361 1016 inde
379 980 543 1030 obliquis
563 980 761 1016 itineribus
781 992 917 1028 agmen
937 980 1146 1029 sequeban-
1160 986 1326 1018 Romanis.

38 1046 112 1084 tur,
142 1042 182 1077 in
211 1055 364 1080 omnem
393 1044 630 1080 occasionem
658 1043 823 1079 intenti:
856 1055 925 1079 nec
945 1043 1147 1092 quidquam

38 1116 120 1148 eos,
141 1118 224 1154 quae
253 1113 354 1144 terra
381 1108 551 1157 marique
570 1112 787 1156 agerentur,
811 1105 979 1143 fallebat.
1035 1106 1149 1144 Post-

36 1180 150 1217 quam
165 1171 348 1207 stationes
364 1171 547 1208 invalidas
568 1183 648 1207 esse
666 1183 736 1221 pro
755 1170 901 1213 castris,
919 1182 1050 1206 eorum
1069 1178 1149 1207 tur-

34 1230 86 1268 ba
115 1233 268 1270 inermis
295 1235 470 1285 frequens
500 1237 600 1272 inter
619 1240 744 1271 castra
777 1241 816 1270 et
845 1247 946 1270 mare
980 1247 1152 1271 mercan-

0 1325 1 1332 ,
36 1297 146 1341 tium,
167 1298 248 1334 sine
276 1299 354 1335 ullo
382 1300 552 1336 terrestri
581 1305 647 1335 aut
674 1299 866 1335 maritimo
896 1299 1149 1342 munimento,

38 1360 237 1407 viderunt5
269 1362 344 1399 duo
365 1363 476 1399 simul
495 1363 683 1414 praesidia,
710 1361 942 1398 Placentinae
964 1362 1149 1406 cohortis,

37 1430 76 1460 et
111 1426 391 1476 manipulorum
434 1428 606 1464 secundae
649 1426 826 1475 legioniS,
865 1426 1151 1474 adgrediuntur.

39 1488 192 1526 Nebula
219 1492 408 1528 matutina
435 1498 583 1529 texerat
611 1492 828 1541 inceptum:
856 1503 931 1539 qua
959 1489 1151 1527 dilabente

39 1554 86 1589 ad
104 1555 266 1604 primum
285 1562 457 1606 teporem
474 1556 580 1599 solis,
600 1555 796 1606 perlucens
810 1554 893 1605 jam
912 1554 1068 1603 aliquid,
1091 1555 1150 1590 in-

38 1624 142 1654 certa
169 1625 311 1663 tamen,
329 1627 371 1656 ut
399 1620 510 1663 solet,
531 1620 609 1663 lux,
631 1620 795 1670 speciem
824 1620 994 1655 omnium
1025 1619 1152 1654 multi-

40 1681 178 1732 plicem
206 1683 371 1719 intuenti
396 1683 568 1727 reddens,
588 1689 671 1719 tum
691 1695 842 1732 quoque
869 1682 1052 1717 frustrata
1070 1681 1154 1718 Ro-

40 1757 188 1790 manOS,
207 1745 329 1782 multo
357 1745 542 1796 majorem
564 1747 623 1791 iis,
646 1759 759 1796 quam
789 1751 882 1788 erat,
913 1745 1082 1780 hostium
1113 1758 1153 1781 a·

40 1809 136 1846 ciem
156 1810 341 1847 ostendit:
365 1823 440 1860 qua
457 1811 581 1846 territi
602 1811 796 1859 utriusque
815 1809 991 1845 stationis
1013 1808 1152 1845 milites

41 1875 189 1924 ingenti
211 1874 376 1911 tumultu
401 1887 516 1923 quum
539 1875 579 1911 in
605 1880 728 1911 castra
754 1873 1032 1921 confugissent,
1051 1873 1153 1909 haud

40 1938 173 1990 paullo
197 1939 251 1975 ibi
279 1938 377 1989 pluS,
397 1951 511 1988 quam
540 1938 641 1988 qnod
664 1951 792 1975 secum
820 1938 894 1988 ipsi
922 1936 1152 1979 adtulerant,

40 2004 195 2040 terroris
223 2002 408 2041 fecerunt,
463 2002 567 2039 Nam
594 2015 718 2051 neque
747 2002 885 2043 dicere,
916 1999 1007 2048 quid
1034 1999 1154 2048 fugis·

41 2074 139 2110 sent,
161 2079 232 2103 nec
257 2065 592 2118 percunctantibus
618 2065 773 2101 reddere
800 2075 1024 2114 responsum
1043 2068 1151 2112 pote-

41 2137 128 2168 rant
145 2145 154 2166 ι
185 2139 224 2167 et
241 2130 384 2167 clamor
402 2130 442 2166 in
469 2130 588 2180 portis
613 2130 672 2178 (ut
693 2128 756 2165 ubi
775 2126 880 2164 nulla
904 2132 1002 2162 esset
1021 2126 1152 2169 statio,

40 2208 124 2244 quae
144 2194 345 2230 sustineret
362 2194 551 2245 inpetum)
574 2192 818 2230 audiebatur:
852 2196 890 2226 et
909 2188 1153 2226 concursatio

40 2259 82 2295 in
111 2257 274 2295 obscuro
302 2258 549 2295 incidentium
578 2258 738 2294 aliorum
768 2257 808 2293 in
838 2254 932 2292 alios
966 2254 1154 2289 incertum

30 2321 195 2367 iecerat,
216 2333 264 2360 an
282 2320 403 2359 hostis
432 2321 534 2359 intra
551 2320 693 2358 vallum
711 2325 823 2358 esset.
880 2317 971 2355 Una
989 2329 1063 2352 vox
1085 2327 1152 2351 au-
