1546 2648
314 117 469 146 Lmen
493 115 634 146 xmv.
667 114 774 145 CAP.
797 115 998 145 xxxvn.
1121 105 1206 160 469

99 205 178 242 acie
195 206 343 243 triarios
359 207 500 258 primos
516 205 691 242 subducit
707 220 714 241 :
739 204 872 241 deinde
884 205 1087 255 principes,
1105 212 1208 242 stan·
1221 207 1265 239 U.
1278 207 1315 239 C.
1330 213 1405 240 584.

98 269 199 307 tibus
220 271 258 307 in
277 271 398 321 prima
416 271 497 307 acie
515 270 690 313 hastatis,
711 270 742 306 si
761 269 851 318 quid
873 269 994 305 hostis
1014 276 1206 306 moveret:

97 340 291 384 postremo
310 335 496 377 hastatos,
518 334 566 371 ab
587 334 721 370 dextro
750 333 913 383 primum
943 346 1063 370 cornu
1081 334 1210 383 singu-

97 395 220 433 lorum
239 397 437 447 paullatim
459 398 655 446 signorum
684 396 822 432 milites
853 396 1092 433 subtrahens.
1148 397 1211 434 Ita

96 462 253 512 pedites,
268 463 457 512 equitibus
474 475 558 499 cum
574 462 647 498 levi
667 468 858 498 armatura
870 466 959 497 ante
974 462 1094 497 aciem
1106 462 1210 498 hosti

97 524 298 575 obpositis‚
332 527 413 562 sine
449 526 615 563 tumultu
650 525 803 562 abducti
822 539 829 561 ε
861 537 931 561 nec
961 530 1063 568 ante,
1097 538 1210 574 quam

94 590 218 640 prima
235 590 340 627 frons
360 590 447 628 valli
467 604 510 627 ac
529 590 631 627 fossa
659 590 841 640 perducta
869 594 940 633 est,
967 601 1013 626 ex
1042 589 1209 626 statione

96 654 241 702 equites
260 656 426 691 revocati
446 661 546 691 sunt.
601 653 687 691 Rex
706 665 870 702 quoque,
891 665 1006 701 quum
1035 653 1117 689 sine
1145 653 1210 690 de—

96 718 326 754 tractatione
338 725 489 768 paratus
505 730 675 768 pugnare
691 730 737 753 eo
752 717 812 752 die
826 716 974 760 fuisset,
991 722 1208 759 contentus,

97 780 200 829 quod
227 794 295 832 per
325 782 475 818 hostem
504 793 648 818 moram
678 780 795 816 fuisse
824 792 961 830 pugnae
992 781 1145 824 scirent,
1172 788 1211 816 et

96 844 177 894 ipse
201 845 241 881 in
267 851 390 882 castra
419 846 546 895 copias
580 845 742 881 reduxit.
800 844 943 880 Castris
971 844 1210 893 permunitis,

98 908 142 944 C.
160 907 346 959 Sulpicius
371 909 502 946 Gallus
522 909 696 945 tribunus
717 907 878 944 militum
900 908 1072 944 secundae
1091 908 1212 956 legio-

96 972 170 1016 nis,
190 974 254 1021 qui
272 980 412 1023 praetor
432 974 624 1023 superiore
643 985 746 1008 anno
771 971 909 1014 fuerat,
931 971 1096 1007 consulis
1126 984 1211 1021 per-

98 1036 215 1072 missu
243 1037 289 1073 ad
319 1038 542 1074 concionem
561 1035 744 1073 militibus
764 1036 908 1072 vocatis
929 1035 1209 1084 pronunciavit,

1220 251 1260 283 A.
1278 251 1315 281 C.
1331 255 1404 282 168.

97 1105 200 1137 nocte
224 1103 404 1149 proxima,
422 1109 468 1138 ne
495 1103 572 1150 quis
599 1103 638 1137 id
667 1113 735 1149 pro
760 1105 928 1149 portento
957 1101 1146 1147 acciperet,
1168 1100 1211 1136 ab
1224 1106 1357 1147 Eclipsis
1375 1107 1425 1139 lun

97 1165 185 1200 hora
203 1167 356 1201 secunda
383 1178 491 1214 usque
518 1167 567 1202 acl
592 1170 759 1213 quartam
792 1165 916 1201 horam
944 1166 1056 1200 noctis
1087 1165 1210 1200 lunam

1223 1160 1274 1180 nae
1288 1160 1368 1189 prae·

1221 1194 1306 1223 dicta
1322 1203 1340 1222 a

97 1227 318 1277 defecturam
337 1242 417 1267 esse.
476 1231 535 1272 Icl,
557 1231 641 1278 quia
659 1230 820 1266 naturali
845 1230 971 1265 ordine
998 1230 1101 1264 statis
1123 1233 1210 1264 tem·
1223 1236 1378 1276 Sulpicio,

90 1293 237 1341 poribus
254 1294 345 1343 fiat,
373 1299 406 1330 et
437 1296 521 1330 sciri
557 1298 644 1331 ante
671 1298 706 1329 et
733 1294 887 1341 praedz'ci
914 1304 1028 1341 posse.
1086 1293 1214 1340 Itaque

96 1360 408 1406 quemadmodum,
428 1361 512 1408 quia
531 1361 618 1395 certi
635 1360 718 1395 solis
738 1360 898 1407 lunaeque
916 1363 951 1394 et
972 1362 1071 1394 ortus
1089 1363 1125 1393 et
1153 1371 1212 1394 oc-

94 1434 196 1459 casus
226 1425 311 1466 sint,
341 1436 436 1460 nunc
463 1425 572 1472 pleno
602 1424 694 1467 orbe,
728 1436 824 1459 nunc
854 1427 1052 1459 senescente
1084 1423 1211 1469 exiguo

96 1499 204 1523 cornu
221 1487 372 1536 fulgere
390 1490 513 1525 lunam
532 1501 602 1524 non
624 1490 841 1525 mirarentur
855 1505 869 1532 ,-
896 1489 950 1524 ita
968 1499 1012 1523 ne
1031 1487 1212 1523 obscurari

96 1553 253 1599 quidem,
282 1565 390 1600 quum
409 1554 587 1589 condatur
614 1553 739 1589 umbra
759 1558 874 1594 terrce,
897 1552 1037 1587 trahere
1061 1553 1098 1586 in
1121 1552 1224 1598 pro-'

95 1615 231 1662 digium
251 1616 384 1653 debere.
440 1616 582 1660 Nocte,
603 1629 714 1665 quam
738 1615 858 1666 pridie
879 1614 1014 1650 Nonas
1037 1614 1208 1663 Septem-

93 1676 178 1714 bres
199 1678 370 1715 insecuta
395 1686 452 1716 est
481 1680 573 1723 dies,
595 1680 693 1716 edita
721 1680 816 1715 hora
844 1678 934 1714 luna
962 1690 1077 1727 quum
1106 1676 1209 1712 defe-

92 1742 220 1796 cisset,
241 1741 426 1780 Romanis
447 1744 630 1781 militibus
661 1743 761 1780 Galli
791 1743 977 1793 sapientia
1005 1753 1123 1791 prope
1151 1741 1209 1777 di-

93 1805 181 1841 vina
199 1806 338 1843 videri:
369 1807 617 1850 Macedonas,
640 1813 682 1843 ut
709 1808 818 1842 triste
846 1806 1076 1855 prodigium,
1098 1817 1209 1840 occa-

94 1882 177 1906 sum
201 1871 308 1919 regni
337 1872 617 1921 perniciemque
646 1872 769 1920 gentis
799 1870 1041 1920 portendens,
1063 1869 1205 1903 movit:

93 1946 163 1970 nec
182 1934 292 1971 aliter
310 1943 412 1972 vates
432 1951 439 1972 :
473 1936 615 1973 clamor
635 1936 873 1983 ululatusque
900 1935 939 1970 in
968 1934 1099 1970 castris
1119 1931 1209 1968 Ma-

95 1998 279 2035 cedonum
309 1999 396 2042 fuit,
417 2000 537 2036 donec
566 2000 657 2036 luna
686 2001 725 2035 in
756 2011 862 2034 suam
891 1997 1013 2033 lucem
1043 1996 1207 2031 emersit.

94 2060 254 2097 Postero
283 2062 342 2099 die
370 2069 499 2099 tantus
530 2064 678 2112 utrique
707 2062 820 2098 ardor
848 2060 1029 2096 exercitui
1049 2059 1097 2095 ad
1116 2071 1208 2095 con-

96 2124 318 2161 currendum
336 2126 473 2170 fuerat,
494 2134 536 2162 ut
565 2133 604 2163 et
631 2139 759 2175 regem
782 2131 820 2161 et
840 2123 1034 2160 consulem
1054 2134 1209 2158 suorum

97 2186 262 2235 quidam,
283 2190 384 2237 quod
412 2191 492 2226 sine
521 2191 657 2240 proelio
687 2191 891 2226 discessum
921 2194 1032 2230 esset,
1054 2198 1208 2222 accusa·

95 2257 191 2289 rent.
247 2251 346 2301 Regi
379 2260 528 2304 promta
558 2254 728 2292 defensio
763 2258 857 2297 erat,
887 2264 967 2288 non
993 2263 1039 2287 eo
1069 2249 1206 2292 solum,
