1546 2648
303 150 457 180 LIBER
483 146 624 176 XLIV.
657 146 763 174 CAP.
788 145 930 174 XLVI.
1074 144 1159 187 479

46 239 126 278 mul
145 245 187 276 ut
206 238 375 276 Sinticen
397 241 597 278 evastaret,
619 241 657 271 et
685 234 732 271 ad
761 246 891 270 omnes
922 238 1079 269 conatus
1099 245 1158 269 re·
1171 237 1212 269 U.
1226 236 1263 268 C.
1278 245 1350 271 534.

47 305 104 353 gis
135 303 393 354 inpedimento
423 306 533 337 esset.
590 299 696 335 Inter
722 299 804 334 haec
830 296 1014 333 Meliboea
1039 310 1062 333 a
1087 281 1262 334 Cn.A'C‘
1280 287 1353 314 ¹⁶3'

47 368 209 403 Octavio
245 366 392 415 capitur
435 363 684 413 diripiturque
705 377 712 398 :
759 362 806 398 ad
853 360 1066 410 AEgiuium,
1112 360 1161 397 ad

47 431 148 480 quod
168 428 466 479 obpugnandum
486 427 557 463 Cn.
573 427 730 463 Anicius
744 425 891 474 legatus
912 425 1045 460 missus
1063 431 1156 468 erat,

49 495 215 536 ducenti,
237 494 435 543 eruptione
461 505 506 529 ex
536 492 677 543 oppido
697 490 812 534 facta,
833 490 960 526 amissi
981 498 1082 531 sunt,
1103 490 1160 538 ig-

45 559 146 595 naris
167 557 457 607 AEginiensibus
478 556 707 593 debellatum
726 567 819 591 esse.
850 553 1008 596 Consul,
1025 567 1047 589 a
1061 553 1160 602 Pyd-
1174 556 1295 586 Consul

44 636 94 659 na
124 622 331 672 profectus,
358 634 444 657 cum
474 627 560 657 toto
587 621 755 657 exercitu
782 620 841 656 die
867 619 987 656 altero
1016 617 1160 654 Pellam
1173 599 1296 673 Ξέἒίῗῃ

45 687 240 737 pervenit:
273 693 324 729 et,
344 699 459 734 quum
489 692 613 721 castra
641 685 743 722 mille
771 697 901 735 passus
920 683 1018 726 ‚inde
1045 695 1162 733 posu-

43 752 149 794 isset,
170 763 238 800 pex·
257 750 402 798 aliquot
421 750 499 786 dies
519 749 574 786 ibi
593 750 731 786 stativa
755 749 903 792 habuit,
923 750 1038 785 situm
1059 747 1161 784 urbis

47 815 211 863 undique
231 815 466 863 adspiciens5
499 827 612 863 quam
627 827 704 850 non
726 814 806 850 sine
827 826 958 850 caussa
978 812 1163 849 delectam

41 891 122 915 esse
141 879 284 927 regiam
303 878 476 915 advertit.
534 878 616 914 Sita
642 884 699 914 est
727 878 766 914 in
798 877 958 920 tumulo,
980 882 1161 926 vergente

42 944 81 979 in
110 943 346 979 occidentem
373 942 600 978 hibernum:
634 943 791 991 cingunt
817 941 973 992 paludes
1007 943 1160 978 inexsu-

40 1005 220 1056 perabilis
255 1005 466 1042 altitudinis
505 1010 635 1041 aestate
673 1012 711 1041 et
741 1005 880 1048 hieme,
916 1017 1006 1053 quas
1040 1011 1160 1040 resta-

40 1077 200 1119 gnantes
221 1070 368 1107 faciunt
386 1070 503 1107 lacus.
561 1070 608 1105 In
627 1071 708 1120 ipsa
725 1069 875 1120 palude,
892 1082 965 1118 qua
985 1070 1160 1119 proxima

41 1134 124 1170 urbi
152 1142 222 1177 est,
242 1134 346 1170 velut
370 1134 495 1170 insula
521 1134 676 1177 eminet,
699 1134 827 1182 aggeri
849 1133 972 1183 operis
994 1133 1158 1181 ingentis

41 1198 235 1248 inposita:
270 1199 333 1247 qui
363 1204 401 1234 et
431 1211 581 1234 murum
610 1198 808 1240 sustineat,
830 1203 867 1233 et
899 1197 1057 1233 humore
1086 1197 1157 1233 cir-

42 1263 223 1299 cumfusae
256 1263 402 1313 paludis
437 1263 533 1299 nihil
562 1263 732 1300 laedatur.
788 1262 904 1299 Muro
933 1262 1035 1298 urbis
1065 1275 1157 1299 con-

33 1326 170 1377 juncta
189 1327 322 1377 procul
340 1327 515 1365 videtur:
548 1328 665 1364 divisa
688 1334 744 1364 est
773 1328 1008 1364 intermurali
1042 1328 1158 1370 amni,

40 1397 78 1427 et
111 1391 242 1428 eadem
281 1397 399 1442 ponte
422 1390 585 1442 juncta:
619 1398 660 1428 ut
695 1405 780 1435 nec,
816 1392 1063 1442 obpugnante
1094 1404 1160 1428 ex-

39 1462 164 1499 terno,
183 1456 326 1493 aditum
356 1456 402 1493 ab
432 1456 509 1493 ulla
537 1463 644 1507 parte
672 1456 839 1502 habeat;
872 1469 956 1500 nec,
987 1456 1018 1492 si
1047 1469 1159 1506 quem

38 1519 92 1555 ibi
111 1532 176 1556 rex
206 1520 390 1564 includat,
418 1520 536 1557 ullum
562 1522 636 1557 nisi
662 1534 729 1571 per
757 1521 946 1558 facillimae
977 1521 1158 1557 custodiae
1218 1552 1225 1557 s

38 1590 195 1633 pontem
216 1584 408 1633 effugium.
464 1585 517 1621 Et
539 1598 635 1634 gaza
654 1587 759 1634 regia
788 1587 827 1621 in
857 1598 902 1622 eo
930 1585 1018 1621 loco
1048 1591 1156 1622 erat:

38 1647 102 1683 sed
129 1654 209 1683 tum
236 1648 332 1684 nihil
364 1655 502 1698 praeter
534 1654 706 1686 trecenta
736 1650 896 1693 talenta,
926 1662 1009 1699 quae
1043 1650 1159 1686 missa

39 1709 181 1746 Gentio
210 1712 306 1760 regi,
328 1711 462 1748 deinde
490 1719 640 1749 retenta
667 1713 834 1757 fuerant,
865 1714 1061 1749 inventum
1088 1719 1158 1750 est.

38 1773 111 1810 Per
130 1787 224 1823 quos
245 1775 323 1811 dies
345 1776 391 1811 ad
416 1775 562 1813 Pellam
589 1778 728 1814 stativa
754 1777 923 1821 fuerunt,
944 1777 1155 1826 legationes

37 1837 269 1888 frequentes,
291 1852 373 1888 quae
394 1839 440 1876 ad
460 1841 728 1889 gratulandum
757 1847 1028 1884 convenerant,
1048 1854 1155 1878 max-

37 2027 143 2065 Pella
172 2030 304 2067 consul
335 2032 478 2080 quartis
513 2033 645 2069 castris
675 2032 937 2082 Amphipolim
970 2033 1154 2084 pervenit.

36 2090 169 2128 Effusa
196 2095 318 2130 omnis
348 2095 463 2132 obvia
490 2095 604 2133 turba
633 2097 749 2133 cuivis
779 2095 920 2133 indicio
949 2103 1044 2141 erat,
1074 2107 1154 2134 non

35 2155 140 2193 bono
160 2170 203 2194 ac
216 2157 326 2208 justo
345 2172 434 2209 rege
455 2160 550 2197 orba

300 2285 324 2308 ik
488 2286 513 2310 -w
678 2288 703 2313 ’1
868 2287 901 2311 δὲ’
