1546 2648
354 148 506 180 LlBER
531 147 612 179 xL.
647 148 754 178 cAr.
776 149 885 178 xlv.
1093 147 1172 194 235

63 240 173 279 etiam
190 241 222 278 si
239 241 325 290 quid
353 246 436 277 ante
454 241 669 277 admisissem
693 240 840 287 piaculo
859 240 1018 286 dignum,
1041 241 1172 276 lustra-
1186 243 1226 274 U.
1241 242 1277 273 C.
1294 248 1369 279 ⁵70.

13 313 15 317 ⁴
65 310 122 341 tus
148 311 183 341 et
201 305 364 353 expiatus
380 316 494 345 sacro,
524 308 598 339 tum
618 305 866 339 cummaxime
883 305 920 339 in
941 303 1091 341 hostiam
1111 307 1173 342 iti·
1184 287 1224 318 A·
1242 285 1279 317 C'
1294 293 1367 318 ¹⁸⁹⁸

63 370 141 404 neri
159 367 555 421 nostro'circumclatam
581 368 731 409 intuens,
749 367 1004 414 parricidium,
1025 379 1173 413 venena,

60 432 215 479 gladios,
254 434 290 468 in
327 433 608 468 comissationem
641 435 878 479 praeparatos,
908 432 1115 468 volutabam
1137 435 1176 469 in

61 497 205 532 animo:
245 500 285 531 ut
317 495 440 544 quibus
471 496 553 531 aliis
584 495 709 530 deinde
744 496 855 530 sacris
890 498 1174 532 contaminatam

59 561 156 595 omni
172 559 300 595 scelere
318 564 468 595 mentem
489 560 668 607 expiarem
685 559 707 593 ?
738 558 811 593 Sed
831 571 938 595 caecus
957 561 1174 596 criminandi

59 623 258 670 cupiditate
286 625 438 665 animus,
461 623 546 658 dum
575 623 694 657 omnia
722 626 886 670 suspecta
915 622 1053 671 efficere
1078 625 1171 668 vult,

59 686 160 721 aliud
177 687 250 722 alio
279 685 490 735 confundit:
518 698 616 728 nam,
636 687 667 721 si
694 698 826 721 veneno
856 690 890 722 te
918 688 1011 722 inter
1039 699 1174 724 coenam

58 751 182 786 tollere
209 752 318 792 volui,
340 752 426 798 quid
454 752 570 786 minus
598 755 724 798 aptum
741 749 838 798 suit,
860 761 969 798 quam
993 753 1174 799 pertinaci

59 816 250 850 certamine
264 819 299 849 et
319 826 489 850 concursu
508 815 642 849 iratum
663 819 696 850 te
714 814 864 862 efficere,
884 820 926 850 ut
944 818 1084 859 merito,
1103 818 1173 853 sic-

56 881 99 913 ut
114 876 256 925 fecisti,
287 878 460 912 invitatus
488 877 536 912 ad
563 889 696 912 coenam.
727 877 927 913 abnueres.9
957 879 1074 920 Quum
1105 892 1173 915 au-

58 944 127 976 tem
160 941 275 976 iratus
306 952 479 988 negasses,
510 945 647 983 utrum,
682 944 722 976 ut
746 942 933 989 placarem
966 947 1013 984 te,
1050 944 1174 981 danda

55 1016 164 1057 opera
182 1003 279 1053 fuit,
311 1009 352 1041 ut
378 1005 492 1040 aliam
521 1017 713 1053 quaererem
743 1007 973 1048 occasionem,
1004 1009 1173 1055 quoniam

54 1070 162 1106 semel
189 1081 361 1105 venenum
385 1071 640 1117 paraveram?
671 1081 718 1104 an
747 1069 791 1105 ab
819 1069 883 1105 illo
904 1071 1049 1106 consilio
1074 1072 1173 1118 velut

55 1135 326 1170 transiliendum
346 1134 394 1169 ad
413 1134 515 1168 aliud
530 1133 627 1181 fuit,
648 1138 689 1169 ut
702 1132 811 1181 ferro
841 1139 887 1177 te,
914 1139 949 1170 et
969 1135 1110 1182 quidem
1131 1148 1172 1171 eo

54 1199 126 1241 die,
146 1210 212 1246 per
227 1199 376 1246 speciem
395 1199 662 1240 comissationis,
684 1199 876 1234 occiderem
895 1200 916 1234 ,9
946 1199 1023 1240 Quo
1044 1200 1172 1236 deinde

52 1263 172 1305 modo,
210 1264 241 1297 si
276 1267 310 1298 te
340 1267 438 1298 metu
471 1263 597 1298 mortis
633 1262 816 1298 credebam
853 1275 987 1298 coenam
1023 1265 1171 1300 evitasse

52 1338 181 1371 meam,
201 1337 273 1364 non
301 1325 345 1362 ab
373 1327 495 1361 eodem
523 1330 619 1362 metu
638 1327 920 1371 comis-sationem
940 1339 1077 1375 quoque
1096 1328 1169 1364 evi-

55 1394 216 1426 taturum
235 1389 482 1425 existimabam
499 1390 521 1423 ,ι’

106 1452 218 1493 X-IV.
247 1454 334 1490 Non
369 1458 421 1489 est
449 1465 517 1495 πρε,
550 1465 621 1501 qua
653 1453 869 1496 erubescam,
896 1459 1018 1502 pater,
1051 1455 1083 1490 si
1112 1455 1169 1490 die

42 1518 141 1567 sesto
161 1518 252 1554 inter
271 1517 423 1565 <equales
443 1517 600 1563 largiore
626 1518 710 1552 vino
727 1529 806 1553 sum
824 1529 907 1553 usus
923 1534 934 1553 .·
965 1522 1003 1553 tu
1019 1530 1170 1566 quoque,

0 1612 1 1624 ,
52 1582 173 1623 velim,
193 1581 366 1628 inquiras,
387 1591 458 1627 qua
478 1580 618 1621 loetitia,
639 1591 707 1628 quo
725 1580 803 1616 lusu
823 1581 921 1628 apud
940 1593 996 1617 me
1015 1581 1169 1617 celebra-

0 1655 1 1700 }
55 1644 351 1681 tum-hesternum
369 1644 568 1679 convivium
586 1645 646 1686 sit,
676 1645 740 1680 illo
768 1645 875 1680 etiam
909 1648 1039 1692 (pravo
1051 1643 1170 1693 forsi-

0 1701 1 1734 3
54 1709 133 1753 tan)
149 1709 284 1756 gaudio
300 1708 529 1755 provehente,
548 1709 643 1756 quod
659 1709 695 1743 in
706 1706 873 1754 juvenali
891 1721 1074 1744 armorum
1093 1721 1170 1745 cer-

56 1775 188 1811 tamine
214 1786 302 1822 pars
325 1779 446 1810 nostra
473 1785 541 1809 non
562 1773 713 1822 inferior
730 1773 872 1823 fuerat.
928 1774 1077 1810 Miseria
1089 1775 1170 1810 ¹hoec

53 1843 88 1873 et
116 1842 229 1874 metus
248 1837 434 1885 crapulam
450 1836 571 1886 facile
595 1842 819 1873 excusserunt
832 1854 844 1880 ‚-
874 1850 951 1885 quae
968 1839 1085 1873 sinon
1112 1839 1168 1873 in-

55 1903 293 1944 tervenissent,
315 1902 542 1937 insidiatores
559 1913 622 1937 nos
647 1902 756 1949 sopiti
772 1900 983 1948 jaceremus.
1042 1902 1083 1937 Si
1102 1903 1166 1937 (Ιο-

12 2006 15 2008 ,
51 1977 149 2008 mum
167 1971 266 2002 tuam
285 1970 567 2014 expugnaturus,
589 1971 696 2013 capta
715 1967 833 2007 domo,
855 1966 1037 2000 dominum
1053 1966 1165 2000 inter-

41 2029 211 2078 fecturus
230 2042 343 2072 eram,
364 2042 433 2065 non
464 2035 711 2078 temperassem
730 2032 812 2066 vino
833 2030 868 2064 in
896 2041 1005 2065 unum
1035 2030 1128 2064 diem
1145 2030 1167 2064 ,⁹

50 2105 119 2129 non
144 2095 276 2130 milites
304 2095 548 2133 abstinuissem
577 2096 706 2131 meos?
738 2095 801 2136 Et,
822 2106 866 2129 ne
898 2105 961 2141 ego
987 2105 1043 2129 me
1069 2094 1166 2128 solus

52 2158 166 2198 nimia
182 2159 411 2205 simplicitate
431 2164 546 2202 tuear,
568 2161 641 2207 ipse
659 2170 795 2207 quoque
821 2159 969 2204 ‘minime
987 2158 1104 2192 malus
1122 2170 1166 2192 ae

53 2222 214 2269 suspicax
221 2220 360 2269 frater,
388 2222 500 2264 Nihil
518 2223 619 2259 aliud
643 2222 737 2265 scio,
760 2223 886 2270 inquit,
907 2219 1001 2258 nihil
1029 2232 1164 2269 arguo,

1 2316 14 2329 ,
52 2284 125 2321 nisi
146 2284 246 2335 quod
265 2297 350 2323 cum
368 2286 468 2324 ferro
489 2288 732 2325 comissatum
752 2291 949 2323 venerunt.
1006 2284 1050 2322 Si
1069 2296 1164 2334 quae-
