1546 2648
309 210 465 240 mnan
489 205 720 237 xxxv111.
752 207 859 237 CAP.
883 206 952 237 1x.
1142 195 1195 251 87

81 298 303 351 Quumjam
323 299 616 336 Atheniensium
637 297 954 347 Rhodiorumque
981 296 1113 346 legati,
1134 299 1199 348 qui
1214 308 1305 339 U,C.
1324 314 1399 342 5⁶3.

82 363 129 399 ad
161 363 439 414 deprecandum
470 375 538 412 pro
570 362 629 398 his
655 368 853 405 venerant,
880 361 980 412 apud
1006 363 1202 399 consulem
1216 352 1307 383 A·C·
1329 360 1399 386 ¹⁸⁹·

83 434 233 474 essent3
266 427 512 478 Amynander
538 440 706 476 quoque,
733 427 993 462 Athamanum
1023 439 1103 469 rex,
1133 427 1206 463 fide

85 503 252 544 accepta,
277 501 430 530 venerat
450 493 488 528 in
514 498 638 529 castra
659 491 858 536 Romana,
883 490 1002 539 magis
1022 503 1092 541 pro
1111 491 1206 527 Am·

83 557 216 595 bracia
243 558 349 601 urbe,
370 557 436 594 ubi
464 556 647 607 majorem
675 563 820 607 partem
854 555 1035 605 temporis
1056 555 1207 591 exsula-

86 629 207 665 verat,
222 635 333 671 quam
354 634 423 671 pro
446 621 605 663 AEtolis,
627 620 824 656 sollicitus.
882 619 956 654 Per
975 619 1045 655 hos
1067 619 1207 655 certior

87 685 212 723 factus
230 686 362 723 consul
376 686 421 722 de
438 699 525 722 casu
544 685 772 735 legatorum,
790 684 922 720 adduci
940 696 1004 720 eos
1021 697 1043 720 a
1059 683 1207 734 Thyrio

81 748 224 801 jussit:
256 764 418 801 quorum
452 757 538 801 post
563 751 766 787 adveutum
790 749 851 798 agi
881 755 1050 799 coeptum
1075 755 1130 785 est
1162 748 1208 785 de

89 828 194 864 paee.
250 816 511 865 Amynander,
538 815 640 864 quod
675 816 731 851 sui
766 815 929 850 maxime
959 814 1084 864 operis
1113 819 1208 857 erat,

89 879 238 929 inpigre
259 880 412 929 agebat,
430 886 472 915 ut
491 879 783 915 Ambracienses
805 877 1048 927 compelleret
1072 878 1119 914 ad
1146 877 1212 914 de-

91 943 293 980 ditionem:
327 944 363 979 id
386 956 501 992 quum
522 955 587 992 per
607 942 813 991 conloquia
832 942 1059 991 principum,
1082 953 1212 978 succe-

93 1008 183 1044 dens
211 1021 374 1051 murum,
400 1021 531 1058 parum
557 1007 780 1057 proficeret:
814 1012 1023 1057 postremo,
1045 1006 1212 1043 consulis

91 1073 277 1123 permissu
306 1073 495 1122 ingressus
522 1072 666 1116 urbem,
694 1072 834 1122 partim
868 1071 1043 1114 consilio,
1074 1072 1212 1122 partim

94 1137 284 1187 precibus,
316 1138 444 1180 evicit,
475 1143 516 1172 ut
546 1138 809 1187 permitterent
837 1149 876 1173 se
905 1136 1104 1173 Romanis.
1160 1137 1213 1172 Et
1225 1139 1394 1170 Ambraci-

94 1200 249 1237 AEtolos
271 1201 314 1238 C.
331 1200 505 1237 Valerius
528 1201 673 1237 Laevini
697 1200 809 1243 filius,
834 1201 897 1249 qui
919 1213 1003 1236 curu
1031 1213 1074 1236 ea
1100 1207 1213 1250 gente
1225 1193 1361 1257 {23³3oe
1375 1183 1430 1214 (ιε’

96 1266 258 1314 primum
285 1266 491 1301 amicitiam
521 1267 730 1315 pepigerat,
753 1264 918 1301 consulis
941 1265 1072 1309 frater,
1094 1272 1214 1302 matre

96 1329 246 1377 genitus
267 1330 411 1372 eadem,
427 1331 579 1378 egregie
597 1329 753 1378 adjuvit.
783 1329 1089 1372 Ambracienses,
1111 1331 1212 1380 prius

96 1394 211 1443 pacti,
241 1401 282 1429 ut
307 1393 528 1430 AEtolorum
559 1393 758 1429 auxiliares
793 1394 873 1429 sine
905 1393 1036 1430 fraude
1063 1395 1212 1431 emitte-

96 1465 194 1502 rent,
224 1465 453 1509 aperuerunt
483 1465 631 1509 portas:
664 1459 750 1495 dein
782 1458 920 1501 AEtoli,
953 1465 992 1495 ut
1021 1462 1213 1508 quingenta
1227 1459 1325 1534 Ῐὲἑὲεέῗ
1345 1464 1431 1503 pacis

1319 1516 1376 1536 isa

1203 1554 1212 1568 2
1229 1556 1292 1577 cos.
1306 1550 1411 1581 dictae.

99 1593 256 1624 trecenta
274 1601 338 1636 per
353 1601 463 1624 annos
480 1601 539 1624 sex
555 1589 781 1636 pensionibus
799 1591 905 1637 oequis
918 1606 929 1625 .·
958 1591 1117 1637 captivos
1131 1602 1217 1638 per-

88 1650 275 1700 fugasque
294 1654 484 1688 redderent
504 1652 677 1688 Romanis
691 1669 702 1687 .·
721 1653 840 1688 urbem
863 1665 906 1688 ne
925 1666 1030 1701 quam
1041 1653 1219 1700 formulae

98 1715 454 1765 suijurisfizcerent,
473 1730 550 1765 (luce
563 1722 644 1766 pust
661 1719 697 1753 iel
717 1723 865 1766 tempus,
883 1731 952 1766 quo
975 1719 1013 1754 T.
1031 1719 1220 1759 Quinctius
1241 1738 1247 1743 ν

100 1780 291 1828 trajecisset
314 1784 348 1817 in
373 1783 563 1825 G'raeczam,
585 1788 650 1818 aut
668 1785 703 1819 ri
723 1787 830 1831 capta
852 1784 895 1819 ab
916 1783 1091 1820 Romanis
1117 1789 1218 1828 esset,

100 1851 165 1881 aut
192 1847 379 1882 voluntate
408 1847 443 1882 in
472 1848 670 1883 amicitiam
698 1849 869 1884 venisset:
901 1848 1134 1896 Cephallenia
1164 1850 1219 1884 in-

100 1911 180 1946 sula
200 1915 239 1946 ut
262 1915 363 1946 extra
381 1909 444 1956 jus
461 1910 614 1959 foederz's
638 1916 736 1947 esset.
794 1911 890 1947 Haec
906 1925 1133 1960 quamquam
1154 1925 1219 1962 spe

103 1974 269 2023 ipsorum
292 1974 486 2023 aliquanto
506 1974 648 2010 leviora
676 1981 797 2018 erant,
825 1976 1041 2024 petentibus
1058 1975 1217 2019 AEtolis,

103 2047 145 2073 ut
170 2038 217 2073 ad
252 2038 455 2074 concilium
489 2038 686 2081 referrent,
717 2039 939 2089 permissum
972 2047 1039 2075 est.
1096 2039 1219 2075 Parva

98 1524 258 1560 Euboica
277 1526 406 1561 clarent
426 1526 561 1560 talenta
577 1541 589 1568 ,-
619 1536 660 1560 ex
680 1524 805 1573 quibus
831 1526 984 1561 ducenta
1006 1528 1198 1573 prcesentia

104 2101 329 2151 disceptatio
360 2102 405 2137 de
436 2102 589 2138 urbibus
621 2103 765 2138 tenuit:
799 2115 880 2151 quae
901 2116 1016 2151 quum
1043 2102 1217 2153 suijuris

0 2153 1 2217 1
106 2164 309 2213 aliquando
328 2165 502 2209 fuissent,
525 2166 633 2201 avelli
663 2166 762 2202 velut
796 2180 819 2202 a
844 2180 1002 2217 corpore
1031 2180 1099 2202 suo
1120 2181 1218 2216 aegre

0 2219 1 2236 ¹
106 2229 367 2279 patiebantur:
402 2231 448 2267 ad
480 2244 595 2267 unum
626 2238 752 2267 tamen
776 2244 906 2267 omnes
937 2232 1056 2281 accipi
1086 2245 1217 2282 pacem

97 2293 308 2344 jusserunt.
364 2295 653 2332 Ambracienses
685 2309 865 2332 coronam
894 2309 1046 2332 auream
1073 2297 1220 2332 consuli

103 2365 256 2413 centum
272 2365 309 2395 et
325 2361 600 2410 quinquaginta
615 2361 744 2412 pondo
760 2361 943 2397 dederunt
960 2376 966 2398 :
990 2361 1099 2410 sigua
1116 2374 1220 2397 aenea
