<?xml version="1.0" encoding="UTF-8"?>
<!DOCTYPE html PUBLIC "-//W3C//DTD XHTML 1.0 Transitional//EN"
    "http://www.w3.org/TR/xhtml1/DTD/xhtml1-transitional.dtd">
<html xmlns="http://www.w3.org/1999/xhtml" xml:lang="en" lang="en">
 <head>
  <title>
</title>
<meta http-equiv="Content-Type" content="text/html;charset=utf-8" />
  <meta name='ocr-system' content='tesseract 3.04.00' />
  <meta name='ocr-capabilities' content='ocr_page ocr_carea ocr_par ocr_line ocrx_word'/>
</head>
<body>
  <div class='ocr_page' id='page_1' title='image "./historiarumquaes04livyuoft/historiarumquaes04livyuoft_0415.png"; bbox 0 0 1546 2648; ppageno 0'>
   <div class='ocr_carea' id='block_1_1' title="bbox 327 133 1191 179">
    <p class='ocr_par' dir='ltr' id='par_1_1' title="bbox 327 133 1191 179">
     <span class='ocr_line' id='line_1_1' title="bbox 327 133 1191 179; baseline -0.001 -14"><span class='ocrx_word' id='word_1_1' title='bbox 327 136 481 165; x_wconf 70' lang='lat' dir='ltr'><strong>LIBER</strong></span> <span class='ocrx_word' id='word_1_2' title='bbox 505 134 657 164; x_wconf 78' lang='lat' dir='ltr'>xL111.</span> <span class='ocrx_word' id='word_1_3' title='bbox 690 134 796 162; x_wconf 81' lang='lat' dir='ltr'><strong>CAP.</strong></span> <span class='ocrx_word' id='word_1_4' title='bbox 819 133 938 162; x_wconf 77' lang='lat' dir='ltr'><strong>vlu.</strong></span> <span class='ocrx_word' id='word_1_5' title='bbox 1108 135 1191 179; x_wconf 78' lang='lat'><em>405</em></span> 
     </span>
    </p>
   </div>
   <div class='ocr_carea' id='block_1_2' title="bbox 51 223 1192 2316">
    <p class='ocr_par' dir='ltr' id='par_1_2' title="bbox 70 223 1192 1165">
     <span class='ocr_line' id='line_1_2' title="bbox 87 223 1191 263; baseline 0 -2"><span class='ocrx_word' id='word_1_6' title='bbox 87 224 187 261; x_wconf 71' lang='lat' dir='ltr'><em>xime</em></span> <span class='ocrx_word' id='word_1_7' title='bbox 207 224 251 262; x_wconf 83' lang='lat' dir='ltr'><em>L.</em></span> <span class='ocrx_word' id='word_1_8' title='bbox 269 224 497 262; x_wconf 85' lang='lat' dir='ltr'>Hortensius</span> <span class='ocrx_word' id='word_1_9' title='bbox 516 223 669 260; x_wconf 86' lang='lat' dir='ltr'><em>faceret.</em></span> <span class='ocrx_word' id='word_1_10' title='bbox 715 223 1044 263; x_wconf 87' lang='lat' dir='ltr'><strong>Quemadmodum</strong></span> <span class='ocrx_word' id='word_1_11' title='bbox 1063 225 1191 261; x_wconf 85' lang='lat' dir='ltr'><em>omnia</em></span> 
     </span>
     <span class='ocr_line' id='line_1_3' title="bbox 86 288 1190 338; baseline 0.001 -14"><span class='ocrx_word' id='word_1_12' title='bbox 86 288 173 332; x_wconf 84' lang='lat' dir='ltr'><em>sibi,</em></span> <span class='ocrx_word' id='word_1_13' title='bbox 193 290 306 327; x_wconf 86' lang='lat' dir='ltr'><em>etiam</em></span> <span class='ocrx_word' id='word_1_14' title='bbox 327 290 387 332; x_wconf 85' lang='lat' dir='ltr'><em>iis,</em></span> <span class='ocrx_word' id='word_1_15' title='bbox 407 302 489 338; x_wconf 86' lang='lat' dir='ltr'><em>quae</em></span> <span class='ocrx_word' id='word_1_16' title='bbox 506 288 711 338; x_wconf 83' lang='lat' dir='ltr'><em>patiantur,</em></span> <span class='ocrx_word' id='word_1_17' title='bbox 732 288 914 331; x_wconf 84' lang='lat' dir='ltr'>tristiora,</span> <span class='ocrx_word' id='word_1_18' title='bbox 935 288 1111 338; x_wconf 87' lang='lat' dir='ltr'><em>patienda</em></span> <span class='ocrx_word' id='word_1_19' title='bbox 1131 301 1190 325; x_wconf 89' lang='lat' dir='ltr'><em>es-</em></span> 
     </span>
     <span class='ocr_line' id='line_1_4' title="bbox 86 351 1192 403; baseline 0.001 -16"><span class='ocrx_word' id='word_1_20' title='bbox 86 363 126 388; x_wconf 92' lang='lat' dir='ltr'><em>se</em></span> <span class='ocrx_word' id='word_1_21' title='bbox 152 353 290 389; x_wconf 87' lang='lat' dir='ltr'><em>ducant</em></span> <span class='ocrx_word' id='word_1_22' title='bbox 318 352 459 403; x_wconf 64' lang='lat' dir='ltr'><em>potum,</em></span> <span class='ocrx_word' id='word_1_23' title='bbox 480 364 591 400; x_wconf 84' lang='lat' dir='ltr'><em>quam</em></span> <span class='ocrx_word' id='word_1_24' title='bbox 617 363 657 387; x_wconf 87' lang='lat' dir='ltr'><em>se</em></span> <span class='ocrx_word' id='word_1_25' title='bbox 682 351 820 387; x_wconf 81' lang='lat' dir='ltr'>dedant</span> <span class='ocrx_word' id='word_1_26' title='bbox 843 351 961 388; x_wconf 85' lang='lat' dir='ltr'><em>Persi.</em></span> <span class='ocrx_word' id='word_1_27' title='bbox 1020 352 1124 393; x_wconf 83' lang='lat' dir='ltr'><em>Quod</em></span> <span class='ocrx_word' id='word_1_28' title='bbox 1141 353 1192 388; x_wconf 86' lang='lat' dir='ltr'><em>ad</em></span> 
     </span>
     <span class='ocr_line' id='line_1_5' title="bbox 83 414 1191 463; baseline 0 -11"><span class='ocrx_word' id='word_1_29' title='bbox 83 414 293 452; x_wconf 71' lang='lat' dir='ltr'><em>Lucretium</em></span> <span class='ocrx_word' id='word_1_30' title='bbox 310 416 610 463; x_wconf 82' lang='lat' dir='ltr'><em>Hortensiumque</em></span> <span class='ocrx_word' id='word_1_31' title='bbox 627 416 817 457; x_wconf 77' lang='lat' dir='ltr'><strong><em>adtineret,</em></strong></span> <span class='ocrx_word' id='word_1_32' title='bbox 832 416 934 457; x_wconf 85' lang='lat' dir='ltr'><em>scire,</em></span> <span class='ocrx_word' id='word_1_33' title='bbox 956 416 1066 451; x_wconf 77' lang='lat' dir='ltr'><em>tutius</em></span> <span class='ocrx_word' id='word_1_34' title='bbox 1072 415 1191 463; x_wconf 80' lang='lat' dir='ltr'><em>fuisse</em></span> 
     </span>
     <span class='ocr_line' id='line_1_6' title="bbox 81 479 1189 528; baseline 0 -13"><span class='ocrx_word' id='word_1_35' title='bbox 81 479 249 516; x_wconf 85' lang='lat' dir='ltr'><em>claudere</em></span> <span class='ocrx_word' id='word_1_36' title='bbox 265 485 402 528; x_wconf 84' lang='lat' dir='ltr'><em>portas,</em></span> <span class='ocrx_word' id='word_1_37' title='bbox 422 491 530 528; x_wconf 87' lang='lat' dir='ltr'><em>quam</em></span> <span class='ocrx_word' id='word_1_38' title='bbox 549 480 586 515; x_wconf 88' lang='lat' dir='ltr'><em>in</em></span> <span class='ocrx_word' id='word_1_39' title='bbox 605 479 726 515; x_wconf 84' lang='lat' dir='ltr'><em>urbem</em></span> <span class='ocrx_word' id='word_1_40' title='bbox 744 492 802 516; x_wconf 88' lang='lat' dir='ltr'><em>eos</em></span> <span class='ocrx_word' id='word_1_41' title='bbox 818 481 989 528; x_wconf 83' lang='lat' dir='ltr'><em>accipere.</em></span> <span class='ocrx_word' id='word_1_42' title='bbox 1040 479 1111 520; x_wconf 86' lang='lat' dir='ltr'><em>Qui</em></span> <span class='ocrx_word' id='word_1_43' title='bbox 1129 491 1189 515; x_wconf 75' lang='lat' dir='ltr'><em>ex·</em></span> 
     </span>
     <span class='ocr_line' id='line_1_7' title="bbox 79 543 1187 591; baseline -0.002 -11"><span class='ocrx_word' id='word_1_44' title='bbox 79 543 259 580; x_wconf 76' lang='lat' dir='ltr'><em>elusissent</em></span> <span class='ocrx_word' id='word_1_45' title='bbox 292 555 361 586; x_wconf 88' lang='lat' dir='ltr'><em>eos,</em></span> <span class='ocrx_word' id='word_1_46' title='bbox 399 543 622 585; x_wconf 83' lang='lat' dir='ltr'><em>Emathiam,</em></span> <span class='ocrx_word' id='word_1_47' title='bbox 660 543 920 591; x_wconf 80' lang='lat' dir='ltr'><em>Amphipolim,</em></span> <span class='ocrx_word' id='word_1_48' title='bbox 958 543 1187 585; x_wconf 81' lang='lat' dir='ltr'><em>Maroneam,</em></span> 
     </span>
     <span class='ocr_line' id='line_1_8' title="bbox 77 606 1187 655; baseline -0.001 -12"><span class='ocrx_word' id='word_1_49' title='bbox 77 606 233 650; x_wconf 82' lang='lat' dir='ltr'><em>AEnum,</em></span> <span class='ocrx_word' id='word_1_50' title='bbox 263 608 452 643; x_wconf 77' lang='lat' dir='ltr'><em>incolumes</em></span> <span class='ocrx_word' id='word_1_51' title='bbox 478 619 573 643; x_wconf 83' lang='lat' dir='ltr'><em>esse:</em></span> <span class='ocrx_word' id='word_1_52' title='bbox 601 608 700 654; x_wconf 87' lang='lat' dir='ltr'><em>apud</em></span> <span class='ocrx_word' id='word_1_53' title='bbox 722 619 759 642; x_wconf 83' lang='lat' dir='ltr'><em>se</em></span> <span class='ocrx_word' id='word_1_54' title='bbox 784 607 916 655; x_wconf 85' lang='lat' dir='ltr'><em>templa</em></span> <span class='ocrx_word' id='word_1_55' title='bbox 941 606 1099 642; x_wconf 85' lang='lat' dir='ltr'><em>omnibus</em></span> <span class='ocrx_word' id='word_1_56' title='bbox 1126 618 1187 642; x_wconf 88' lang='lat' dir='ltr'><em>or-</em></span> 
     </span>
     <span class='ocr_line' id='line_1_9' title="bbox 75 670 1185 720; baseline -0.001 -13"><span class='ocrx_word' id='word_1_57' title='bbox 75 672 251 707; x_wconf 80' lang='lat' dir='ltr'><em>namentis</em></span> <span class='ocrx_word' id='word_1_58' title='bbox 275 672 492 719; x_wconf 72' lang='lat' dir='ltr'><em>compilata3</em></span> <span class='ocrx_word' id='word_1_59' title='bbox 520 671 746 720; x_wconf 81' lang='lat' dir='ltr'><em>spoliataque</em></span> <span class='ocrx_word' id='word_1_60' title='bbox 768 671 963 720; x_wconf 80' lang='lat' dir='ltr'><em>sacrilegiis</em></span> <span class='ocrx_word' id='word_1_61' title='bbox 991 670 1030 706; x_wconf 91' lang='lat' dir='ltr'><em>C.</em></span> <span class='ocrx_word' id='word_1_62' title='bbox 1050 670 1185 707; x_wconf 86' lang='lat' dir='ltr'><em>Lucre-</em></span> 
     </span>
     <span class='ocr_line' id='line_1_10' title="bbox 77 734 1185 783; baseline 0 -13"><span class='ocrx_word' id='word_1_63' title='bbox 77 734 166 770; x_wconf 84' lang='lat' dir='ltr'><em>tium</em></span> <span class='ocrx_word' id='word_1_64' title='bbox 185 735 332 771; x_wconf 85' lang='lat' dir='ltr'><em>navibus</em></span> <span class='ocrx_word' id='word_1_65' title='bbox 349 736 500 770; x_wconf 80' lang='lat' dir='ltr'><em>Antium</em></span> <span class='ocrx_word' id='word_1_66' title='bbox 519 735 705 777; x_wconf 72' lang='lat' dir='ltr'><em>devexisse,</em></span> <span class='ocrx_word' id='word_1_67' title='bbox 724 735 835 770; x_wconf 83' lang='lat' dir='ltr'><em>libera-</em></span> <span class='ocrx_word' id='word_1_68' title='bbox 854 746 1004 783; x_wconf 88' lang='lat' dir='ltr'><em>corpora</em></span> <span class='ocrx_word' id='word_1_69' title='bbox 1023 735 1059 770; x_wconf 79' lang='lat' dir='ltr'><em>in</em></span> <span class='ocrx_word' id='word_1_70' title='bbox 1074 735 1185 770; x_wconf 76' lang='lat' dir='ltr'><em>servi-</em></span> 
     </span>
     <span class='ocr_line' id='line_1_11' title="bbox 75 797 1183 846; baseline 0 -13"><span class='ocrx_word' id='word_1_71' title='bbox 75 801 186 833; x_wconf 80' lang='lat' dir='ltr'><em>tutem</em></span> <span class='ocrx_word' id='word_1_72' title='bbox 203 798 363 845; x_wconf 85' lang='lat' dir='ltr'><em>abrepta,</em></span> <span class='ocrx_word' id='word_1_73' title='bbox 369 797 546 846; x_wconf 80' lang='lat' dir='ltr'><em>fortunas</em></span> <span class='ocrx_word' id='word_1_74' title='bbox 559 799 733 834; x_wconf 85' lang='lat' dir='ltr'><em>sociorum</em></span> <span class='ocrx_word' id='word_1_75' title='bbox 747 799 874 846; x_wconf 85' lang='lat' dir='ltr'><em>populi</em></span> <span class='ocrx_word' id='word_1_76' title='bbox 889 798 1046 833; x_wconf 83' lang='lat' dir='ltr'><em>Romani</em></span> <span class='ocrx_word' id='word_1_77' title='bbox 1061 798 1183 846; x_wconf 79' lang='lat' dir='ltr'><em>direp-</em></span> 
     </span>
     <span class='ocr_line' id='line_1_12' title="bbox 75 861 1182 910; baseline 0.001 -13"><span class='ocrx_word' id='word_1_78' title='bbox 75 865 129 897; x_wconf 82' lang='lat' dir='ltr'><em>tas</em></span> <span class='ocrx_word' id='word_1_79' title='bbox 145 873 227 904; x_wconf 87' lang='lat' dir='ltr'><em>esse,</em></span> <span class='ocrx_word' id='word_1_80' title='bbox 249 866 283 897; x_wconf 89' lang='lat' dir='ltr'><em>et</em></span> <span class='ocrx_word' id='word_1_81' title='bbox 302 862 460 910; x_wconf 82' lang='lat' dir='ltr'><em>quotidie</em></span> <span class='ocrx_word' id='word_1_82' title='bbox 478 863 600 910; x_wconf 80' lang='lat' dir='ltr'><em>diripi.</em></span> <span class='ocrx_word' id='word_1_83' title='bbox 659 863 770 905; x_wconf 84' lang='lat' dir='ltr'><em>Nam,</em></span> <span class='ocrx_word' id='word_1_84' title='bbox 791 874 833 898; x_wconf 77' lang='lat' dir='ltr'><em>ex</em></span> <span class='ocrx_word' id='word_1_85' title='bbox 857 864 1021 898; x_wconf 80' lang='lat' dir='ltr'><em>instituto</em></span> <span class='ocrx_word' id='word_1_86' title='bbox 1046 861 1083 898; x_wconf 88' lang='lat' dir='ltr'><em>C.</em></span> <span class='ocrx_word' id='word_1_87' title='bbox 1104 861 1182 898; x_wconf 85' lang='lat' dir='ltr'><em>Lu-</em></span> 
     </span>
     <span class='ocr_line' id='line_1_13' title="bbox 73 926 1183 974; baseline -0.001 -13"><span class='ocrx_word' id='word_1_88' title='bbox 73 927 187 968; x_wconf 87' lang='lat' dir='ltr'><em>cretii,</em></span> <span class='ocrx_word' id='word_1_89' title='bbox 207 926 439 962; x_wconf 80' lang='lat' dir='ltr'><em>Hortensium</em></span> <span class='ocrx_word' id='word_1_90' title='bbox 458 938 595 974; x_wconf 82' lang='lat' dir='ltr'><em>quoque</em></span> <span class='ocrx_word' id='word_1_91' title='bbox 613 927 651 961; x_wconf 81' lang='lat' dir='ltr'><em>in</em></span> <span class='ocrx_word' id='word_1_92' title='bbox 672 928 770 962; x_wconf 81' lang='lat' dir='ltr'><em>tectis</em></span> <span class='ocrx_word' id='word_1_93' title='bbox 792 926 905 961; x_wconf 79' lang='lat' dir='ltr'><em>hieme</em></span> <span class='ocrx_word' id='word_1_94' title='bbox 919 927 1059 974; x_wconf 78' lang='lat' dir='ltr'><em>pariter</em></span> <span class='ocrx_word' id='word_1_95' title='bbox 1077 930 1183 973; x_wconf 79' lang='lat' dir='ltr'><em>atque</em></span> 
     </span>
     <span class='ocr_line' id='line_1_14' title="bbox 72 989 1181 1036; baseline -0.001 -12"><span class='ocrx_word' id='word_1_96' title='bbox 72 993 193 1025; x_wconf 81' lang='lat' dir='ltr'><em>aestate</em></span> <span class='ocrx_word' id='word_1_97' title='bbox 207 990 351 1025; x_wconf 83' lang='lat' dir='ltr'><em>navales</em></span> <span class='ocrx_word' id='word_1_98' title='bbox 364 991 475 1026; x_wconf 80' lang='lat' dir='ltr'><em>socios</em></span> <span class='ocrx_word' id='word_1_99' title='bbox 490 989 630 1032; x_wconf 78' lang='lat' dir='ltr'><em>habere,</em></span> <span class='ocrx_word' id='word_1_100' title='bbox 648 994 683 1025; x_wconf 84' lang='lat' dir='ltr'><em>et</em></span> <span class='ocrx_word' id='word_1_101' title='bbox 698 991 818 1025; x_wconf 80' lang='lat' dir='ltr'><em>domos</em></span> <span class='ocrx_word' id='word_1_102' title='bbox 832 1000 914 1025; x_wconf 83' lang='lat' dir='ltr'><em>suas</em></span> <span class='ocrx_word' id='word_1_103' title='bbox 931 989 1058 1036; x_wconf 78' lang='lat' dir='ltr'><em>plenas</em></span> <span class='ocrx_word' id='word_1_104' title='bbox 1078 989 1181 1024; x_wconf 81' lang='lat' dir='ltr'><em>turba</em></span> 
     </span>
     <span class='ocr_line' id='line_1_15' title="bbox 70 1052 1177 1100; baseline 0 -13"><span class='ocrx_word' id='word_1_105' title='bbox 70 1053 218 1088; x_wconf 81' lang='lat' dir='ltr'><em>nautica</em></span> <span class='ocrx_word' id='word_1_106' title='bbox 236 1064 307 1088; x_wconf 83' lang='lat' dir='ltr'><em>esse</em></span> <span class='ocrx_word' id='word_1_107' title='bbox 314 1070 327 1096; x_wconf 86' lang='lat'><em>,·</em></span> <span class='ocrx_word' id='word_1_108' title='bbox 345 1054 480 1088; x_wconf 80' lang='lat' dir='ltr'><em>versari</em></span> <span class='ocrx_word' id='word_1_109' title='bbox 498 1055 591 1089; x_wconf 82' lang='lat' dir='ltr'><em>inter</em></span> <span class='ocrx_word' id='word_1_110' title='bbox 609 1065 658 1096; x_wconf 83' lang='lat' dir='ltr'><em>se,</em></span> <span class='ocrx_word' id='word_1_111' title='bbox 680 1052 855 1100; x_wconf 83' lang='lat' dir='ltr'><em>conjuges,</em></span> <span class='ocrx_word' id='word_1_112' title='bbox 877 1052 1068 1100; x_wconf 81' lang='lat' dir='ltr'><em>liberosque</em></span> <span class='ocrx_word' id='word_1_113' title='bbox 1084 1064 1177 1094; x_wconf 80' lang='lat' dir='ltr'><em>suos,</em></span> 
     </span>
     <span class='ocr_line' id='line_1_16' title="bbox 71 1116 970 1165; baseline 0.002 -14"><span class='ocrx_word' id='word_1_114' title='bbox 71 1116 193 1163; x_wconf 85' lang='lat' dir='ltr'><em>quibus</em></span> <span class='ocrx_word' id='word_1_115' title='bbox 212 1117 303 1152; x_wconf 82' lang='lat' dir='ltr'><em>nihil</em></span> <span class='ocrx_word' id='word_1_116' title='bbox 320 1129 430 1164; x_wconf 82' lang='lat' dir='ltr'><em>neque</em></span> <span class='ocrx_word' id='word_1_117' title='bbox 449 1118 563 1153; x_wconf 83' lang='lat' dir='ltr'><em>dicere</em></span> <span class='ocrx_word' id='word_1_118' title='bbox 580 1119 690 1165; x_wconf 80' lang='lat' dir='ltr'><em>pensi,</em></span> <span class='ocrx_word' id='word_1_119' title='bbox 711 1129 820 1165; x_wconf 79' lang='lat' dir='ltr'><em>neque</em></span> <span class='ocrx_word' id='word_1_120' title='bbox 828 1117 970 1165; x_wconf 80' lang='lat' dir='ltr'><em>facere.</em></span> 
     </span>
    </p>

    <p class='ocr_par' dir='ltr' id='par_1_3' title="bbox 51 1179 1178 2316">
     <span class='ocr_line' id='line_1_17' title="bbox 122 1179 1176 1229; baseline -0.001 -14"><span class='ocrx_word' id='word_1_121' title='bbox 122 1179 235 1216; x_wconf 88' lang='lat' dir='ltr'><strong>VIII.</strong></span> <span class='ocrx_word' id='word_1_122' title='bbox 254 1181 454 1217; x_wconf 83' lang='lat' dir='ltr'><em>Arcessere</em></span> <span class='ocrx_word' id='word_1_123' title='bbox 473 1181 511 1217; x_wconf 81' lang='lat' dir='ltr'><em>in</em></span> <span class='ocrx_word' id='word_1_124' title='bbox 532 1189 703 1217; x_wconf 82' lang='lat' dir='ltr'><em>senatum</em></span> <span class='ocrx_word' id='word_1_125' title='bbox 719 1181 942 1217; x_wconf 85' lang='lat' dir='ltr'><em>Lucretium</em></span> <span class='ocrx_word' id='word_1_126' title='bbox 962 1179 1116 1229; x_wconf 74' lang='lat' dir='ltr'><em>placuit,</em></span> <span class='ocrx_word' id='word_1_127' title='bbox 1136 1189 1176 1215; x_wconf 85' lang='lat' dir='ltr'><em>ut</em></span> 
     </span>
     <span class='ocr_line' id='line_1_18' title="bbox 70 1241 1176 1294; baseline -0.001 -15"><span class='ocrx_word' id='word_1_128' title='bbox 70 1241 296 1293; x_wconf 85' lang='lat' dir='ltr'><em>disceptaret</em></span> <span class='ocrx_word' id='word_1_129' title='bbox 315 1256 456 1287; x_wconf 85' lang='lat' dir='ltr'><em>coram,</em></span> <span class='ocrx_word' id='word_1_130' title='bbox 477 1252 730 1294; x_wconf 82' lang='lat' dir='ltr'><em>purgaretque</em></span> <span class='ocrx_word' id='word_1_131' title='bbox 750 1256 842 1281; x_wconf 83' lang='lat' dir='ltr'><em>sese.</em></span> <span class='ocrx_word' id='word_1_132' title='bbox 884 1244 1059 1280; x_wconf 78' lang='lat' dir='ltr'><em>Ceterum</em></span> <span class='ocrx_word' id='word_1_133' title='bbox 1082 1242 1176 1278; x_wconf 88' lang='lat' dir='ltr'><em>mul—</em></span> 
     </span>
     <span class='ocr_line' id='line_1_19' title="bbox 69 1305 1178 1358; baseline 0 -17"><span class='ocrx_word' id='word_1_134' title='bbox 69 1311 110 1341; x_wconf 88' lang='lat' dir='ltr'><em>to</em></span> <span class='ocrx_word' id='word_1_135' title='bbox 138 1306 246 1355; x_wconf 88' lang='lat' dir='ltr'><em>plura</em></span> <span class='ocrx_word' id='word_1_136' title='bbox 273 1320 434 1358; x_wconf 82' lang='lat' dir='ltr'><em>praesens</em></span> <span class='ocrx_word' id='word_1_137' title='bbox 465 1309 622 1350; x_wconf 79' lang='lat' dir='ltr'><em>audivit,</em></span> <span class='ocrx_word' id='word_1_138' title='bbox 644 1321 754 1357; x_wconf 85' lang='lat' dir='ltr'><em>quam</em></span> <span class='ocrx_word' id='word_1_139' title='bbox 786 1310 823 1343; x_wconf 88' lang='lat' dir='ltr'><em>in</em></span> <span class='ocrx_word' id='word_1_140' title='bbox 854 1307 1047 1344; x_wconf 81' lang='lat' dir='ltr'><em>absentem</em></span> <span class='ocrx_word' id='word_1_141' title='bbox 1070 1305 1178 1356; x_wconf 79' lang='lat' dir='ltr'><em>jacta</em></span> 
     </span>
     <span class='ocr_line' id='line_1_20' title="bbox 69 1373 1174 1422; baseline 0 -17"><span class='ocrx_word' id='word_1_142' title='bbox 69 1376 196 1416; x_wconf 77' lang='lat' dir='ltr'><em>erant3</em></span> <span class='ocrx_word' id='word_1_143' title='bbox 219 1378 255 1407; x_wconf 85' lang='lat' dir='ltr'><em>et</em></span> <span class='ocrx_word' id='word_1_144' title='bbox 275 1373 463 1420; x_wconf 81' lang='lat' dir='ltr'><em>graviores</em></span> <span class='ocrx_word' id='word_1_145' title='bbox 485 1374 793 1422; x_wconf 82' lang='lat' dir='ltr'><em>potentioresque</em></span> <span class='ocrx_word' id='word_1_146' title='bbox 814 1383 1002 1408; x_wconf 82' lang='lat' dir='ltr'><em>accessere</em></span> <span class='ocrx_word' id='word_1_147' title='bbox 1022 1383 1174 1406; x_wconf 70' lang='lat' dir='ltr'><em>accusa-</em></span> 
     </span>
     <span class='ocr_line' id='line_1_21' title="bbox 69 1434 1175 1487; baseline 0 -17"><span class='ocrx_word' id='word_1_148' title='bbox 69 1440 169 1470; x_wconf 86' lang='lat' dir='ltr'><em>tores</em></span> <span class='ocrx_word' id='word_1_149' title='bbox 199 1434 273 1471; x_wconf 88' lang='lat' dir='ltr'><em>duo</em></span> <span class='ocrx_word' id='word_1_150' title='bbox 303 1435 445 1472; x_wconf 82' lang='lat' dir='ltr'><em>tribuni</em></span> <span class='ocrx_word' id='word_1_151' title='bbox 478 1436 612 1487; x_wconf 82' lang='lat' dir='ltr'><em>plebis,</em></span> <span class='ocrx_word' id='word_1_152' title='bbox 641 1436 711 1473; x_wconf 86' lang='grc' dir='ltr'><em>Μ’.</em></span> <span class='ocrx_word' id='word_1_153' title='bbox 731 1436 930 1472; x_wconf 62' lang='lat' dir='ltr'><em>,Iuventius</em></span> <span class='ocrx_word' id='word_1_154' title='bbox 959 1434 1109 1470; x_wconf 85' lang='lat' dir='ltr'><em>Thalna</em></span> <span class='ocrx_word' id='word_1_155' title='bbox 1137 1441 1175 1470; x_wconf 85' lang='lat' dir='ltr'><em>et</em></span> 
     </span>
     <span class='ocr_line' id='line_1_22' title="bbox 68 1498 1172 1537; baseline 0 -3"><span class='ocrx_word' id='word_1_156' title='bbox 68 1498 138 1534; x_wconf 89' lang='lat' dir='ltr'><em>Cn.</em></span> <span class='ocrx_word' id='word_1_157' title='bbox 158 1499 342 1536; x_wconf 83' lang='lat' dir='ltr'><em>Aufidius.</em></span> <span class='ocrx_word' id='word_1_158' title='bbox 385 1500 419 1535; x_wconf 90' lang='lat' dir='ltr'><em>li</em></span> <span class='ocrx_word' id='word_1_159' title='bbox 448 1513 524 1536; x_wconf 89' lang='lat' dir='ltr'><em>non</em></span> <span class='ocrx_word' id='word_1_160' title='bbox 554 1502 593 1536; x_wconf 88' lang='lat' dir='ltr'><em>in</em></span> <span class='ocrx_word' id='word_1_161' title='bbox 623 1508 754 1537; x_wconf 86' lang='lat' dir='ltr'><em>senatu</em></span> <span class='ocrx_word' id='word_1_162' title='bbox 784 1500 897 1536; x_wconf 89' lang='lat' dir='ltr'><em>modo</em></span> <span class='ocrx_word' id='word_1_163' title='bbox 927 1512 1012 1535; x_wconf 87' lang='lat' dir='ltr'><em>eum</em></span> <span class='ocrx_word' id='word_1_164' title='bbox 1030 1499 1172 1534; x_wconf 83' lang='lat' dir='ltr'><em>lacera—</em></span> 
     </span>
     <span class='ocr_line' id='line_1_23' title="bbox 67 1562 1172 1614; baseline 0 -16"><span class='ocrx_word' id='word_1_165' title='bbox 67 1568 169 1605; x_wconf 86' lang='lat' dir='ltr'><em>runt,</em></span> <span class='ocrx_word' id='word_1_166' title='bbox 190 1563 254 1599; x_wconf 87' lang='lat' dir='ltr'><em>sed</em></span> <span class='ocrx_word' id='word_1_167' title='bbox 280 1564 319 1599; x_wconf 87' lang='lat' dir='ltr'><em>in</em></span> <span class='ocrx_word' id='word_1_168' title='bbox 344 1564 568 1600; x_wconf 81' lang='lat' dir='ltr'><em>concionem</em></span> <span class='ocrx_word' id='word_1_169' title='bbox 594 1565 706 1601; x_wconf 86' lang='lat' dir='ltr'><em>etiam</em></span> <span class='ocrx_word' id='word_1_170' title='bbox 730 1571 934 1614; x_wconf 84' lang='lat' dir='ltr'><em>pertracto,</em></span> <span class='ocrx_word' id='word_1_171' title='bbox 956 1563 1082 1599; x_wconf 81' lang='lat' dir='ltr'><em>multis</em></span> <span class='ocrx_word' id='word_1_172' title='bbox 1103 1562 1172 1599; x_wconf 92' lang='lat' dir='ltr'><em>ob-</em></span> 
     </span>
     <span class='ocr_line' id='line_1_24' title="bbox 57 1624 1169 1676; baseline 0 -15"><span class='ocrx_word' id='word_1_173' title='bbox 57 1624 172 1675; x_wconf 85' lang='lat' dir='ltr'><em>jectis</em></span> <span class='ocrx_word' id='word_1_174' title='bbox 198 1626 360 1675; x_wconf 83' lang='lat' dir='ltr'><em>probriS,</em></span> <span class='ocrx_word' id='word_1_175' title='bbox 382 1627 479 1662; x_wconf 84' lang='lat' dir='ltr'><em>diem</em></span> <span class='ocrx_word' id='word_1_176' title='bbox 507 1627 694 1664; x_wconf 76' lang='lat' dir='ltr'><em>dixerunt.</em></span> <span class='ocrx_word' id='word_1_177' title='bbox 751 1625 1035 1676; x_wconf 83' lang='lat' dir='ltr'><em>Senatusjussu</em></span> <span class='ocrx_word' id='word_1_178' title='bbox 1055 1625 1169 1661; x_wconf 87' lang='lat' dir='ltr'><em>Chal-</em></span> 
     </span>
     <span class='ocr_line' id='line_1_25' title="bbox 63 1689 1171 1740; baseline 0 -15"><span class='ocrx_word' id='word_1_179' title='bbox 63 1689 273 1725; x_wconf 85' lang='lat' dir='ltr'><em>cidensibus</em></span> <span class='ocrx_word' id='word_1_180' title='bbox 303 1689 352 1728; x_wconf 86' lang='lat' dir='ltr'><em>Q.</em></span> <span class='ocrx_word' id='word_1_181' title='bbox 370 1689 535 1726; x_wconf 83' lang='lat' dir='ltr'><em>Maenius</em></span> <span class='ocrx_word' id='word_1_182' title='bbox 564 1696 705 1740; x_wconf 62' lang='lat' dir='ltr'><em>praetor</em></span> <span class='ocrx_word' id='word_1_183' title='bbox 729 1690 947 1740; x_wconf 82' lang='lat' dir='ltr'><em>respondit:</em></span> <span class='ocrx_word' id='word_1_184' title='bbox 981 1690 1069 1730; x_wconf 83' lang='lat' dir='ltr'><em>Quoe</em></span> <span class='ocrx_word' id='word_1_185' title='bbox 1087 1689 1171 1725; x_wconf 82' lang='lat' dir='ltr'><em>bene</em></span> 
     </span>
     <span class='ocr_line' id='line_1_26' title="bbox 60 1754 1169 1803; baseline 0 -14"><span class='ocrx_word' id='word_1_186' title='bbox 60 1755 203 1790; x_wconf 68' lang='lat' dir='ltr'><em>meritos</em></span> <span class='ocrx_word' id='word_1_187' title='bbox 228 1766 312 1796; x_wconf 83' lang='lat' dir='ltr'><em>sese,</em></span> <span class='ocrx_word' id='word_1_188' title='bbox 334 1759 368 1790; x_wconf 80' lang='lat' dir='ltr'><em>et</em></span> <span class='ocrx_word' id='word_1_189' title='bbox 391 1760 487 1797; x_wconf 82' lang='lat' dir='ltr'><em>ante,</em></span> <span class='ocrx_word' id='word_1_190' title='bbox 508 1759 543 1790; x_wconf 83' lang='lat' dir='ltr'><em>et</em></span> <span class='ocrx_word' id='word_1_191' title='bbox 569 1757 604 1791; x_wconf 77' lang='lat' dir='ltr'><em>in</em></span> <span class='ocrx_word' id='word_1_192' title='bbox 633 1767 672 1791; x_wconf 85' lang='lat' dir='ltr'><em>eo</em></span> <span class='ocrx_word' id='word_1_193' title='bbox 702 1755 804 1797; x_wconf 82' lang='lat' dir='ltr'><em>bello,</em></span> <span class='ocrx_word' id='word_1_194' title='bbox 826 1755 920 1803; x_wconf 82' lang='lat' dir='ltr'><em>quod</em></span> <span class='ocrx_word' id='word_1_195' title='bbox 942 1758 1103 1801; x_wconf 80' lang='lat' dir='ltr'><em>geratur,</em></span> <span class='ocrx_word' id='word_1_196' title='bbox 1127 1754 1169 1789; x_wconf 82' lang='lat' dir='ltr'><em>de</em></span> 
     </span>
     <span class='ocr_line' id='line_1_27' title="bbox 58 1817 1167 1867; baseline -0.001 -14"><span class='ocrx_word' id='word_1_197' title='bbox 58 1819 194 1866; x_wconf 77' lang='lat' dir='ltr'><em>populo</em></span> <span class='ocrx_word' id='word_1_198' title='bbox 214 1818 377 1854; x_wconf 88' lang='lat' dir='ltr'><em>Romano</em></span> <span class='ocrx_word' id='word_1_199' title='bbox 397 1820 531 1861; x_wconf 83' lang='lat' dir='ltr'><em>dicant,</em></span> <span class='ocrx_word' id='word_1_200' title='bbox 553 1831 594 1856; x_wconf 83' lang='lat' dir='ltr'><em>ea</em></span> <span class='ocrx_word' id='word_1_201' title='bbox 613 1824 647 1856; x_wconf 84' lang='lat' dir='ltr'><em>et</em></span> <span class='ocrx_word' id='word_1_202' title='bbox 664 1821 753 1855; x_wconf 79' lang='lat' dir='ltr'><em>seire</em></span> <span class='ocrx_word' id='word_1_203' title='bbox 771 1831 855 1855; x_wconf 85' lang='lat' dir='ltr'><em>vera</em></span> <span class='ocrx_word' id='word_1_204' title='bbox 874 1831 931 1855; x_wconf 85' lang='lat' dir='ltr'><em>eos</em></span> <span class='ocrx_word' id='word_1_205' title='bbox 955 1817 1089 1867; x_wconf 67' lang='lat' dir='ltr'><em>referre</em></span> <span class='ocrx_word' id='word_1_206' title='bbox 1114 1830 1167 1853; x_wconf 80' lang='lat' dir='ltr'><em>se-</em></span> 
     </span>
     <span class='ocr_line' id='line_1_28' title="bbox 58 1880 1167 1931; baseline 0 -15"><span class='ocrx_word' id='word_1_207' title='bbox 58 1886 196 1923; x_wconf 81' lang='lat' dir='ltr'><em>natum,</em></span> <span class='ocrx_word' id='word_1_208' title='bbox 216 1887 263 1924; x_wconf 86' lang='lat' dir='ltr'><em>et,</em></span> <span class='ocrx_word' id='word_1_209' title='bbox 283 1883 430 1930; x_wconf 79' lang='lat' dir='ltr'><em>perinde</em></span> <span class='ocrx_word' id='word_1_210' title='bbox 449 1895 491 1918; x_wconf 84' lang='lat' dir='ltr'><em>ac</em></span> <span class='ocrx_word' id='word_1_211' title='bbox 510 1883 672 1926; x_wconf 79' lang='lat' dir='ltr'><em>debeant,</em></span> <span class='ocrx_word' id='word_1_212' title='bbox 690 1888 800 1931; x_wconf 80' lang='lat' dir='ltr'><em>grata</em></span> <span class='ocrx_word' id='word_1_213' title='bbox 819 1894 899 1918; x_wconf 86' lang='lat' dir='ltr'><em>esse.</em></span> <span class='ocrx_word' id='word_1_214' title='bbox 958 1882 1046 1923; x_wconf 80' lang='lat' dir='ltr'><em>Quae</em></span> <span class='ocrx_word' id='word_1_215' title='bbox 1055 1880 1167 1930; x_wconf 82' lang='lat' dir='ltr'><em>facta</em></span> 
     </span>
     <span class='ocr_line' id='line_1_29' title="bbox 57 1945 1164 1995; baseline -0.001 -14"><span class='ocrx_word' id='word_1_216' title='bbox 57 1957 81 1981; x_wconf 83' lang='lat' dir='ltr'><em>a</em></span> <span class='ocrx_word' id='word_1_217' title='bbox 102 1946 140 1982; x_wconf 86' lang='lat' dir='ltr'><em>C.</em></span> <span class='ocrx_word' id='word_1_218' title='bbox 156 1947 339 1990; x_wconf 72' lang='lat' dir='ltr'><em>Lucretio,</em></span> <span class='ocrx_word' id='word_1_219' title='bbox 348 1948 504 1995; x_wconf 83' lang='lat' dir='ltr'><em>fierique</em></span> <span class='ocrx_word' id='word_1_220' title='bbox 522 1948 566 1984; x_wconf 85' lang='lat' dir='ltr'><em>ab</em></span> <span class='ocrx_word' id='word_1_221' title='bbox 585 1948 630 1984; x_wconf 95' lang='lat' dir='ltr'><em>L.</em></span> <span class='ocrx_word' id='word_1_222' title='bbox 649 1948 843 1984; x_wconf 83' lang='lat' dir='ltr'><em>Hortensio</em></span> <span class='ocrx_word' id='word_1_223' title='bbox 859 1946 1069 1995; x_wconf 75' lang='lat' dir='ltr'><em>praetoribus</em></span> <span class='ocrx_word' id='word_1_224' title='bbox 1088 1945 1164 1981; x_wconf 81' lang='lat' dir='ltr'><em>Ro-</em></span> 
     </span>
     <span class='ocr_line' id='line_1_30' title="bbox 57 2009 1162 2061; baseline 0 -16"><span class='ocrx_word' id='word_1_225' title='bbox 57 2012 172 2046; x_wconf 74' lang='lat' dir='ltr'><em>manis</em></span> <span class='ocrx_word' id='word_1_226' title='bbox 199 2017 416 2058; x_wconf 83' lang='lat' dir='ltr'><em>querantur,·</em></span> <span class='ocrx_word' id='word_1_227' title='bbox 446 2024 489 2048; x_wconf 83' lang='lat' dir='ltr'><em>ea</em></span> <span class='ocrx_word' id='word_1_228' title='bbox 516 2023 625 2061; x_wconf 81' lang='lat' dir='ltr'><em>neque</em></span> <span class='ocrx_word' id='word_1_229' title='bbox 643 2010 769 2061; x_wconf 82' lang='lat' dir='ltr'><em>facta,</em></span> <span class='ocrx_word' id='word_1_230' title='bbox 799 2022 909 2058; x_wconf 79' lang='lat' dir='ltr'><em>neque</em></span> <span class='ocrx_word' id='word_1_231' title='bbox 923 2010 1011 2058; x_wconf 84' lang='lat' dir='ltr'><em>fieri</em></span> <span class='ocrx_word' id='word_1_232' title='bbox 1038 2009 1162 2045; x_wconf 79' lang='lat' dir='ltr'><em>volun-</em></span> 
     </span>
     <span class='ocr_line' id='line_1_31' title="bbox 57 2075 1160 2124; baseline 0.002 -17"><span class='ocrx_word' id='word_1_233' title='bbox 57 2077 131 2108; x_wconf 81' lang='lat' dir='ltr'><em>tate</em></span> <span class='ocrx_word' id='word_1_234' title='bbox 160 2079 312 2117; x_wconf 81' lang='lat' dir='ltr'><em>senatus,</em></span> <span class='ocrx_word' id='word_1_235' title='bbox 342 2088 443 2124; x_wconf 83' lang='lat' dir='ltr'><em>quem</em></span> <span class='ocrx_word' id='word_1_236' title='bbox 477 2088 547 2112; x_wconf 83' lang='lat' dir='ltr'><em>non</em></span> <span class='ocrx_word' id='word_1_237' title='bbox 576 2088 678 2124; x_wconf 80' lang='lat' dir='ltr'><em>posse</em></span> <span class='ocrx_word' id='word_1_238' title='bbox 705 2075 940 2112; x_wconf 75' lang='lat' dir='ltr'><em>existimare?</em></span> <span class='ocrx_word' id='word_1_239' title='bbox 967 2075 1029 2121; x_wconf 79' lang='lat' dir='ltr'><em>qui</em></span> <span class='ocrx_word' id='word_1_240' title='bbox 1056 2075 1160 2116; x_wconf 84' lang='lat' dir='ltr'><em>sciat,</em></span> 
     </span>
     <span class='ocr_line' id='line_1_32' title="bbox 55 2137 1159 2188; baseline 0 -16"><span class='ocrx_word' id='word_1_241' title='bbox 55 2137 185 2172; x_wconf 86' lang='lat' dir='ltr'><em>bellum</em></span> <span class='ocrx_word' id='word_1_242' title='bbox 204 2138 319 2180; x_wconf 82' lang='lat' dir='ltr'><em>Persi,</em></span> <span class='ocrx_word' id='word_1_243' title='bbox 340 2144 375 2175; x_wconf 83' lang='lat' dir='ltr'><em>et</em></span> <span class='ocrx_word' id='word_1_244' title='bbox 392 2145 475 2177; x_wconf 82' lang='lat' dir='ltr'><em>ante</em></span> <span class='ocrx_word' id='word_1_245' title='bbox 493 2140 666 2188; x_wconf 73' lang='lat' dir='ltr'><em>Philippo</em></span> <span class='ocrx_word' id='word_1_246' title='bbox 683 2141 783 2188; x_wconf 83' lang='lat' dir='ltr'><em>patri</em></span> <span class='ocrx_word' id='word_1_247' title='bbox 804 2137 890 2185; x_wconf 79' lang='lat' dir='ltr'><em>ejus,</em></span> <span class='ocrx_word' id='word_1_248' title='bbox 911 2138 1070 2174; x_wconf 73' lang='lat' dir='ltr'><em>intulisse</em></span> <span class='ocrx_word' id='word_1_249' title='bbox 1090 2148 1159 2185; x_wconf 81' lang='lat' dir='ltr'><em>po·</em></span> 
     </span>
     <span class='ocr_line' id='line_1_33' title="bbox 53 2200 1159 2250; baseline 0.001 -15"><span class='ocrx_word' id='word_1_250' title='bbox 53 2201 180 2249; x_wconf 88' lang='lat' dir='ltr'><em>pulum</em></span> <span class='ocrx_word' id='word_1_251' title='bbox 210 2200 412 2238; x_wconf 88' lang='lat' dir='ltr'><em>Romanum</em></span> <span class='ocrx_word' id='word_1_252' title='bbox 436 2216 503 2250; x_wconf 85' lang='lat' dir='ltr'><em>pro</em></span> <span class='ocrx_word' id='word_1_253' title='bbox 532 2204 694 2240; x_wconf 80' lang='lat' dir='ltr'><em>libertate</em></span> <span class='ocrx_word' id='word_1_254' title='bbox 728 2203 897 2239; x_wconf 77' lang='lat' dir='ltr'><em>Graeciae:</em></span> <span class='ocrx_word' id='word_1_255' title='bbox 923 2212 992 2237; x_wconf 81' lang='lat' dir='ltr'><em>non</em></span> <span class='ocrx_word' id='word_1_256' title='bbox 1014 2205 1054 2237; x_wconf 82' lang='lat' dir='ltr'><em>ut</em></span> <span class='ocrx_word' id='word_1_257' title='bbox 1076 2212 1118 2241; x_wconf 82' lang='lat' dir='ltr'><em>ea</em></span> <span class='ocrx_word' id='word_1_258' title='bbox 1136 2212 1159 2236; x_wconf 87' lang='lat' dir='ltr'><em>a</em></span> 
     </span>
     <span class='ocr_line' id='line_1_34' title="bbox 51 2263 1158 2316; baseline -0.001 -16"><span class='ocrx_word' id='word_1_259' title='bbox 51 2264 313 2313; x_wconf 76' lang='lat' dir='ltr'><em>magistratibus</em></span> <span class='ocrx_word' id='word_1_260' title='bbox 329 2266 430 2302; x_wconf 80' lang='lat' dir='ltr'><em>sociis</em></span> <span class='ocrx_word' id='word_1_261' title='bbox 453 2270 559 2316; x_wconf 84' lang='lat' dir='ltr'><em>atque</em></span> <span class='ocrx_word' id='word_1_262' title='bbox 583 2267 709 2303; x_wconf 73' lang='lat' dir='ltr'><em>amicis</em></span> <span class='ocrx_word' id='word_1_263' title='bbox 734 2268 956 2315; x_wconf 77' lang='lat' dir='ltr'><em>paterentur.</em></span> <span class='ocrx_word' id='word_1_264' title='bbox 1013 2263 1158 2302; x_wconf 64' lang='lat' dir='ltr'><em>Laeros</em></span> 
     </span>
    </p>
   </div>
   <div class='ocr_carea' id='block_1_3' title="bbox 1202 224 1385 302">
    <p class='ocr_par' dir='ltr' id='par_1_4' title="bbox 1202 224 1385 302">
     <span class='ocr_line' id='line_1_35' title="bbox 1203 224 1384 256; baseline 0 -1"><span class='ocrx_word' id='word_1_265' title='bbox 1203 225 1246 256; x_wconf 92' lang='lat' dir='ltr'><em>U.</em></span> <span class='ocrx_word' id='word_1_266' title='bbox 1257 224 1295 255; x_wconf 90' lang='lat' dir='ltr'><em>C.</em></span> <span class='ocrx_word' id='word_1_267' title='bbox 1310 230 1384 255; x_wconf 68' lang='lat'><em>582,</em></span> 
     </span>
     <span class='ocr_line' id='line_1_36' title="bbox 1202 266 1385 302; baseline -0.011 -3"><span class='ocrx_word' id='word_1_268' title='bbox 1202 269 1241 300; x_wconf 81' lang='lat' dir='ltr'><em>A.</em></span> <span class='ocrx_word' id='word_1_269' title='bbox 1255 266 1293 300; x_wconf 88' lang='lat' dir='ltr'><em>C.</em></span> <span class='ocrx_word' id='word_1_270' title='bbox 1311 272 1385 302; x_wconf 87' lang='lat'>170.</span> 
     </span>
    </p>
   </div>
   <div class='ocr_carea' id='block_1_4' title="bbox 1183 1634 1382 1720">
    <p class='ocr_par' dir='ltr' id='par_1_5' title="bbox 1183 1634 1382 1720">
     <span class='ocr_line' id='line_1_37' title="bbox 1184 1634 1319 1668; baseline 0.022 -3"><span class='ocrx_word' id='word_1_271' title='bbox 1184 1634 1319 1668; x_wconf 71' lang='lat' dir='ltr'><em>Senatus</em></span> 
     </span>
     <span class='ocr_line' id='line_1_38' title="bbox 1183 1689 1382 1720; baseline 0.005 -11"><span class='ocrx_word' id='word_1_272' title='bbox 1183 1689 1382 1720; x_wconf 83' lang='lat' dir='ltr'><em>responsum.</em></span> 
     </span>
    </p>
   </div>
  </div>
 </body>
</html>
