1546 2648
143 258 185 288 U.
200 256 235 288 C.
248 265 321 290 582.

141 301 181 331 Α.
195 299 232 331 C.
248 307 321 337 170.

329 184 414 235 408
784 193 830 223 τ.
852 194 985 224 mvn

334 299 401 338 per
419 297 527 336 agros
548 285 658 322 saluti
679 285 828 332 fuisset)
850 287 897 322 ad
916 285 1155 336 Lychnidum
1179 287 1352 337 protinus
1377 299 1434 324 re-

331 351 466 401 liquias
486 350 600 388 cladis
621 350 780 388 reduxit.

385 414 458 452 XI.
489 415 584 452 Haec
616 422 653 451 et
685 416 772 459 alia,
801 416 902 453 haud
929 429 1108 467 prospere
1136 417 1175 453 in
1203 416 1436 454 Macedonia

331 485 452 528 gesta,
472 491 518 516 ex
538 479 623 516 Sex‘.
644 479 792 529 Digitio
811 480 966 517 tribuno
985 480 1159 523 militum,
1180 482 1244 531 qui
1262 480 1436 517 sacrificii

329 555 462 580 caussa
480 543 646 579 Romam
665 550 832 588 venerat,
853 550 943 581 sunt
967 546 1108 582 audita.
1163 546 1326 597 Propter
1351 556 1435 595 quae

329 608 437 643 veriti
469 607 614 650 Patres,
635 620 683 643 ne
708 621 791 656 quae
819 608 941 658 major
959 609 1170 658 ignominia
1187 611 1434 659 acciperetur,

327 669 474 718 legatos
496 671 534 706 in
553 670 835 713 Macedoniam,
852 671 908 707 M.
922 671 1098 708 Fulvium
1113 671 1305 715 Flaccum,
1321 677 1359 707 et
1375 670 1434 709 M.

329 734 532 770 Caninium
561 733 754 777 Rebilum,
784 735 983 779 miserunt,
1013 736 1076 784 qui
1111 740 1318 786 comperta,
1351 747 1437 784 quae

327 804 542 846 agerentur,
563 797 768 834 referrent:
801 805 839 835 et
868 805 910 835 ut
935 800 982 835 A.
1004 798 1193 835 Hostilius
1212 797 1346 836 consul
1370 810 1435 834 co-

326 861 435 896 mitia
454 860 670 896 consulibus
691 861 941 910 subrogandis
963 863 1016 898 ita
1035 862 1211 905 ediceret,
1233 862 1288 898 uti
1305 871 1433 897 mense

324 924 511 961 Januario
540 925 695 961 comitia
723 925 853 961 haberi
883 932 1051 976 possent,
1073 933 1110 962 et
1129 933 1171 961 ut
1195 925 1318 976 primo
1337 937 1432 974 quo-

324 1000 397 1037 que
422 994 593 1038 tempore
619 989 657 1023 in
685 988 812 1024 urbem
841 988 989 1025 rediret.
1047 988 1204 1024 Interim
1222 988 1279 1024 M.
1298 987 1432 1024 Raecio

323 1053 477 1101 praetori
498 1052 731 1094 mandatum,
750 1059 789 1087 ut
809 1052 933 1088 edicto
952 1058 1145 1088 senatores
1161 1064 1291 1087 omnes
1308 1063 1352 1087 ex
1369 1057 1430 1087 to·

323 1121 364 1150 ta
391 1114 500 1150 Italia
523 1115 612 1161 (nisi
639 1116 701 1163 qui
730 1115 946 1165 reipublicae
972 1128 1105 1151 caussa
1132 1114 1324 1159 abessent)
1346 1113 1430 1150 Ro-

323 1190 422 1213 mam
452 1184 656 1214 revocaret.
713 1178 789 1217 Qui
819 1178 954 1214 Romoe
984 1185 1123 1221 essent,
1143 1191 1191 1214 ne
1220 1178 1302 1227 quis
1331 1176 1431 1214 ultra

322 1241 424 1278 mille
456 1254 633 1291 passuum
662 1241 709 1277 ab
738 1241 865 1278 Roma
894 1242 1053 1279 abesset.
1109 1242 1181 1284 Ea,
1205 1242 1256 1277 uti
1278 1249 1429 1277 senatus

322 1306 482 1348 censuit,
503 1312 591 1341 sunt
610 1306 724 1343 facta.
781 1307 949 1343 Comitia
976 1307 1189 1343 consularia
1218 1312 1305 1342 ante
1330 1305 1427 1342 diem

322 1369 492 1417 quintum
523 1369 716 1405 Kalendas
748 1370 987 1419 Septembres
1015 1370 1130 1406 fuere.
1189 1369 1314 1405 Creati
1337 1381 1428 1405 con-

320 1432 417 1468 sules
438 1440 526 1468 sunt
545 1433 593 1471 Q.
613 1432 780 1469 B1a1·cius
810 1433 1005 1483 Philippus
1036 1435 1170 1470 iterum
1192 1440 1229 1469 et
1250 1432 1318 1467 Cn.
1340 1430 1425 1466 Ser-

318 1495 427 1531 vilius
450 1496 602 1545 Caepio:
629 1503 715 1546 post
734 1497 832 1532 diem
852 1498 1006 1532 tertium
1026 1504 1205 1545 praetores
1227 1500 1314 1531 sunt
1334 1494 1424 1530 facti

318 1559 361 1594 C.
383 1558 591 1601 Decimius,
624 1559 680 1595 M.
703 1559 881 1595 Claudius
918 1558 1137 1601 Marcellus,
1173 1558 1215 1593 C.
1238 1557 1423 1607 Sulpicius

318 1622 465 1665 Gallus,
487 1622 529 1659 C.
549 1622 717 1659 Marcius
748 1622 919 1672 FiguluS‚
951 1623 1029 1658 Ser.
1051 1621 1249 1658 Cornelius
1280 1620 1425 1656 Lentu-

317 1686 388 1729 lus,
409 1685 451 1723 P.
465 1685 648 1722 Fonteius
669 1687 819 1737 Capito.
849 1686 1068 1735 Designatis
1086 1684 1309 1735 praetoribus
1328 1696 1424 1733 prae-

317 1756 375 1785 ter
394 1750 485 1785 duas
513 1750 689 1792 urbanam,
710 1756 873 1799 quatuor
899 1750 1101 1800 provinciae
1128 1755 1216 1784 sunt
1240 1748 1395 1784 decretae
1409 1761 1420 1792 3

318 1812 519 1862 Hispania,
541 1820 579 1850 et
598 1814 785 1856 Sardinia,
806 1820 844 1849 et
863 1812 1004 1855 Sicilia,
1027 1818 1064 1848 et
1090 1811 1229 1847 classis.
1285 1809 1422 1858 Legati

316 1889 360 1912 ex
384 1875 626 1919 Macedonia,
648 1884 783 1913 exacto
813 1876 1013 1913 admodum
1043 1886 1170 1910 mense
1198 1872 1420 1916 Februario,

315 1939 518 1976 redierunt.
556 1939 624 1982 Hi,
645 1952 737 1988 quas
758 1951 815 1975 res
835 1951 877 1975 ea
899 1945 1028 1974 testate
1048 1949 1226 1988 prospere
1245 1937 1422 1985 gessisset

317 2016 380 2040 rex
418 2003 590 2046 Perseus,
620 2002 848 2045 referebant,
880 2009 1117 2051 quantusque
1151 2002 1264 2039 timor
1297 2001 1420 2036 socios

313 2066 441 2116 populi
473 2066 640 2102 Romani
669 2067 842 2115 cepisset,
863 2071 923 2101 tot
949 2064 1102 2102 urbibus
1129 2065 1168 2100 in
1193 2069 1421 2114 potestatem

314 2129 409 2177 regis
430 2129 602 2166 redactis,
651 2130 859 2165 Exercitum
879 2130 1031 2165 consulis
1049 2127 1309 2177 infrequentem
1326 2138 1421 2162 com-

311 2192 485 2230 meatibus
501 2194 608 2238 vulgo
628 2193 722 2227 datis
738 2204 804 2240 per
823 2192 1049 2229 ambitionem
1069 2202 1138 2227 esse
1151 2207 1162 2227 :
1187 2191 1330 2238 culpam
1349 2189 1422 2236 ejus

311 2259 364 2295 rei
377 2258 552 2294 consulem
571 2259 606 2293 in
628 2258 784 2293 tribunos
801 2260 971 2298 militum,
993 2262 1119 2292 contra
1140 2257 1220 2292 illos
1239 2256 1276 2290 in
1295 2264 1417 2289 consu·

312 2322 380 2360 lem
409 2319 582 2369 conferre.
639 2321 895 2369 Ignominiam,
918 2320 1062 2358 Claudii
1082 2320 1281 2357 temeritate
1294 2327 1417 2366 accep-
