1546 2648
305 165 462 196 Lmen
487 162 668 196 xxx1x.
701 163 808 195 cAP.
833 165 977 195 xxm.
1121 151 1197 197 181

84 267 212 305 equum
232 260 403 299 tenacem,
419 269 489 292 non
505 261 692 305 parentem
699 254 821 304 frenis
837 255 1072 304 asperioribus
1091 258 1198 293 casti-
1210 251 1254 325 ἕ·
1266 249 1305 325 g·
1320 254 1395 325 323·

83 321 240 368 gandum
261 332 342 357 esse.
399 320 495 356 Haec
516 319 651 357 acerbe
674 319 879 370 postremi:
912 332 1025 368 quum
1055 321 1198 369 priores
1241 317 1250 325 ’
1295 314 1304 323 ’
1385 313 1394 323 ’

83 382 219 420 leniter
233 384 520 434 permulsissent
540 385 632 420 iram
652 384 747 435 ejus,
765 390 951 434 petente8‚
975 384 1025 420 Ut
1042 386 1199 432 ignosce-

83 452 139 484 ret
159 460 229 496 pro
259 448 422 484 libertate
450 449 695 496 loquentibus5
725 454 760 484 et
789 453 842 491 ut,
874 449 1034 496 deposita
1065 450 1202 485 domini

83 512 289 554 acerbitate,
310 513 530 548 adsuesceret
553 514 688 548 socium
714 518 822 561 atque
839 513 993 548 amicum
1012 524 1084 548 sese
1104 525 1200 560 prce-

80 580 177 613 stare
188 593 201 621 ‚·
225 581 260 612 et
285 579 490 613 imitaretur
510 577 687 626 populum
707 577 925 619 Romanum,
946 578 1008 625 qui
1032 579 1200 621 caritate,

83 653 190 689 quam
221 647 333 685 metu,
363 641 558 689 adjungere
584 643 649 678 sibi
675 644 785 678 socios
812 642 951 678 mallet.
1007 641 1200 678 Thessalis

87 704 238 748 auditis,
267 705 459 743 Perrhaebi
483 705 843 755 Gonnocondylum,
874 706 975 755 quod
1001 705 1200 757 Philippus

86 767 350 819 Olympiadem
381 770 649 820 adpellaverat,
680 769 905 806 Per1-haebiae
931 769 1061 812 fuisse,
1093 776 1131 806 et
1159 777 1202 807 ut

87 831 159 868 sibi
179 833 454 876 restitueretur,
471 833 659 882 agebant:
683 840 719 869 et
739 833 785 869 de
800 832 959 869 Malloea
979 840 1016 868 et
1028 833 1201 869 Ericinio

85 896 216 933 eadem
235 897 444 946 postulatio
473 904 564 934 erat.
594 898 828 933 Athamanes
849 896 1064 934 libertatem
1092 910 1201 949 repe·

88 960 234 1004 tebant,
256 967 293 997 et
313 961 467 998 castella
488 962 714 998 Athenaeum
736 968 774 997 et
792 961 1007 997 Poetneum.

139 1025 292 1063 XXVI.
323 1025 535 1076 Philippus,
575 1032 615 1061 ut
648 1026 879 1062 accusatoris
914 1027 1055 1076 potius,
1089 1039 1203 1074 quam

86 1090 154 1133 rei,
175 1091 336 1139 speciem
357 1090 528 1132 haberet,
550 1097 588 1126 et
611 1090 691 1140 ipse
712 1103 733 1127 a
752 1090 912 1139 querelis
933 1103 1055 1134 orsus,
1080 1091 1203 1127 Mene-

87 1155 217 1190 laidem
245 1157 280 1190 in
301 1156 477 1204 Dolopia,
499 1168 574 1203 quoe
597 1158 700 1204 regni
723 1158 777 1193 sui
791 1155 939 1205 fuisset,
967 1156 1149 1192 Thessalos
1167 1157 1204 1192 vi

86 1223 194 1267 atque
213 1221 324 1255 arinis
345 1231 574 1268 expugnasse,
596 1226 749 1269 questus
776 1226 855 1256 est:
888 1221 973 1256 item
995 1221 1144 1256 Petram
1165 1222 1202 1257 in

85 1282 209 1318 Pieria
229 1283 273 1318 ab
294 1284 414 1319 iisdem
442 1283 617 1319 Thessalis
636 1283 903 1332 Perrhcebisque
919 1289 1074 1332 captam.
1121 1284 1202 1333 Xy-

84 1348 164 1383 nias
182 1349 337 1396 quidem,
366 1348 464 1383 haud
494 1348 598 1384 dubie
616 1348 819 1384 AEtolicum
841 1349 1027 1396 oppidum,
1053 1349 1120 1384 sibi
1145 1361 1203 1385 eos

85 1412 311 1449 contribuisse
322 1430 335 1457 ,-
363 1419 397 1450 et
417 1414 699 1456 Paracheloida,
721 1427 799 1463 qua?
822 1415 885 1450 sub
903 1415 1129 1451 Athamania
1148 1427 1201 1452 es-

81 1481 146 1520 set,
177 1477 277 1514 nullo
295 1476 383 1525 jure
417 1478 666 1515 Thessalorum
687 1477 866 1528 formulce
883 1478 1045 1528 factam.
1102 1481 1202 1516 Nam

86 1554 162 1591 quae
179 1543 245 1578 sibi
273 1545 426 1579 crimina
449 1543 676 1590 objiciantur,
698 1545 742 1579 de
768 1545 906 1580 insidiis
932 1545 1147 1591 legatorum,
1168 1549 1203 1580 et

85 1607 277 1642 maritimis
299 1608 471 1655 portubus
485 1606 735 1656 frequentatis
761 1612 826 1643 aut
848 1609 1018 1652 deseras,-
1047 1609 1204 1645 alterum

86 1671 320 1707 deridiculum
338 1683 422 1714 esse,
441 1684 477 1707 se
490 1673 640 1707 reddere
658 1673 847 1714 rationem,
862 1684 948 1720 quos
964 1677 1090 1720 portus
1107 1685 1203 1708 mer·
1248 1661 1254 1666 κ

84 1740 221 1771 catores
234 1741 300 1772 aut
314 1738 452 1773 nautici
462 1741 593 1785 petant
603 1753 616 1780 ,·
636 1737 791 1773 alterum
806 1749 919 1773 mores
932 1749 1010 1773 suos
1025 1748 1202 1786 respuere.

92 1801 159 1837 Tot
176 1813 286 1837 annos
314 1814 397 1845 esse,
418 1815 482 1850 per
503 1815 588 1850 quos
615 1814 810 1850 numquam
839 1804 1049 1838 cessaverint
1076 1803 1202 1851 legati,

0 1867 6 1920 [
83 1877 178 1901 nunc
195 1866 244 1902 ad
269 1868 502 1915 imperatores
523 1866 718 1908 Romanos,
739 1878 832 1902 nunc
852 1866 1007 1902 Romam
1034 1867 1082 1902 ad
1099 1878 1204 1902 sena-

0 1930 8 1980 ζ
88 1934 162 1966 tum
181 1930 331 1966 crimina
356 1931 399 1966 de
421 1942 458 1966 se
477 1929 630 1978 deferre,
653 1941 755 1978 quem
774 1941 943 1977 umquam
969 1930 1072 1965 verbo
1088 1930 1205 1965 viola-

0 1984 3 1991 ’
87 1998 161 2029 turn
179 1996 286 2031 esse?
317 1995 436 2031 Semel
465 1995 514 2030 ad
535 1995 742 2036 Quinctium
770 1995 931 2030 euntibus
959 1995 1108 2030 insidias
1133 1995 1206 2030 dici

74 2056 227 2106 factas.-
253 2060 328 2101 sed,
352 2060 439 2107 quid
467 2060 510 2094 iis
538 2060 723 2100 acciderit,
754 2070 824 2094 non
854 2057 975 2104 adjici.
1035 2059 1205 2099 Quaeren-

88 2124 190 2164 tium,
213 2126 305 2170 quod
311 2124 416 2173 falso
436 2123 617 2170 objiciant,
639 2136 747 2172 quum
766 2125 840 2160 veri
863 2124 954 2160 nihil
974 2123 1141 2166 habeant,
1163 2135 1207 2160 ea

88 2187 240 2222 crimina
265 2199 345 2226 esse.
402 2189 599 2225 Insolenter
624 2193 659 2224 et
684 2189 860 2225 inmodice
889 2188 988 2224 abuti
1023 2187 1208 2224 Thessalos

89 2251 316 2298 indulgentia
334 2254 461 2300 populi
479 2253 650 2296 Romani,
670 2254 769 2289 velut
787 2266 830 2289 ex
849 2254 993 2289 diutina
1012 2254 1074 2288 siti
1098 2253 1208 2288 nimis

87 2316 192 2352 avide
212 2327 346 2355 meram
370 2317 574 2356 haurientes
593 2318 805 2357 libertatem.
864 2318 1005 2367 Itaque,
1025 2328 1207 2354 servorum
