1546 2648
407 145 565 174 mmm
590 142 708 175 ειν.
740 143 849 174 cAr.
873 144 945 174 nr.
1154 135 1240 188 489

117 236 277 287 etfidem
294 236 333 272 in
350 246 442 284 pace
459 238 625 283 expertas
640 245 741 277 esses,
762 246 842 270 cum
859 235 904 270 iis
923 234 987 270 tibi
1006 233 1135 272 bellum
1151 248 1235 280 esse,
1250 247 1292 278 u,
1304 248 1342 279 c,
1359 255 1433 281 534,

117 313 228 351 quam
249 311 390 350 pacem,
412 299 525 335 malle
540 300 562 335 ,9
588 297 673 335 Nec
700 298 971 347 interrogatus,
991 311 1061 336 nec
1080 313 1235 338 accusa·
1246 292 1287 322 A·
1302 292 1339 324 C·
1358 298 1431 324 ²⁶⁸¹

116 372 179 403 tus
198 377 312 415 quum
329 363 593 414 responderet5
624 362 822 411 Utcumque
842 368 963 400 tamen
982 363 1068 408 haec,
1087 366 1160 402 sive
1178 378 1235 402 er-

114 442 197 468 rore
220 430 389 472 humano,
410 441 472 465 seu
500 440 598 472 casu,
617 440 676 465 seu
705 429 916 466 necessitate
935 431 1153 474 inciderunt,
1173 431 1235 468 bo-

115 507 203 533 num
216 496 376 532 animum
397 494 486 530 habe
501 510 513 531 .·
531 494 729 531 multorum
746 506 885 542 regum,
903 495 1124 543 populorum
1143 498 1236 533 casi-

116 561 178 597 bus
209 562 354 609 cognita
371 560 497 609 populi
513 559 672 596 Romani
698 560 888 596 clementia
905 572 976 596 non
1005 562 1110 596 modo
1136 572 1235 609 spem

114 624 193 668 tibi,
213 626 273 661 secl
295 636 412 673 prope
433 629 567 660 certam
573 624 756 672 fiduciam
773 624 916 667 salutis,
936 624 1080 672 praebet.
1136 623 1234 662 Haec

116 688 253 725 Graeco
273 701 447 725 sermone
467 688 608 724 Perseo
626 702 633 724 :
665 687 806 724 Latine
822 687 958 724 deinde
987 688 1079 731 suis,
1100 689 1234 725 Exem-

109 755 215 803 plum
242 755 380 801 insigne
408 754 563 795 cernitis,
585 752 723 801 inquit,
741 753 952 788 mutationis
965 765 1085 789 rerum
1104 753 1234 790 huma-

113 830 256 855 narum.
317 818 419 854 Vobis
438 817 502 853 hoc
517 818 700 866 praecipue
718 818 812 860 dico,
823 815 972 864 juvenes
984 833 995 854 .·
1023 818 1104 854 ideo
1122 820 1160 854 in
1178 830 1234 855 se-

113 883 239 919 cundis
268 881 371 917 rebus
397 880 489 917 nihil
520 882 558 916 in
580 892 796 929 quemquam
822 882 968 929 superbe
991 894 1035 918 ac
1061 883 1235 919 violenter

113 946 294 983 consulere
321 945 434 988 decet,
454 956 519 981 nec
540 947 709 993 praesenti
728 946 870 982 credere
886 945 1055 994 sortunce
1068 963 1082 991 ,·
1112 959 1234 995 quum,

114 1012 201 1060 quid
218 1022 340 1059 vesper
345 1009 465 1059 ferat,
482 1011 657 1047 incertum
675 1011 734 1046 sit.
778 1010 815 1046 Is
834 1011 977 1047 demum
994 1012 1050 1047 vir
1069 1013 1150 1054 erit,
1172 1023 1236 1048 cu-

105 1074 169 1123 jus
197 1077 358 1112 animum
376 1087 438 1110 nec
453 1087 628 1123 prospera
632 1075 736 1125 flatu
764 1086 827 1111 suo
847 1076 982 1124 efferet,
1002 1088 1066 1113 nec
1084 1077 1237 1113 adversa

115 1139 302 1189 infringet.
332 1138 504 1175 Consilio
518 1138 688 1181 dimisso,
702 1138 836 1175 tuendi
853 1151 943 1175 cura
954 1139 1054 1187 regis
1067 1139 1116 1179 Q.
1126 1139 1234 1177 AElio

114 1203 329 1240 mandatur.
384 1202 445 1238 Eo
476 1202 535 1239 die
564 1210 603 1238 et
630 1202 813 1238 invitatus
841 1201 889 1238 ad
915 1202 1111 1239 consulem
1141 1203 1235 1240 Per-

114 1280 214 1312 seuS,
235 1274 274 1304 et
293 1267 387 1304 alius
408 1268 531 1304 omnis
552 1267 586 1304 ei
605 1267 730 1304 honos
748 1265 902 1304 habitus
923 1272 994 1311 est,
1017 1268 1082 1317 qui
1100 1266 1235 1305 haberi

113 1333 153 1370 in
168 1332 236 1369 tan
250 1331 407 1369 fortuna
422 1337 585 1381 poterat.

166 1396 242 1434 IX.
270 1395 472 1432 Exercitus
506 1394 642 1432 deinde
674 1394 714 1430 in
744 1393 906 1432 hiberna
937 1395 1113 1433 dimissus
1147 1400 1227 1433 est:
1245 1411 1349 1453 Regni

112 1462 319 1500 maximam
353 1466 502 1510 partem
539 1459 735 1509 copiarum
771 1458 1031 1510 Amphipolis,
1066 1458 1229 1509 reliquas
1245 1456 1399 1488 Macedo-

111 1526 335 1577 propinquae
353 1523 465 1560 urbes
486 1529 726 1574 acceperunt.
782 1522 860 1560 Hie
880 1522 966 1560 finis
991 1523 1096 1569 belli,
1113 1537 1231 1575 quum

112 1588 404 1640 quadriennium
432 1588 657 1624 continuum
685 1586 870 1624 bellatum
890 1593 1003 1631 esset,
1024 1588 1125 1625 inter
1146 1587 1231 1625 Ro-

111 1666 247 1692 manos
265 1666 309 1690 ac
327 1652 468 1689 Persea
491 1650 566 1688 fuit
583 1666 592 1689 :
623 1651 799 1702 idemque
817 1651 903 1689 finis
923 1651 1045 1696 incliti
1063 1664 1132 1703 per
1149 1652 1232 1691 Eu·
1252 1695 1256 1697 v

110 1733 214 1771 ropae
233 1719 455 1770 plerumque
480 1722 596 1767 atque
614 1716 748 1757 Asiam
767 1729 920 1759 omnem
938 1717 1061 1767 regni.
1116 1716 1231 1756 Vice-

111 1786 248 1822 simum
268 1783 316 1820 ab
337 1783 504 1825 Carano,
525 1781 590 1831 qui
618 1781 762 1831 primus
792 1781 980 1831 regnavit,
1000 1780 1141 1819 Persea
1157 1794 1231 1831 nue

111 1848 322 1886 merebant.
378 1846 553 1890 Perseus,
584 1845 636 1886 Q.
652 1844 804 1890 Fulvio,
824 1844 871 1883 L.
890 1844 1043 1883 Manlio
1062 1846 1241 1896 consuli-v

110 1913 197 1957 bus,
226 1924 386 1961 regnum
411 1910 585 1961 accepit:
617 1923 639 1948 a
658 1916 794 1947 senatu
819 1923 887 1951 rex
916 1916 975 1947 est
1003 1909 1229 1961 adpellatus,

108 1976 168 2014 M.
188 1976 322 2020 Junio,
342 1976 391 2012 A.
409 1973 561 2011 Manlio
580 1973 824 2011 consulibus:
858 1974 1034 2024 regnavit
1055 1974 1232 2026 undecim

112 2054 247 2078 annos.
300 2039 560 2077 Macedonum
580 2038 744 2076 obscura
763 2039 970 2083 admodum
986 2038 1090 2076 fama
1109 2051 1230 2089 usque

113 2104 160 2141 ad
178 2103 397 2155 Philippum
415 2104 592 2154 Amyntae
614 2103 735 2140 filium
752 2102 827 2140 fuit
845 2117 853 2139 ε
885 2103 973 2140 inde
993 2115 1037 2140 ac
1055 2114 1124 2154 per
1142 2114 1231 2140 eum

114 2179 281 2204 crescere
308 2180 423 2216 quum
452 2169 646 2219 coepisset,
671 2167 840 2220 Europae
865 2180 905 2204 se
931 2173 1060 2211 tamen
1088 2166 1229 2205 finibus

114 2233 319 2276 continuit,
340 2231 528 2271 Graeciam
553 2245 706 2271 omnem
725 2240 766 2271 et
791 2238 940 2284 partem
967 2231 1142 2280 Thraciae
1171 2237 1232 2269 at-

113 2309 184 2347 que
204 2295 345 2347 Illyrici
366 2296 552 2349 amplexa.
610 2297 833 2347 Superfudit
858 2296 996 2335 deinde
1018 2307 1059 2351 sle
1079 2296 1124 2348 in
1142 2295 1231 2338 Asis

611 2360 649 2400 Y
669 2362 692 2399 5

1242 1501 1308 1532 uici
1320 1500 1406 1532 finis,
