1546 2648
318 171 398 201 100
456 210 460 216 .
767 171 813 200 τ.
843 171 971 201 mvn

115 264 161 297 U.
178 263 215 295 C.
234 268 306 296 563.
319 259 411 296 fines
426 258 631 308 contingit,
649 271 808 308 quarum
826 260 1095 298 commercium
1111 261 1151 298 in
1166 274 1251 298 eum
1268 262 1431 304 maxime

120 311 164 340 A·
180 307 216 339 Ο·
235 314 306 340 ¹⁸⁹¹
317 323 445 360 locum
463 323 585 360 mutui
603 334 690 358 usus
710 329 934 360 contraxere
949 339 956 360 ε
979 325 1017 360 id
1032 331 1112 361 tum
1132 325 1322 362 desertum
1336 326 1430 374 fuga

127 897 213 929 Galli
229 898 263 928 in

128 947 256 971 montes

126 984 274 1025 confugi-

127 1033 200 1059 unt.

318 386 529 424 incolarum
548 387 743 438 oppidum,
764 386 945 423 refertum
960 387 1060 424 idem
1075 389 1186 439 copia
1203 401 1328 426 rerum
1346 402 1430 425 om-

318 452 439 495 nium,
459 451 696 488 invenerunt.
754 450 814 486 lbi
834 451 973 488 stativa
991 451 1220 490 habentibus
1245 452 1363 502 legati
1382 451 1430 490 ab

319 515 574 566 Eposognato
593 520 790 558 venerunt,
810 515 1048 560 nunciantes,
1066 517 1269 566 profectum
1286 530 1368 554 eum
1386 518 1435 554 ad

319 581 462 628 regulos
493 580 683 615 Gallorum
703 578 793 615 nihil
811 580 903 627 aequi
921 581 1138 628 inpetrasse:
1167 593 1209 617 ex
1225 583 1434 630 campestri-

319 644 382 680 bus
404 645 490 680 vicis
515 644 679 691 agrisque
693 642 906 691 frequentes
925 644 1138 691 demigrare,
1159 650 1194 681 et
1212 658 1292 682 cum
1309 643 1434 691 conju-

316 707 418 755 gibus
436 720 479 744 ac
500 707 632 750 liberis,
651 719 728 754 quae
746 705 854 755 ferre
879 711 987 755 atque
1011 719 1116 755 agere
1139 710 1287 757 possint,
1303 720 1383 756 prae
1399 721 1436 746 se

319 776 464 819 agentes
477 775 733 820 portantesque
754 771 947 819 Olympum
964 775 1122 807 montem
1142 776 1275 820 petere,
1296 777 1338 809 ut
1356 773 1437 810 inde

320 837 432 878 armis
451 836 677 884 locorumque
693 837 765 871 situ
783 847 855 871 sese
874 840 1056 873 tueantur.

374 900 493 937 XIX.
523 900 697 937 Certiora
715 906 850 950 postea
866 899 1173 937 Oroandensium
1190 899 1306 950 legati
1327 901 1435 938 adtu-

321 963 466 1001 lerunt:
494 964 788 1001 Tolistoboiormn
803 965 986 1000 civitatem
1004 965 1195 1013 Olympum
1211 969 1366 1002 montem
1380 977 1437 1007 ce·-

317 1031 412 1078 pisse
423 1046 435 1075 ,-
465 1031 618 1066 diversos
643 1030 852 1076 Tectosagos
871 1030 983 1065 alium
1009 1034 1176 1072 montem,
1197 1031 1258 1078 qui
1278 1030 1438 1078 Magaba

321 1096 478 1138 dicatur,
496 1095 637 1143 petisse.
699 1095 879 1137 Trocmos,
901 1092 1107 1142 conjugibus
1128 1107 1172 1131 ac
1200 1094 1316 1131 liberis
1335 1095 1438 1143 apud

326 1161 536 1208 Tectosagos
567 1160 748 1207 depositis,
782 1163 1006 1195 armatorum
1036 1160 1179 1206 agmine
1215 1159 1438 1196 Tolistoboiis

318 1226 485 1261 statuisse
517 1223 691 1259 auxilium
712 1221 829 1270 ferre.
886 1222 1009 1259 Erant
1038 1229 1166 1259 autem
1198 1229 1290 1260 tunc
1318 1223 1435 1260 trium

320 1287 549 1340 populorum
578 1286 700 1336 reguli
729 1286 934 1336 Ortiagon,
966 1293 1004 1323 et
1033 1286 1366 1331 Combolomarus,
1396 1293 1435 1324 et

322 1351 523 1390 Gaulotus.
580 1351 632 1389 Iis
652 1351 733 1388 haec
752 1351 916 1387 maxime
933 1350 1025 1387 belli
1043 1350 1142 1386 tatio
1161 1351 1333 1388 sumendi
1350 1350 1434 1388 fue-

318 1422 393 1462 rat,
411 1415 526 1465 quod,
545 1427 661 1464 quum
678 1421 828 1451 montes
848 1414 1077 1451 editissimos
1093 1414 1174 1465 ejus
1194 1415 1360 1465 regionis
1376 1422 1435 1453 te-

321 1489 470 1526 nerent,
497 1482 689 1519 convectis
723 1480 914 1525 omnibus,
936 1494 1018 1530 quae
1051 1480 1100 1518 acl
1127 1480 1237 1517 usum
1266 1480 1435 1530 quamvis

321 1547 428 1597 longi
445 1545 628 1597 temporis
648 1545 889 1589 subficerent,
909 1545 1024 1582 taedio
1044 1557 1084 1581 se
1098 1544 1326 1593 fatigaturos
1344 1543 1436 1580 hos-

322 1618 401 1648 tem
420 1609 638 1647 censebant.
694 1609 792 1645 Nam
820 1620 934 1657 neque
959 1620 1106 1645 ausuros
1130 1619 1199 1657 per
1225 1612 1299 1644 tam
1323 1608 1440 1644 ardua

325 1681 434 1725 atque
450 1676 576 1724 iniqua
595 1675 674 1711 loca
691 1673 805 1710 subire
823 1684 900 1710 eos:
919 1677 967 1717 et,
987 1675 1017 1709 si
1032 1677 1258 1715 conarentur,
1277 1673 1336 1708 vel
1350 1684 1439 1720 par-

324 1753 372 1778 va
390 1751 501 1776 manu
518 1737 701 1787 prohiberi
725 1750 768 1773 ac
795 1737 979 1774 deturbari
1000 1749 1125 1785 posse:
1153 1748 1218 1773 nec
1232 1737 1381 1785 quietos,
1401 1737 1440 1772 in

324 1804 504 1841 radicibus
526 1803 727 1851 gelidorum
756 1802 932 1837 montium
959 1802 1130 1844 sedentes,
1139 1799 1267 1849 frigus
1291 1804 1356 1836 aut
1382 1801 1438 1836 in-

327 1870 448 1918 opiam
468 1869 617 1904 laturos.
673 1865 727 1903 Et
746 1878 860 1915 quum
885 1866 968 1915 ipsa
990 1864 1153 1901 altitudo
1178 1863 1350 1901 locorum
1371 1875 1436 1900 eos

326 1939 529 1976 tutaretur,
549 1931 692 1968 fossam
711 1942 862 1980 quoque
881 1935 919 1965 et
939 1928 1014 1965 alia
1033 1929 1269 1966 munimenta
1285 1927 1438 1964 vertici-

325 1998 397 2036 bus
417 1998 477 2040 iis,
498 2009 591 2046 quos
611 1995 841 2037 insederant,
863 1992 1142 2043 circumjacere.
1187 1991 1352 2030 Minima
1371 1991 1438 2030 ad-

327 2067 480 2112 paratus
501 2059 699 2096 missilium
725 2058 888 2095 telorum
913 2069 1004 2093 cura
1025 2056 1111 2099 fuit,
1129 2055 1230 2104 quod
1255 2067 1348 2092 saxa
1373 2055 1440 2092 ad·

327 2126 438 2163 fatim
456 2124 701 2176 praebituram
719 2123 962 2174 asperitatem
981 2122 1102 2172 ipsam
1120 2119 1292 2157 locorum
1311 2119 1440 2158 crede-

327 2189 434 2227 bant.

381 2253 476 2291 XX.
510 2252 668 2295 Consul,
705 2251 793 2301 quia
829 2262 907 2287 non
945 2249 1116 2286 cominus
1153 2260 1336 2299 pugnam,
1372 2247 1440 2287 sed

327 2317 460 2370 procul
483 2316 576 2355 locis
604 2313 884 2368 obpugnandis,
904 2313 1071 2351 futuram
1098 2316 1328 2365 praeceperat
1355 2310 1438 2355 ani·
