1546 2648
356 195 443 236 414
808 197 855 226 τ.
878 197 1013 229 mvn

164 283 206 315 U.
219 284 256 314 C-
270 289 490 332 ⁵8³.gatur:
523 283 611 326 Quae
624 283 770 333 publica
787 287 993 334 vectigalia,
1013 288 1112 324 ultro
1132 287 1267 325 tributa
1288 289 1325 327 C.
1349 290 1458 328 Clau-

161 328 202 360 A'
213 327 250 359 C·
268 333 342 362 ¹⁶9'
353 349 433 385 dius
450 353 487 384 et
510 348 563 385 Ti.
584 349 815 398 Sempronius
834 351 1016 394 locassent,
1037 364 1080 389 ea
1098 357 1181 389 rata
1201 354 1330 390 locatio
1348 367 1392 390 ne
1409 367 1461 391 es-

350 417 404 449 set
416 428 429 449 .·
456 414 500 449 cle
522 414 660 462 integro
686 415 902 459 locarentur,
921 421 957 452 et
975 421 1015 452 ut
1033 417 1193 453 omnibus
1210 418 1408 455 redimendi
1426 424 1461 455 et

351 477 572 514 conducendi
594 479 794 528 promiscue
811 477 876 526 jus
893 484 992 516 esset.
1047 479 1163 517 Diem
1181 480 1228 517 ad
1248 479 1328 532 ejus
1348 494 1462 531 roga-

351 540 496 577 tionem
516 541 679 578 concilio
700 542 874 579 tribunus
894 543 1014 593 plebis
1035 544 1154 581 dixit:
1177 545 1240 594 qui
1260 551 1462 595 postquam

351 606 469 648 venit,
499 611 542 642 ut
575 619 748 643 censores
781 607 829 643 ad
861 608 1152 645 dissuadendum
1182 616 1461 659 processerunt,

352 667 528 705 Graccho
548 669 710 712 dicente,
731 668 922 706 silentium
948 669 1041 707 fuit:
1077 684 1192 721 quum
1212 671 1373 708 Claudio
1392 673 1462 709 ob-

351 737 594 782 streperetur,
615 732 847 769 audientiam
865 733 990 770 facere
1008 746 1222 784 praeconem
1235 734 1365 785 jussit.
1400 735 1462 772 Eo

154 796 320 846 Tribunus
349 794 468 839 facto,
486 801 683 832 avocatam
703 809 726 832 a
745 808 785 832 se
803 797 1028 834 concionem
1047 797 1222 835 tribunus
1239 806 1407 848 questus,
1424 806 1464 835 et

155 839 294 914 fflgfflsiis
349 859 389 896 in
416 860 587 896 ordinem
613 872 652 897 se
677 866 866 904 coactum,
887 874 935 898 ex
955 861 1163 912 Capitolio,
1184 862 1249 899 ubi
1269 869 1350 899 erat
1369 875 1462 899 con-

155 924 241 957 dicit.
349 923 493 967 cilium,
514 923 620 961 abiit.
676 923 838 961 Postero
864 924 924 962 die
948 925 1123 974 ingentes
1145 925 1329 962 tumultus
1351 926 1462 962 ciere.

347 988 410 1027 Ti.
423 988 588 1025 Gracchi
606 989 770 1040 primum
785 989 890 1026 bona
904 991 1154 1034 consecravit,
1171 990 1273 1040 quod
1288 991 1326 1027 in
1343 989 1464 1026 multa

347 1052 648 1103 pignoribusque
667 1051 762 1102 ejus,
783 1053 847 1102 qui
868 1053 1063 1090 tribunum
1083 1053 1323 1104 adpellasset,
1343 1054 1463 1090 inter·

347 1116 508 1153 cessioni
530 1128 609 1152 non
628 1116 811 1166 parendo,
833 1129 872 1154 se
898 1117 937 1153 in
964 1118 1136 1155 ordinem
1161 1118 1360 1167 coegisset.
1418 1117 1463 1154 C.

349 1179 511 1216 Claudio
538 1180 638 1216 diem
666 1179 775 1223 dixit,
796 1180 896 1230 quod
923 1181 1148 1218 concionem
1174 1181 1222 1219 ab
1247 1194 1287 1218 se
1307 1191 1463 1218 avocas-

346 1249 420 1287 set,
454 1249 493 1279 et
524 1243 676 1293 utrique
708 1244 858 1280 censori
888 1243 1188 1294 perduellionem
1220 1256 1260 1282 se
1288 1243 1463 1294 judicare

346 1307 628 1359 pronunciavit,
656 1307 830 1358 diemque
860 1309 1022 1345 comitiis
1052 1322 1076 1346 a
1104 1309 1148 1346 C.
1169 1308 1337 1359 Sulpicio
1365 1320 1462 1358 prae-

344 1378 430 1408 tore
459 1371 607 1408 urbano
635 1372 758 1422 petiit.
813 1372 906 1410 Non
936 1373 1198 1411 recusantibus
1223 1372 1459 1415 censoribus,

347 1438 413 1486 qui
430 1437 554 1474 minus
574 1437 698 1487 primo
717 1450 868 1487 quoque
887 1445 1059 1489 tempore
1070 1438 1260 1489 judicium
1276 1438 1322 1475 de
1338 1450 1377 1475 se
1391 1449 1463 1488 po-

347 1503 457 1554 pulus
488 1503 644 1546 faceret,
678 1504 718 1539 in
751 1509 839 1540 ante
872 1504 950 1540 dies
981 1510 1158 1541 octavum
1191 1509 1231 1540 et
1259 1502 1462 1552 septimum

345 1566 542 1604 Kalendas
569 1565 758 1603 Octobres
779 1568 942 1604 comitiis
962 1567 1230 1618 perduellionis
1251 1566 1353 1602 dicta
1372 1565 1462 1602 dies.

349 1631 534 1667 Censores
572 1630 764 1681 extemplo
800 1631 839 1666 in
878 1631 1015 1667 atrium
1052 1629 1260 1667 Libertatis
1305 1628 1462 1665 adscen-

349 1696 507 1732 derunt:
540 1700 591 1738 et,
612 1693 666 1730 ibi
695 1694 853 1743 signatis
883 1693 1032 1731 tabellis
1061 1692 1237 1745 publicis,
1258 1692 1462 1741 clausoque

347 1758 552 1802 tabulario,
580 1765 619 1795 et
647 1758 809 1795 dimissis
840 1759 955 1795 servis
983 1757 1160 1809 publicis,
1187 1762 1390 1806 negarunt,
1422 1766 1462 1791 se

348 1823 451 1873 prius
471 1822 676 1872 quidquam
695 1821 838 1872 publici
857 1822 1004 1870 negotii
1023 1827 1211 1870 gesturos,
1229 1832 1340 1869 quam
1354 1818 1461 1869 judi·

347 1887 447 1922 cium
479 1885 611 1936 populi
645 1885 690 1922 de
721 1897 761 1920 se
791 1884 936 1922 factum
969 1890 1079 1921 esset.
1135 1883 1246 1920 Prior
1280 1882 1460 1919 Claudius

346 1961 518 1986 caussam
533 1948 649 1985 dixit:
672 1953 723 1991 et,
742 1960 856 1997 quum
872 1960 919 1984 ex
934 1947 1134 1984 duodecim
1154 1947 1333 1983 centuriis
1354 1946 1461 1995 equi-

346 2019 429 2052 tum
458 2019 547 2049 octo
576 2002 772 2049 censorem
801 2012 1131 2055 condemnassent,
1153 2010 1356 2060 multaeque
1376 2009 1459 2046 aliae

347 2078 478 2128 primae
508 2077 651 2120 classis,
672 2076 863 2127 extemplo
892 2077 1080 2127 principes
1110 2075 1273 2112 civitatis
1300 2075 1340 2110 in
1367 2086 1461 2110 con·

348 2147 480 2192 spectu
510 2140 654 2191 populi,
675 2141 823 2177 annulis
854 2142 975 2178 aureis
1005 2140 1154 2191 positis,
1174 2146 1318 2175 vestem
1336 2144 1462 2174 muta-

154 2216 339 2248 Absoivun-
350 2211 452 2249 runt,
469 2210 511 2241 ut
530 2204 715 2256 supplices
735 2205 884 2256 plebem
903 2205 1156 2242 circumirent.
1211 2203 1383 2241 Maxime
1400 2208 1458 2237 ta-

159 2269 220 2294 ωῐ·
351 2282 437 2307 men
458 2270 685 2306 sententiam
704 2271 860 2306 vertisse
879 2270 1017 2307 <licitur
1035 2269 1096 2306 Ti.
1117 2268 1325 2309 Gracchus,
1342 2265 1458 2314 quod,
1506 2241 1511 2319 1

351 2347 465 2383 quum
486 2333 627 2371 clamor
646 2333 811 2384 undique
830 2334 950 2386 plebis
975 2339 1087 2378 esset,
1108 2330 1315 2384 periculum
1342 2329 1462 2367 Grac·
1506 2323 1509 2343 ’
