1546 2648
262 149 418 180 L‘I'BER
440 147 669 178 xxxvnl.
701 146 808 176 CAP.
830 147 962 177 xvn.
1117 144 1170 190 97

55 242 185 279 derunt
211 239 364 288 majores
394 244 553 277 nostros:
582 251 625 275 ez·
652 250 691 275 eo
722 243 881 287 tempore
909 250 976 287 per
1003 239 1173 276 ducentos
1183 248 1227 280 U.
1239 247 1279 279 C.
1292 252 1367 280 5⁶0.

46 304 130 353 jam
148 318 259 342 annos
272 317 443 355 pecorum
464 306 503 341 in
522 304 669 340 modum
683 307 926 339 consternatos
943 304 1083 340 caedunt
1097 303 1170 353 fu·
1182 291 1271 324 ²³¹0·
1285 298 1360 325 ¹⁸⁹·

53 375 210 420 gantque
220 388 233 414 ,-
261 375 296 407 et
312 371 435 419 plures
448 381 564 418 prope
583 369 628 405 de
653 368 772 404 Gallis
790 367 978 416 triumphi,
999 381 1108 416 quam
1126 370 1173 406 de

53 438 129 471 toto
148 435 228 472 orbe
248 439 440 477 terrarum,
460 435 535 470 acti
551 437 649 469 sunt.
704 431 794 468 Jam
819 443 886 468 usu
905 431 970 468 hoc
988 434 1173 480 cognitum

53 503 118 542 est,
137 501 167 536 si
187 501 347 548 primum
372 501 546 548 inpetum,
567 509 672 546 quem
685 495 836 545 fervido
862 497 1004 544 ingenio
1024 501 1061 534 et
1079 510 1174 534 caeca.
1200 506 1209 515 ‘

51 563 111 600 tra
135 564 337 613 effundunt,
356 564 576 605 sustinueris,
592 561 722 612 fluunt
743 561 872 597 sudore
899 566 933 598 et
963 562 1176 600 lassitudine

52 630 223 674 membra,
245 630 370 667 labant
388 642 513 666 arma:
540 629 669 664 mollia
690 639 856 676 corpora,
877 627 1013 670 molles,
1036 626 1096 663 ubi
1114 629 1174 664 ira

54 696 226 739 consedit,
247 697 385 732 animos
402 695 469 738 sol,
494 694 630 743 pulvis,
651 694 744 735 sitis,
770 697 811 728 ut
827 691 976 741 sermm
1003 704 1076 728 non
1101 694 1170 729 ad-

52 771 208 804 moveas,
236 764 478 809 prosternunt.
535 759 621 795 Non
649 758 843 807 legionibus
871 759 1023 807 legiones
1046 771 1170 806 eorum

50 825 165 860 solum
183 826 319 873 ezperti
335 836 470 867 sumus,
485 824 546 859 sed
561 824 618 859 vir
631 835 722 859 unus
740 835 821 858 cum
838 823 916 859 viro
935 824 1169 871 congredien-

48 889 110 932 do,
146 890 186 925 T.
207 889 385 932 Manlius,
415 889 471 925 M.
495 888 674 931 Valerius,
693 891 869 936 quantum
893 888 1076 924 Gallicam
1103 900 1168 925 ra-

49 953 139 990 biem
153 954 308 990 vinceret
321 953 489 990 Romana
502 955 629 996 virtus,
642 954 851 989 docuerunt.
881 953 970 989 Jam
985 953 1041 990 M.
1054 954 1167 990 Man-

50 1019 119 1056 lius
143 1031 234 1055 unus
257 1021 398 1067 agmine
423 1019 630 1056 scandentes
649 1019 688 1054 in
709 1017 931 1067 Capitolium
955 1020 1081 1056 Gallos
1105 1021 1168 1056 de-

50 1085 169 1120 trusit.
211 1084 264 1120 Et
281 1085 353 1120 illis
370 1082 564 1130 majoribus
580 1084 710 1119 nostris
728 1095 808 1119 cum
826 1082 927 1120 haud
941 1084 1056 1120 dubiis
1076 1084 1168 1121 Gal-

51 1148 94 1185 lis
123 1149 160 1184 in
191 1153 290 1185 terra
320 1160 386 1185 sua
412 1149 544 1196 genitis
567 1160 624 1184 res
651 1152 743 1184 erat.
799 1149 854 1184 Hi
868 1146 952 1195 jam
981 1150 1169 1197 degeneres

47 1217 155 1257 sunt,·
183 1214 300 1256 nzizti,
316 1218 352 1249 et
369 1213 586 1262 Gallogroeci
602 1224 696 1255 vere,
710 1213 805 1261 quod
823 1214 1075 1262 adpellantur:
1096 1215 1164 1250 sic-

46 1282 89 1314 ut
115 1278 154 1314 in
170 1277 344 1326 frugibus
368 1278 644 1327 pecudibusque,
676 1289 747 1314 non
777 1282 921 1314 tantum
950 1279 1086 1315 semina
1116 1280 1167 1315 ad

45 1343 258 1380 servandam
281 1343 440 1379 indolem
462 1342 599 1386 valent,
630 1347 806 1391 quantum
834 1347 938 1379 terrae
959 1344 1167 1392 proprietas

47 1408 205 1456 caelique,
241 1407 303 1443 sub
338 1420 409 1457 quo
433 1408 598 1451 aluntur,
632 1411 766 1444 mutat.
834 1407 1064 1450 Macedones,
1103 1410 1166 1456 qui

45 1472 306 1509 Alexandriam
334 1473 371 1509 in
398 1472 577 1521 AEgypto,
604 1473 668 1521 qui
699 1472 904 1509 Seleuciam
933 1484 977 1509 ac
1005 1472 1166 1521 Babylo-

43 1538 157 1580 niam,
179 1538 307 1586 quique
325 1538 420 1574 alias
435 1549 580 1586 sparsas
593 1549 661 1586 per
675 1538 792 1574 orbem
813 1542 992 1574 terrarum
1007 1538 1163 1575 colonias

46 1600 188 1644 habent,
222 1602 262 1638 in
294 1601 416 1650 Syros,
446 1601 620 1645 Parthos,
651 1602 849 1650 AEgyptios
885 1602 1162 1650 degenerarunt.

45 1664 226 1708 Massilia,
246 1666 341 1701 inter
367 1665 492 1702 Gallos
519 1667 604 1709 sita,
633 1667 746 1702 traxit
769 1667 996 1714 aliquantum
1024 1666 1068 1703 ab
1093 1669 1160 1703 ad-

43 1730 131 1766 colis
148 1731 362 1767 animorum.
424 1731 629 1768 Tarentinis
655 1733 743 1780 quid
770 1744 812 1768 ez:
841 1732 1040 1780 Spartana,
1068 1734 1163 1770 dura

42 1796 111 1832 illa
135 1799 169 1832 et
190 1795 353 1839 horrida,
374 1796 568 1845 disciplina
593 1798 760 1834 mansit.9
792 1798 1003 1834 Generosius
1030 1800 1069 1835 iu
1094 1811 1165 1836 suav

42 1860 218 1909 quidquid
243 1861 325 1897 sede
350 1862 538 1909 gignitur,-
567 1863 715 1898 insitum
742 1863 869 1899 alience
898 1867 1013 1906 terrce,
1038 1865 1076 1900 in
1104 1866 1158 1908 iel,

44 1936 113 1974 quo
141 1925 268 1969 alitur,
301 1930 438 1962 natura
464 1931 624 1963 vertente
653 1938 702 1970 se,
733 1928 936 1975 degenerat.
992 1928 1164 1977 Phrygas>

42 1990 156 2038 igitur
179 1990 329 2027 Gallicis
355 1996 519 2028 oneratos
545 1993 670 2035 armis,
699 1993 792 2029 sicut
819 1993 857 2028 in
886 1994 963 2029 acie
989 1993 1169 2030 Antiochi-

0 2100 1 2110 *
42 2055 231 2098 cecidistiS,
253 2056 365 2092 victos
382 2057 532 2093 victores
550 2057 701 2094 caedetis.
758 2057 883 2105 Magis
899 2058 938 2094 id
961 2069 1096 2101 vereor,
1116 2070 1171 2095 ne‘

39 2129 174 2165 parum
192 2119 275 2155 inde
289 2120 429 2167 gloriae,
451 2133 559 2169 quam
576 2133 622 2157 ne
639 2122 790 2157 nimium
807 2121 889 2158 belli
905 2121 965 2158 sit.
1011 2123 1161 2158 Attalus

41 2194 99 2220 eos
115 2195 178 2219 rese
194 2195 284 2232 saepe
291 2184 402 2233 fudit
415 2185 648 2235 fugavitque.
707 2187 829 2224 Nolite
849 2188 1066 2230 existimare,
1086 2188 1159 2224 bel·

44 2249 123 2285 luas
152 2253 292 2286 tantum
318 2263 438 2288 recens
468 2257 594 2302 captas
611 2252 806 2303 feritatem
830 2254 933 2291 illam
964 2255 1161 2291 silvestrem

41 2315 161 2362 primo
191 2326 346 2360 servare,
378 2318 520 2362 deinde,
556 2331 666 2367 quum
701 2320 765 2356 diu
799 2319 962 2356 manibus
995 2319 1160 2356 Immanis

98 2376 201 2423 Vol..
225 2377 300 2417 lv,
591 2382 624 2420 F
