1546 2648
407 131 618 163 LIBROR·
645 131 865 160 DEPERD.
1107 128 1195 177 595

79 234 160 260 cum
195 234 328 270 magna
362 222 520 270 pernicie
556 224 704 261 motam,
739 219 922 256 inhibuit:
960 219 1129 268 Iapydas,
1160 226 1194 257 et

78 288 292 330 Dalmatas,
321 291 356 322 et
381 286 591 322 Pannonios
616 283 762 331 subegit.
819 285 998 320 Antonius
1016 286 1193 321 Artavas-

76 352 171 394 dem,
190 353 368 388 Armeniae
385 362 516 397 regem,
534 350 614 398 fide
632 350 721 384 data
746 350 973 396 perductum,
992 350 1029 385 in
1049 350 1194 388 vincula

78 414 206 461 conjici
223 414 346 461 jussit,
376 427 594 462 regnumque
610 415 792 450 Armeniae
806 416 893 463 filio
920 427 997 457 suo,
1025 427 1067 450 ex
1091 415 1200 456 Cleo-‚

73 484 186 527 patra
203 484 301 522 nato,
324 480 425 515 dedit
438 496 452 523 ,-
481 491 589 527 quam
608 481 727 514 uxoris
747 480 837 523 loco,
848 478 931 526 jam
945 481 1088 529 pridem
1107 492 1195 528 cap-

77 547 134 580 tus
151 556 273 581 amore
291 542 377 591 ejus,
398 544 525 580 habere
544 548 708 592 coeperat.

533 663 747 701 CXXXII.

80 756 283 809 C'AESAR
312 774 348 808 in
377 773 523 821 Illyrico
548 774 749 810 Dalmatas
779 774 931 810 domuit.
994 773 1113 815 Quum
1138 771 1195 810 M.

74 838 255 873 Antonius
272 837 315 872 ab
334 849 491 873 amorem
513 838 727 886 Cleopatrce,
755 849 797 873 ex
816 850 886 885 qua
906 839 994 874 duos
1009 838 1112 886 filios
1131 836 1195 872 ha-

74 899 189 942 bebat,
212 901 494 948 Philadelphum
524 907 559 937 et
578 903 842 944 Alexandrum,
873 914 985 950 neque
1012 903 1048 937 in
1075 901 1194 936 urbem

71 954 192 1001 uenire
219 966 339 1007 vellet,
366 977 491 1013 neque,
509 966 621 1014 finito
648 968 897 1002 triumviratus
928 972 1098 1014 tempore,
1126 967 1196 1001 im-

69 1031 214 1077 perium
242 1031 429 1076 deponere,
466 1029 666 1077 bellumque
693 1030 894 1072 moliretur,
930 1031 1025 1077 quod
1055 1029 1133 1064 urbi
1161 1033 1197 1064 et

75 1092 195 1128 Italia?
227 1091 388 1141 iriferret,
423 1091 623 1139 ingentibus
657 1097 732 1127 tam
764 1092 951 1128 navalibus
986 1104 1094 1139 quam
1125 1096 1197 1127 ter·-

73 1156 242 1192 restribus
271 1157 382 1204 copiis
404 1156 446 1191 ob
476 1156 541 1192 hoc
565 1157 770 1198 contractis,
800 1156 1014 1203 remissoque
1040 1155 1198 1191 Octaviae

71 1222 186 1258 sorori
207 1220 355 1256 Caesaris
372 1221 537 1268 repudia,
565 1220 683 1256 Caesar
701 1222 739 1256 in
760 1220 914 1269 Epirum
934 1232 1013 1256 cum
1041 1221 1198 1255 exercitu

75 1281 228 1330 trajecit.
286 1285 424 1331 Pugna>
454 1285 583 1319 deinde
611 1285 759 1320 navales
794 1288 829 1320 et
853 1284 984 1333 proelia
1020 1282 1198 1331 equestria

71 1349 227 1384 secunda
249 1347 398 1384 Coesaris
416 1347 635 1396 referuntur.

516 1467 756 1506 CXXXIII.

73 1546 156 1598 M
178 1563 466 1606 ANTONIUS,
497 1565 546 1600 ad
573 1565 719 1600 Actium
752 1565 863 1600 classe
888 1565 1015 1606 vietus,
1033 1562 1195 1600 Alexan·

74 1629 191 1664 driam
218 1626 408 1675 profugit,·
438 1628 658 1676 obsessusque
683 1642 705 1664 a.
737 1629 887 1670 Coesare,
919 1629 955 1663 in
982 1629 1113 1663 ultima
1138 1639 1197 1662 re-

71 1704 151 1728 rum
187 1693 446 1739 desperatione,
489 1695 668 1740 proeeipue
704 1694 825 1728 occisae
863 1692 1063 1740 Cleopatra?
1090 1690 1197 1739 falso

71 1767 214 1790 rumore
231 1756 406 1802 inpulsus,
426 1768 463 1791 se
482 1757 556 1803 ipse
576 1755 768 1804 interfecit.
818 1756 950 1798 Caesar,
967 1756 1196 1791 Alexandria

70 1821 108 1854 in
148 1824 363 1867 potestatem
399 1822 559 1862 redacta,
601 1821 805 1868 Cleopatra,
843 1832 888 1855 ne
926 1821 964 1855 in
1003 1819 1205 1855 arbitrium

70 1884 216 1919 victoris
244 1887 392 1926 veniret,
422 1886 630 1920 voluntaria
661 1890 774 1921 morte
798 1884 985 1933 defuncta,
1017 1885 1053 1919 in
1073 1883 1195 1918 urbem

71 1959 240 1989 reversus,
269 1953 338 1983 tres
365 1949 563 1996 triumphos
593 1952 692 1997 egit:
720 1962 826 1985 unum
855 1961 896 1984 ex
916 1949 1078 1995 Illyrico,
1100 1947 1193 1982 alte-

68 2023 152 2047 rum
170 2023 212 2047 ex
223 2013 375 2048 Actiaca
395 2014 560 2054 victoria,
583 2016 727 2049 tertium
749 2015 792 2048 de
815 2013 1020 2059 Cleopatra,
1037 2011 1194 2058 inposito

58 2076 138 2125 fine.
161 2076 321 2112 civilibus
351 2076 451 2112 bellis
478 2078 594 2113 altero
623 2082 657 2113 et
685 2079 853 2123 vigesimo
883 2087 987 2112 anno.
1045 2074 1100 2110 M.
1123 2074 1195 2110 Le-

12 2150 15 2151 ’
66 2139 188 2187 pidus,
209 2140 352 2186 Lepidi,
374 2143 435 2188 qui
455 2142 621 2177 triumvir
639 2140 785 2189 fuerat,
804 2141 922 2189 filius,
952 2137 1204 2185 conjuratione.

70 2207 195 2239 contra
231 2202 404 2241 Caesarem
427 2204 555 2255 facta,
590 2206 721 2243 bellum
753 2207 916 2250 moliens,
948 2204 1128 2252 obpressus
1156 2205 1196 2238 et

71 2268 205 2307 occisus
224 2271 287 2304 est.
