1546 2648
294 140 380 197 580
692 138 987 180 -m’moua'
1045 152 1047 154 ·

293 255 366 280 non
385 242 534 285 dabant,
551 241 678 290 proelio
697 242 794 277 vicit.
842 238 1169 290 Praetereafugam
1180 240 1408 289 Mithridati!

290 319 358 356 per
378 308 393 339 (
403 306 538 349 'olchos,
557 305 836 353 Heniochosque,
857 309 892 341 et
910 316 965 341 res
983 305 1026 342 ab
1044 317 1085 342 eo
1103 306 1140 342 in
1155 306 1313 355 Bosporo
1328 317 1409 355 gee-

297 375 352 408 tas
371 373 537 408 continet.
596 408 599 409 ⁷

801 467 890 505 CII.

297 538 391 592 CN.
426 555 747 592 POMPEIUS
780 555 818 590 in
853 554 1044 601 provinciae
1061 553 1228 602 formam
1246 555 1408 594 Pontum

288 621 437 668 redegit.
502 620 722 660 Pharnaces,
741 618 846 666 filius
875 617 1120 659 Mithridatis,
1153 618 1282 655 bellum
1307 621 1409 667 patri

289 685 428 720 intulit.
483 684 537 719 Ab
555 695 596 719 eo
615 682 1019 719 Mithridates.obsessus
1037 683 1075 718 in
1091 683 1204 729 regia,
1225 695 1332 731 quum
1349 696 1410 721 ve.-

290 760 379 784 neno
408 753 524 784 sumto
562 759 694 796 parum
718 746 930 796 profecisset
961 747 1012 782 acl
1040 751 1204 790 mortem,
1237 760 1260 783 a
1293 749 1408 786 milite

292 813 418 854 Gallo,
439 814 580 849 nomine
604 813 744 854 Bitoeto,
765 825 788 846 a
806 823 888 859 quo,
908 815 949 848 ut
967 809 1155 857 adjuvaret
1171 824 1220 854 se,
1237 813 1407 860 petierat,

291 876 502 924 interfectus
520 882 582 912 est.
633 875 696 912 Cn.
714 875 909 922 Pompeius
924 875 1073 911 Judaeos
1089 876 1226 923 subegit
1241 891 1253 912 .·
1270 875 1409 925 funum

291 953 410 977 eorum
434 943 467 976 in
490 940 753 987 Hierosolyma,
775 940 985 980 inviolatum
1005 940 1054 974 ad
1074 940 1112 974 id
1131 944 1280 987 tempus,
1301 941 1407 988 cepit.

292 1006 337 1041 L.
354 1005 527 1045 Catilina,
544 1005 594 1040 bis
612 1005 788 1051 repulsam
805 1004 840 1038 in
859 1004 1031 1051 petitione
1049 1004 1251 1039 consulatus
1267 1016 1406 1051 passus,

289 1068 368 1105 'cum
394 1069 546 1105 Lentulo
583 1073 748 1115 praetore,
788 1071 822 1102 et
854 1067 1022 1113 Cethego,
1056 1071 1092 1103 et
1116 1067 1281 1114 pluribus
1308 1064 1405 1112 aliis),

291 1132 489 1179 conjuravit
509 1134 553 1168 de
571 1133 664 1168 ccede
683 1132 866 1168 consulum
886 1136 921 1167 et
937 1136 1093 1174 senatus,
1110 1133 1283 1168 incendiis
1295 1132 1404 1175 urbis,

292 1203 328 1234 et
352 1197 583 1245 obprimemla
616 1196 822 1244 republica,·
852 1197 1008 1231 exercitu
1038 1207 1173 1244 quoque
1196 1197 1233 1231 in
1255 1196 1408 1233 Etruria

292 1266 511 1309 comparato.
569 1261 626 1296 Εα
649 1258 848 1305 conjuratio
878 1261 1057 1296 industria
1083 1260 1140 1296 M.
1165 1261 1278 1297 Tullii
1304 1260 1406 1296 Cice-

289 1327 386 1362 ronis
406 1329 508 1360 eruta
538 1328 600 1359 est.
660 1323 819 1359 Catilina
842 1323 927 1360 urbe
956 1325 1073 1372 pulso,
1094 1324 1138 1367 de
1157 1324 1304 1373 reliquis
1321 1335 1405 1362 corz-

280 1388 417 1437 juratis
433 1389 650 1437 supplicium
667 1392 823 1424 sumtum
843 1393 906 1424 est.

790 1482 900 1520 CIII.

294 1560 570 1613 CATILINA
597 1584 621 1607 a
652 1571 690 1607 C.
711 1572 870 1607 Antonio
900 1571 1110 1618 proconsule
1143 1581 1223 1606 cum
1251 1569 1408 1608 exercitu

289 1650 394 1676 coesus
413 1642 474 1673 est.
532 1638 576 1673 P.
596 1637 741 1674 Clodius
760 1641 959 1678 accusatus,
980 1637 1074 1684 quod
1098 1637 1136 1671 in
1155 1635 1278 1672 habitu
1298 1637 1405 1672 muli-

287 1702 359 1737 ebri
380 1703 414 1736 in
433 1702 646 1742 sacrarium,
667 1701 703 1735 in
723 1701 817 1747 quod
834 1701 951 1735 virum
980 1700 1116 1735 intrare
1136 1697 1238 1747 nefas
1263 1704 1327 1742 est,
1348 1701 1403 1736 in·

289 1771 428 1808 trassel,
450 1771 484 1801 et
512 1777 657 1800 uxorem
686 1765 834 1800 maximi
861 1764 1040 1812 pontificis
1067 1768 1276 1811 stuprasset,
1302 1763 1405 1801 abso-

289 1831 385 1866 lutus
409 1833 472 1865 est.
531 1829 569 1864 C.
588 1829 777 1864 Pontinius
801 1833 938 1876 proetor
956 1828 1183 1874 Allobrogas,
1210 1828 1272 1875 qui
1293 1827 1404 1864 rebel-

289 1896 466 1934 laverant,
493 1894 541 1929 ad
563 1893 727 1933 Solonem
752 1894 902 1928 domuit.
959 1893 1004 1928 P.
1024 1891 1168 1927 Clodius
1193 1892 1241 1927 ad
1264 1892 1404 1939 plebem

289 1959 443 1995 transiit.
504 1957 541 1993 C.
561 1956 677 1992 Cccsar
697 1957 890 1997 Lusitanos
913 1956 1076 2002 subegit:
1107 1966 1215 2003 eoque
1239 1956 1404 1992 consula·

291 2027 345 2058 tus
364 2023 573 2064 candidato,
595 2026 629 2057 et
648 2025 817 2069 captante
845 2019 1098 2068 rempublicam
1119 2019 1298 2060 invadere,
1319 2031 1403 2055 con-

286 2089 438 2136 spiratio
471 2089 562 2122 inter
596 2091 664 2123 tres
703 2087 881 2135 principes
916 2085 1071 2120 civitatis
1087 2083 1200 2132 facta
1235 2088 1299 2126 est,
1337 2083 1402 2121 Cn.

289 2153 513 2200 Pompeium,
537 2151 589 2186 M.
610 2151 788 2193 Crassum,
814 2150 853 2187 C.
876 2151 1061 2185 Coesarem.
1118 2148 1230 2196 Leges
1248 2149 1403 2196 agrariae

286 2229 310 2253 a
327 2216 463 2252 Coesare
482 2216 622 2251 consule
637 2227 714 2250 cum
730 2226 861 2262 magna
880 2214 1115 2255 contentione,
1132 2213 1243 2248 invito
1259 2216 1399 2255 senatu,

287 2286 323 2317 et
351 2281 465 2317 altero
490 2281 630 2317 consule
658 2279 712 2318 M.
734 2279 874 2324 Bibulo,
905 2279 988 2315 latae
1015 2282 1109 2315 sunt.
1167 2277 1206 2315 C.
1221 2277 1400 2315 Antonius
