1546 2648
296 136 376 190 258
753 150 798 178 T.
823 150 958 179 mvn

101 234 144 265 U·
159 234 194 264 C·
212 240 469 274 ⁵71·trecenos
499 237 681 275 militibus
700 238 838 276 divisit.
894 239 1095 276 Auxerunt
1123 237 1202 290 ejus
1221 239 1407 290 triumphi

101 278 140 308 Α.
157 278 195 309 C.
213 284 284 309 181.

100 335 219 367 Pacem

97 385 213 417 petunt

101 421 243 461 Ligures.

91 1593 135 1626 U.
148 1594 185 1625 C.
200 1600 274 1631 572.

89 1638 183 1670 A.C.
199 1645 271 1670 180.

296 300 436 338 famam
458 301 573 351 legati
602 302 802 351 Ligurum,
824 316 954 353 pacem
975 310 1196 353 perpetuam
1225 310 1399 339 orantes:

295 367 350 402 ita
377 367 415 402 in
442 368 603 403 animum
632 368 808 403 influxisse
835 368 1013 415 Ligurum
1029 372 1184 415 gentem,
1204 368 1308 403 nulla
1325 379 1404 404 um-

294 442 402 477 quam
423 442 539 474 arma,
560 433 628 467 nisi
657 432 834 480 imperata
859 445 881 467 a
902 433 1037 480 populo
1057 432 1235 474 Romano,
1255 443 1403 467 sumere.

292 492 535 543 Responsum
555 507 577 530 a
597 495 645 533 Q.
665 493 786 531 Fabio
805 501 968 543 praetore
987 501 1044 530 est
1063 494 1268 543 Liguribus
1291 493 1402 544 jussu

292 562 459 599 senatus,
491 559 699 594 Orationem
725 570 803 594 eam
832 571 903 594 non
931 571 1059 595 novam
1091 559 1282 606 Liguribus
1310 569 1403 594 esse.-

292 632 389 656 mens
406 633 488 656 vero
507 626 548 657 ut
566 634 658 657 nova
676 626 711 657 et
730 623 886 658 orationi
905 624 1108 658 conveniens
1127 627 1226 664 esset,
1247 623 1404 670 ipsorum

290 684 330 719 id
343 685 544 731 plurimum
562 684 708 732 referre.
765 686 826 720 Ad
841 686 999 720 consules
1012 687 1119 728 irent,
1138 690 1187 727 et,
1204 696 1281 733 quae
1298 684 1342 720 ab
1360 687 1405 721 iis

290 746 470 794 imperata
488 752 612 790 essent,
622 746 794 796 facerent
810 763 822 783 :
851 749 946 783 nulli
965 748 1045 789 alii,
1067 759 1174 794 quam
1193 747 1404 790 consulibus,

288 814 451 846 senatum
481 812 696 847 crediturum
727 823 809 854 esse,
829 813 966 848 sincera
982 812 1064 860 fide
1081 813 1119 847 in
1136 823 1225 858 pace
1253 811 1406 859 Ligures

287 885 369 910 esse.
426 873 508 911 Pax
526 875 564 911 in
583 875 790 924 Liguribus
807 876 892 912 fuit.
949 875 996 911 In
1017 875 1174 911 Corsica
1192 881 1402 924 pugnatum

289 941 348 972 est
369 949 455 973 cum
476 937 630 974 Corsis:
663 938 711 974 ad
740 939 815 974 duo
845 938 963 975 millia
991 950 1123 974 eorum
1150 937 1206 973 M.
1228 938 1402 974 Pinarius

290 1007 432 1050 praetor
450 1002 489 1037 in
515 1003 595 1038 acie
614 1002 776 1039 occidit:
810 1016 884 1051 qua
912 1002 1018 1038 clade
1037 1001 1220 1051 compulsi
1251 1001 1401 1038 obsides

290 1063 488 1108 dederunt,
514 1070 553 1100 et
581 1077 675 1100 cerae
706 1071 858 1101 centum
889 1064 1008 1101 millia
1038 1064 1179 1114 pondo.
1237 1064 1331 1100 Inde
1362 1066 1402 1102 in

289 1126 501 1163 Sardiniam
522 1129 707 1164 exercitus
728 1128 877 1171 ductus,
895 1134 934 1164 et
949 1139 1034 1164 cum
1050 1126 1267 1170 Iliensibus,
1289 1133 1402 1175 gente

286 1201 336 1226 ne
354 1203 456 1226 nunc
475 1191 627 1240 quidem
653 1192 757 1227 omni
786 1198 894 1240 parte
913 1195 1063 1241 pacata,
1084 1190 1248 1227 secunda
1266 1191 1403 1241 proeiia

286 1253 401 1291 facta.
457 1254 845 1305 Karthaginiensibus
876 1255 1009 1293 eodem
1028 1265 1130 1292 anno
1149 1260 1302 1291 centum
1331 1254 1402 1292 ob-

287 1316 385 1353 sides
404 1317 556 1362 redditi,
576 1332 783 1370 pacemque
813 1333 898 1356 cum
918 1321 962 1356 iis
993 1318 1155 1370 populus
1186 1318 1399 1363 Romanus,

287 1393 364 1420 non
380 1381 428 1421 ab
443 1394 483 1421 se
503 1388 665 1429 tantum,
686 1384 751 1421 sed
771 1384 818 1421 ab
834 1396 923 1434 rege
938 1384 1052 1420 etiam
1066 1381 1286 1427 Masinissa,
1303 1395 1400 1435 prae-

285 1448 384 1485 stitit
402 1463 409 1485 :
442 1451 505 1498 qui
526 1457 605 1486 tum
626 1450 802 1501 praesidio
823 1457 970 1487 armato
998 1461 1145 1498 agrum,
1166 1449 1230 1498 qui
1248 1449 1287 1485 in
1307 1462 1400 1487 con-

286 1513 470 1549 troversia
489 1520 584 1557 erat,
605 1513 819 1550 obtinebat.

339 1575 514 1614 XXXV.
544 1577 721 1614 Otiosam
754 1579 990 1628 provinciam
1037 1578 1211 1625 consules
1257 1578 1400 1616 habue-

286 1645 386 1677 runt.
429 1640 486 1677 M.
504 1641 673 1685 Baebius,
695 1643 938 1678 comitiorum
958 1631 1272 1685 caussaRomam
1291 1656 1400 1680 revo-

285 1709 407 1747 catus,
429 1705 603 1742 consules
624 1706 765 1742 creavit
785 1706 831 1742 A.
845 1705 1084 1743 Postumium
1103 1706 1285 1743 Albinum
1300 1706 1401 1743 Lus-

285 1779 370 1802 cum
400 1774 439 1804 et
468 1768 512 1805 C.
533 1769 784 1819 Calpurnium
808 1769 999 1807 Pisonem.
1056 1770 1243 1806 Praetores
1264 1770 1399 1806 exinde

283 1829 377 1866 facti
404 1830 465 1868 Ti.
485 1833 730 1883 Sempronius
752 1833 961 1876 Gracchus,
982 1834 1028 1870 L.
1049 1833 1267 1870 Postumius
1288 1833 1398 1870 Albi-

283 1906 369 1937 nus,
391 1894 434 1931 P.
455 1896 655 1933 Cornelius
670 1897 896 1941 Mammula,
923 1898 983 1935 Ti.
1003 1898 1196 1935 Minucius
1216 1897 1396 1934 Mollicu-

283 1956 356 2000 lus,
388 1958 435 1994 A.
457 1958 646 1995 Hostilius
675 1960 894 2004 Mancinus,
916 1961 959 1997 C.
985 1961 1176 1998 Maenius:
1209 1962 1234 1997 ii
1264 1973 1395 1997 omnes

282 2021 547 2069 magistratum
568 2022 698 2059 Idibus
718 2023 869 2060 Martiis
890 2025 1067 2061 inierunt.
1105 2024 1299 2072 Principio
1314 2023 1394 2073 ejus

282 2083 386 2126 anni,
401 2097 476 2131 quo
488 2086 534 2122 A.
548 2085 767 2122 Postumius
779 2086 941 2123 Albinus
955 2094 991 2123 et
1005 2088 1048 2124 C.
1063 2087 1288 2136 Calpurnius
1303 2086 1394 2122 Piso

281 2147 455 2183 consules
485 2148 652 2193 fuerunt,
673 2151 720 2187 ab
750 2152 798 2188 A.
819 2152 1018 2187 Postumio
1038 2150 1192 2188 consule
1216 2151 1253 2186 in
1284 2162 1395 2187 sena-

280 2217 361 2245 tum
377 2211 597 2255 introducti,
619 2214 682 2262 qui
703 2227 748 2250 ex
769 2214 956 2264 Hispania
975 2216 1151 2251 citeriore
1171 2221 1352 2251 venerant
1371 2227 1394 2250 a

279 2272 330 2312 Q.
350 2272 485 2312 Fulvio
511 2275 664 2321 Flacco,
691 2277 736 2316 L.
756 2277 949 2315 Minucius
977 2277 1137 2328 legatus,
1166 2284 1203 2315 et
1232 2278 1306 2314 duo
1326 2278 1394 2313 tri-
