1546 2648
282 150 370 204 560
714 162 964 192 EPJTOMAE

279 252 410 294 millia,
440 256 595 289 trecenta
621 255 771 301 triginta
795 266 865 291 sex.
920 255 1092 298 AEmilia,
1113 254 1269 298 Licinia,
1292 243 1396 290 Mar-

279 312 349 357 cia,
370 309 535 363 virgines
553 309 721 361 Vestales,
742 319 863 355 incesti
883 319 1062 355 damnata
1079 324 1188 356 sunt:
1217 320 1322 367 idque
1340 314 1397 354 in'-

281 384 411 415 cestum
432 382 729 428 quemadmodum
759 388 794 418 ct
819 385 1054 427 commissum,
1077 389 1111 420 et
1131 384 1397 433 deprehensum,

279 447 314 478 et
331 445 549 481 vindicatum
569 447 629 488 sit,
656 445 826 495 refertur.
885 446 1031 490 Cimbri,
1050 460 1136 495 gens
1154 460 1261 496 vaga,
1280 459 1397 496 popu-

279 507 427 543 labundi
459 510 496 544 in
527 510 715 558 Illyricum
740 516 936 548 venerunt:
964 512 1007 547 ab
1026 514 1070 548 iis
1089 513 1262 561 Papirius
1283 511 1397 547 Carbo

277 574 397 609 consul
425 586 503 610 cum
533 577 689 611 exercitu
706 574 815 623 fusus
843 580 903 612 est.
962 577 1085 612 Livius
1104 577 1248 612 Drusus
1277 579 1397 614 consul

276 638 442 674 adversus
477 638 692 681 Scordiscos,
727 644 867 686 gentem
905 652 927 676 α
964 640 1082 676 Gallis
1117 641 1319 685 oriundam,
1360 643 1395 677 in

282 702 436 738 Thracia
453 702 620 751 feliciter
646 705 832 752 pugnavit.

754 800 903 838 LXIV.

273 873 602 931 ADHERBAL,
622 888 713 925 bello
739 889 874 937 petitus
895 900 917 924 a
935 887 1132 936 Jugurtha,
1155 894 1189 923 et
1209 889 1243 924 in
1263 890 1395 937 oppido

275 954 378 991 Cirta
397 951 558 995 obsessus,
582 957 708 988 contra
727 953 1033 988 denunciationem
1052 958 1195 988 senatus
1213 952 1256 988 ab
1275 964 1314 989 eo
1333 965 1391 989 oc-

272 1019 362 1053 cisus
377 1021 440 1053 est.
498 1017 549 1053 Ob
568 1017 632 1053 hoc
653 1018 720 1065 ipsi
738 1017 930 1065 Jugurthae
958 1017 1086 1053 bellum
1107 1018 1278 1053 indictum
1293 1031 1306 1053 .·
1334 1018 1391 1053 id-

270 1093 338 1129 que
358 1081 574 1128 Calpurnius
593 1081 716 1116 Bestia
735 1081 857 1116 consul
873 1092 995 1128 gerere
1004 1078 1136 1126 jussus,
1165 1092 1289 1128 pacem
1310 1093 1390 1117 cum

268 1145 457 1193 Jugurtha
489 1144 620 1191 injussu
646 1146 775 1193 populi
804 1150 838 1181 et
865 1149 1009 1181 senatus
1025 1143 1135 1194 fecit.
1190 1144 1387 1193 Jugurtha,

259 1210 341 1260 fide
355 1209 503 1258 publica
521 1214 684 1245 evocatus
698 1210 746 1245 ad
764 1210 974 1245 indicandos
991 1213 1151 1245 auctores
1165 1210 1390 1246 consiliorum

269 1285 427 1316 suorum,
449 1275 542 1322 quod
560 1275 690 1310 multos
705 1276 859 1323 pecunia
878 1275 914 1311 in
931 1279 1056 1311 senatu
1075 1276 1274 1323 conrupisse
1293 1276 1389 1311 dice-

270 1337 388 1381 batur,
410 1338 564 1375 Romam
583 1341 705 1376 venit:
733 1333 797 1392 et,·'
809 1344 957 1388 propter
976 1340 1118 1383 caedem,
1141 1341 1332 1376 admissam
1351 1341 1389 1376 in

268 1403 431 1450 regulum
453 1395 656 1451 quemdam,
682 1405 824 1440 nornine
842 1392 1052 1446 Massivam,
1073 1405 1132 1452 qui
1151 1416 1296 1452 regnum
1316 1402 1390 1450 ejus

263 1467 402 1515 populo
422 1467 587 1503 Romano
614 1469 719 1503 invisi
746 1466 966 1516 adfectabat,
994 1468 1118 1504 Rornoe
1145 1465 1385 1517 interfectum,

269 1543 376 1578 quum
394 1532 676 1579 periclitaretur,
694 1543 854 1585 caussam
873 1533 1002 1580 capitis
1019 1533 1135 1568 dicere
1143 1531 1276 1579 jussus,
1295 1534 1388 1569 clam

263 1595 443 1643 profugit,
464 1601 512 1639 et,
533 1598 657 1633 cedens
674 1595 771 1638 urbe,
791 1595 920 1644 fertur
938 1597 1064 1632 dixisse
1078 1612 1090 1633 .·
1119 1596 1155 1631 O
1175 1595 1305 1633 urbem
1323 1609 1388 1633 ve-

264 1658 406 1703 nalem,
427 1667 465 1696 et
493 1661 570 1697 cito
597 1661 817 1710 perituram,
838 1660 869 1695 si
890 1665 1073 1696 emtorem
1094 1660 1302 1696 invenerit!
1337 1662 1384 1699 A.

269 1726 476 1761 Postumius
505 1725 642 1772 legatus
674 1723 867 1772 infeliciter
895 1725 1022 1772 proelio
1051 1725 1218 1760 adversus
1245 1724 1384 1772 Jugur-

269 1789 365 1824 tham
383 1794 482 1837 gesto
508 1801 631 1837 pacem
652 1800 789 1836 quoque
814 1787 945 1834 adjecit
973 1790 1258 1836 ignominiosam,
1279 1801 1388 1837 quam

267 1865 335 1889 non
355 1865 426 1889 esse
443 1853 652 1889 servandam
672 1856 815 1888 senatus
833 1853 979 1888 censuit.

759 1947 886 1986 LXV.

272 2020 335 2083 Q·
361 2036 625 2074 CAECILIUS
652 2036 822 2073 Metellus
849 2035 970 2071 consul
1001 2035 1134 2071 duobus
1159 2035 1294 2082 prceliis
1315 2035 1382 2072 Ju-

263 2103 432 2151 gurtlzam
453 2101 575 2149 fudit,
598 2105 778 2148 totamque
799 2099 1007 2135 Numidiam
1029 2100 1194 2134 vastavit.
1241 2098 1295 2134 M.
1312 2099 1383 2136 Ju-

265 2168 345 2203 nius
364 2166 511 2202 Silanus
532 2165 651 2201 consul
669 2166 839 2201 adversus
855 2163 1012 2200 Cimbros
1032 2162 1225 2211 infeliciter
1241 2175 1383 2211 pugna-

263 2232 317 2266 vit
331 2231 343 2266 .·’
372 2230 498 2278 legatis
519 2228 739 2264 Cimbrorum
757 2228 870 2263 sedem
897 2231 932 2262 et
957 2238 1074 2273 agros,
1105 2228 1137 2261 in
1159 2227 1282 2274 quibus
1301 2238 1382 2263 ccm-

262 2299 437 2350 sisterent,
464 2295 726 2346 postulantibus
753 2299 897 2331 senatus
921 2293 1073 2341 negarit.
1131 2290 1184 2327 M.
1204 2290 1385 2326 Minucius

1486 162 1525 1090 ἶ
