1546 2648
59 233 102 264 U.
114 232 150 263 C.
169 238 241 268 576.

60 277 98 306 A.
113 275 150 307 C.
169 282 241 312 176.

47 1776 107 1806 Res
124 1774 157 1804 in

46 1817 176 1857 Liguria

47 1869 154 1901 gestae.

257 137 345 180 304
405 151 410 159 -
702 136 748 164 r.
771 135 908 164 mvn

255 227 363 275 ginta
390 226 569 275 acceptis,
599 225 716 274 legati
745 226 927 269 Romam,
957 224 1021 276 qui
1051 238 1095 262 ea
1126 227 1364 271 nunciarent,

253 291 377 335 missi3
411 290 549 339 quique
579 290 625 326 ab
656 297 790 327 senatu
828 298 1014 340 peterent,
1046 297 1087 327 ut
1116 291 1165 327 ob
1195 304 1256 328 eas
1290 304 1366 334 res,

252 354 368 390 (luctu
401 354 645 403 auspicioque
681 354 742 391 Ti.
763 354 977 404 Sempronii
1015 367 1194 404 prospere
1223 361 1364 403 gestas,

250 417 336 454 Diis
356 417 620 453 inmortalibus
637 417 760 454 honos
779 419 997 461 haberetur,
1019 420 1164 468 ipsique
1180 419 1364 455 deceden-

250 482 280 517 ti
306 481 351 517 de
379 482 575 532 provincia
604 482 809 517 exercitum
839 494 965 517 secum
994 482 1193 532 deportare
1221 482 1364 519 liceret.

251 545 426 587 Senatus,
446 546 485 580 in
514 546 592 580 aede
612 544 799 593 Apollinis
829 545 1039 593 legatorum
1059 545 1181 582 verbis
1209 547 1361 589 auditis,

249 607 563 657 supplicationem
595 608 632 642 in
659 607 814 642 biduum
834 607 1012 649 decrevit,
1045 615 1082 643 et
1112 609 1363 656 quadraginta

250 671 457 721 majoribus
494 672 629 707 hostiis
667 671 840 706 consules
883 671 1092 707 sacrificare
1122 671 1261 721 jussit:
1301 672 1364 709 Ti.

251 735 514 784 Sempronium
535 734 798 783 proconsulem
828 735 1109 783 exercitumque
1129 748 1174 770 eo
1201 748 1302 771 anno
1321 736 1360 772 in

249 800 444 848 provincia
473 811 635 834 manere.
694 799 860 834 Comitia
889 799 1021 834 deinde
1055 800 1218 835 consulis
1249 801 1358 836 unius

250 861 495 909 subrogandi,
518 874 599 909 quae
629 862 665 896 in
690 869 778 897 ante
807 862 904 897 diem
935 863 1090 898 tertium
1110 862 1244 898 Nonas
1266 863 1358 899 Sex·

248 927 333 962 tiles
365 928 487 963 edicta
516 934 636 969 erant,
667 939 712 962 eo
743 928 824 976 ipso
854 927 913 963 die
942 934 1030 963 sunt
1067 927 1252 964 confecta.
1309 929 1358 967 Q·

248 989 419 1025 Petillius
437 990 568 1026 consul
585 989 784 1038 collegam,
802 991 865 1038 qui
886 990 1076 1039 extemplo
1093 991 1356 1039 magistratum

247 1054 450 1102 occiperet,
481 1054 622 1089 creavit
652 1053 902 1088 C.Valerium
934 1053 1142 1089 Laevinum.
1199 1053 1251 1095 Is,
1274 1053 1358 1102 jam

247 1117 309 1153 diu
338 1117 492 1166 cupidus
524 1117 740 1165 provinciae,
762 1128 876 1164 quum
906 1123 1130 1165 opportunae
1160 1117 1358 1166 cupiditati

247 1180 325 1229 ejus
347 1180 464 1216 literae
485 1181 617 1216 adlatae
643 1187 783 1223 essent,
803 1180 964 1228 Ligures
994 1179 1207 1222 rebellasse,
1229 1181 1357 1217 Nonis

246 1244 450 1280 Sextilibus
484 1245 697 1294 paludatus,
726 1244 842 1280 literis
875 1245 1027 1287 auditis,
1057 1244 1239 1280 tumultus
1273 1244 1354 1295 ejus

245 1321 377 1344 caussa
399 1308 587 1357 legionem
610 1310 761 1344 tertiam
787 1309 833 1344 ad
855 1309 897 1345 C.
915 1308 1116 1344 Claudium
1146 1321 1355 1358 proconsu-

244 1372 318 1408 lem
349 1373 385 1407 in
407 1371 571 1407 Galliam
600 1372 785 1420 proficisci
809 1371 951 1421 jussit,
983 1378 1022 1407 et
1041 1362 1269 1417 duumviros
1286 1385 1355 1408 na-

243 1435 342 1471 vales
364 1448 446 1471 cum
469 1436 586 1471 classe
607 1436 711 1472 Pisas
730 1436 796 1478 ire,
815 1436 876 1484 qui
897 1435 1083 1483 Ligurum
1100 1448 1219 1478 oram,
1239 1436 1352 1471 mari-

244 1501 377 1535 timum
405 1513 554 1549 quoque
583 1507 764 1535 terrorem
797 1500 1053 1543 admoventes,
1083 1500 1353 1536 circumvecta-

243 1570 384 1600 rentur.
445 1565 587 1599 Eodem
615 1571 651 1598 et
674 1563 907 1602 QPetillius
938 1563 1070 1600 consul
1099 1564 1144 1600 ad
1173 1565 1360 1601 conveni--

243 1628 380 1664 endum
402 1629 581 1664 exercitui
600 1629 697 1664 diem
714 1628 893 1664 edixerat.
941 1628 992 1663 Et
1008 1629 1050 1665 C.
1068 1628 1247 1665 Claudius
1262 1641 1351 1679 pro·

242 1692 388 1735 consul,
406 1692 532 1728 audita
548 1691 753 1727 rebellione
765 1691 965 1739 Ligurum,
978 1699 1114 1741 praeter
1128 1704 1190 1728 eas
1205 1693 1349 1742 copias,

242 1769 333 1804 quas
354 1768 481 1791 secum
503 1755 647 1790 Parmae
666 1754 845 1797 habebat,
868 1755 1058 1790 subitariis
1079 1754 1259 1792 conlectis
1279 1757 1350 1792 mi-

241 1819 385 1862 litibus,
407 1819 613 1855 exercitum
633 1818 680 1854 ad
699 1819 790 1855 fines
811 1818 995 1867 Ligurum
1015 1819 1194 1856 admovit.

292 1883 447 1920 XVlll.
477 1883 619 1919 Hostes
650 1882 718 1919 sub
749 1883 950 1919 adventum
980 1883 1023 1920 C.
1041 1882 1204 1927 Claudii,
1232 1896 1349 1933 aquo

239 1948 334 1984 duce
360 1960 399 1983 se
434 1948 684 1983 meminerant
715 1959 835 1996 nuper
865 1947 910 1983 ad
937 1947 1181 1983 Scultennam
1209 1948 1349 1984 flumen

239 2013 360 2048 victos
390 2011 631 2059 fugatosque,
649 2011 819 2047 locorum
838 2013 958 2060 magis
978 2012 1153 2062 praesidio
1172 2012 1349 2048 adversus

237 2074 440 2111 infeliciter
469 2081 662 2123 expertam
681 2075 770 2117 vim,
791 2088 903 2123 quam
933 2076 1059 2117 armis,
1086 2087 1125 2110 se
1144 2074 1347 2117 defensuri,

238 2139 331 2175 duos
352 2144 499 2174 montes
520 2137 658 2174 Letum
681 2145 718 2174 et
737 2139 922 2175 Balistam
949 2146 1144 2189 ceperunt,
1164 2151 1347 2188 muroque

235 2203 390 2252 insuper
408 2201 582 2251 amplexi.
639 2201 800 2238 Tardius
821 2215 868 2239 ex
886 2204 985 2252 agris
1002 2204 1255 2252 demigrantes
1275 2201 1354 2238 ob*

236 2268 354 2318 pressi
390 2267 436 2304 ad
473 2267 574 2304 mille
618 2274 656 2304 et
691 2269 920 2318 quingentos
957 2269 1162 2321 perierunt.
1219 2268 1344 2305 Ceteri

1453 239 1459 252 a
1503 225 1546 254 mon

1505 281 1528 316 tis
1539 277 1544 312 ἰ

1506 348 1546 394 part

1508 416 1541 444 unt

1508 473 1540 508 rite

1509 536 1546 572 ninr

1511 598 1546 635 usui
