1546 2648
321 161 474 190 LIBER
498 159 727 188 xxxvxll.
760 159 866 188 CAP.
890 162 1032 190 XLIX.
1153 159 1229 205 137

118 262 275 292 ananum,
299 251 360 286 sed
387 251 486 298 apud
506 250 846 298 Karthaginiensem
873 255 1034 286 senatum
1063 264 1203 298 agerem
1217 255 1334 295 ‚·U.C.
1350 261 1424 288 56⁵.

117 315 177 350 ubi
205 317 241 351 in
269 327 408 351 crucem
436 315 516 351 tolli
544 316 777 363 imperatores
802 315 984 356 dicuntur,
1004 316 1035 350 si
1061 327 1232 362 prospero
1243 300 1332 330 A‘C·
1350 305 1424 334 ¹⁹⁷·

119 384 258 422 eventu,
280 389 396 426 pravo
421 379 564 414 consilio
589 390 661 413 rem
683 382 878 425 gesserunt.
936 378 1010 413 Sed
1035 390 1099 425 ego
1127 380 1161 413 in
1188 390 1230 414 ea

116 444 274 485 civitate,
295 455 373 490 quae
397 443 477 478 ideo
505 442 664 478 omnibus
685 443 785 477 rebus
810 443 1021 490 incipiendis
1050 444 1231 489 gerendis-

116 519 182 554 que
199 508 301 543 Deos
325 506 481 549 adhibet,
512 507 598 556 quia
625 507 762 542 nullius
789 507 979 542 calumniae
1005 506 1145 552 subjicit
1173 519 1230 549 ea,

110 583 187 618 quoe
197 571 269 607 Dii
287 571 615 619 comprobaverunt,
632 576 668 607 et
687 572 723 606 in
741 571 966 607 sollemnibus
985 571 1095 606 verbis
1110 571 1226 613 habet,

108 646 216 682 quum
233 635 529 683 supplicationem
555 639 619 670 aut
652 634 872 682 triumphum.
893 635 1049 670 decernit
1064 636 1084 670 ‚9
1112 634 1227 673 Quod

112 697 210 734 bene
229 711 272 734 ac
290 698 452 734 feliciter
470 697 741 748 rempublicam
769 698 1040 734 administrarit
1058 714 1067 742 3
1099 700 1127 734 si
1147 699 1225 734 nol-

112 762 193 804 lem,
213 764 243 797 si
269 774 393 810 grave,
414 774 457 797 ac
483 762 670 810 superbum
691 764 927 798 existimarem
955 763 1087 798 virtute
1111 763 1226 809 glori-

108 826 191 868 ari;
216 838 285 874 pro
302 825 490 874 felicitate
506 837 585 861 mea
604 827 843 874 exercitusque
862 827 943 869 mei,
965 827 1060 874 quod
1086 831 1227 862 tantam

109 891 290 926 nationem
313 891 389 926 sine
407 891 485 925 ulla
511 891 671 926 rnilitum
688 889 840 936 jactura
868 891 1072 933 devicimus,
1099 896 1225 938 postu-

110 953 236 997 larem,
262 959 304 990 ut
328 955 416 991 Diis
445 954 692 990 inmortalibus
724 955 832 990 honos
860 954 1061 997 haberetur,
1088 959 1123 990 et
1152 957 1226 1002 ipse

108 1017 331 1066 triumphans
368 1020 404 1054 in
439 1018 659 1066 Capitolium
695 1019 957 1059 adscendet-em,
989 1019 1096 1060 unde,
1134 1020 1225 1054 votis

104 1082 174 1117 rite
191 1083 418 1130 nuncupatis,
433 1081 618 1131 profectus
634 1094 738 1118 sum:
762 1083 939 1129 negaretis
956 1081 1022 1117 hoc
1038 1081 1128 1117 mihi
1143 1094 1224 1117 cum

106 1149 193 1184 Diis
213 1149 488 1186 inmortalibus?

161 1212 315 1250 XLIX.
346 1214 476 1262 Iniquo
512 1215 605 1250 enim
639 1214 714 1249 loco
747 1214 926 1250 dimicavi.
981 1214 1059 1250 Dic
1094 1216 1219 1262 igitur,

106 1288 174 1324 quo
193 1278 347 1325 aequiore
369 1278 549 1325 potuerim
573 1278 744 1313 dimicare
760 1279 781 1313 ἴ)
811 1278 929 1319 Quum
958 1283 1109 1313 montem
1139 1279 1221 1314 hos·

106 1345 156 1376 tes
178 1342 362 1389 cepissent,
390 1341 465 1377 loco
491 1342 629 1376 munito
657 1352 694 1376 se
723 1346 894 1384 tenerent,
915 1353 1039 1388 nempe
1063 1342 1220 1377 eundum

104 1405 153 1440 ad
173 1404 285 1441 hostes
302 1410 395 1448 erat,
414 1407 446 1441 si
471 1407 611 1442 vincere
634 1405 772 1441 vellem.
832 1406 928 1446 Quid
941 1407 963 1440 ς’
992 1406 1022 1440 si
1041 1405 1159 1441 urbem
1179 1418 1220 1441 eo

105 1469 180 1505 loco
199 1469 378 1513 haberent,
399 1476 434 1506 et
457 1470 623 1506 moenibus
642 1481 678 1505 se
707 1474 866 1505 tenerent
881 1471 902 1505 ,9
929 1481 1056 1517 nempe
1084 1470 1220 1518 obpug-

61 1547 63 1549 ’
101 1534 216 1569 nandi
250 1539 364 1570 erant.
423 1535 558 1575 Quid?
589 1535 639 1570 ad
675 1534 930 1582 Thermopylas
964 1546 1107 1582 aequone
1144 1535 1221 1570 loco

104 1597 171 1634 Μ’.
184 1598 324 1634 Acilius
341 1610 420 1634 cum
439 1610 522 1645 rege
539 1598 716 1634 Antiocho
731 1600 908 1646 pugnavit
923 1600 944 1633 ,9
974 1599 1072 1639 Quid
1087 1599 1108 1634 f>
1127 1599 1218 1634 Phi-

105 1662 240 1711 lippum
266 1674 335 1697 non
353 1663 474 1698 eodem
492 1663 596 1698 modo
613 1674 719 1710 super
736 1664 854 1698 Aoum
883 1675 1023 1698 amnem
1041 1661 1136 1710 juga
1166 1668 1219 1699 te-

103 1730 243 1761 nentem
272 1728 445 1762 montium
480 1727 520 1763 T.
540 1728 727 1768 Quinctius
755 1725 917 1772 dejecit?
945 1727 1122 1774 Equidem
1151 1728 1218 1763 ad-
1242 1735 1248 1739 ‘

107 1789 187 1831 huc,
216 1791 359 1838 qualem
387 1795 451 1826 aut
478 1790 544 1826 sibi
559 1791 720 1839 fingant,
751 1795 817 1825 aut
843 1790 940 1826 vobis
967 1792 1080 1826 vid-eri
1108 1792 1220 1827 velint

103 1853 235 1890 hostem
252 1853 385 1901 fuisse,
404 1867 475 1890 non
503 1857 653 1890 invenio.
710 1855 753 1890 Si
782 1855 988 1901 degenerem
1016 1860 1051 1890 et
1079 1857 1219 1891 emolli-

105 1922 180 1953 tum
199 1920 404 1954 amoenitate
422 1920 530 1962 Asiae,
551 1921 638 1967 quid
654 1920 808 1967 periculi
826 1920 883 1954 vel
902 1921 1022 1967 iniquo
1044 1920 1120 1954 loco
1138 1920 1219 1955 sub-

104 1982 264 2018 euntibus
280 1982 400 2032 fuit?
425 1985 457 2019 si
486 1985 682 2019 timendum
708 1989 742 2019 et
760 1983 918 2032 feritate
947 1985 1161 2024 animorum,
1185 1989 1221 2019 et

103 2045 225 2081 robore
245 2059 447 2095 corporum,
468 2047 593 2083 huicne
615 2052 725 2083 tantae
742 2049 900 2083 victoria?
919 2047 1137 2094 triumphum
1157 2059 1220 2082 *ne-

102 2113 233 2158 gatis?
262 2113 363 2150 Caeca
390 2115 526 2150 invidia
552 2119 617 2156 est,
645 2114 776 2149 Patres
799 2114 1001 2160 conscripti,
1026 2124 1088 2147 nec
1114 2113 1219 2160 quill»

104 2188 213 2224 quam
231 2178 333 2213 aliud
348 2180 427 2221 scit,
449 2190 557 2226 quam
577 2180 781 2215 detractare
804 2180 966 2220 virtutes,
987 2190 1221 2225 conrumpere

103 2242 252 2278 honores
270 2256 311 2279 ac
326 2246 477 2291 praemia
492 2257 615 2281 earum
632 2261 644 2281 .·
672 2245 774 2286 mihi,
795 2257 922 2292 qua’so,
945 2246 995 2280 ita
1015 2246 1218 2290 ignoscatis,

105 2306 233 2342 Patres
251 2309 453 2356 conscripti,
471 2310 503 2345 si
522 2309 716 2357 longiorem
735 2309 931 2345 orationem
951 2320 1020 2344 non
1040 2308 1221 2356 cupiditas
