1546 2648
298 197 383 240 312
443 173 448 180 ⁵
729 195 774 224 T.
809 195 941 224 mvn

106 285 151 316 U·
165 285 199 316 C·
216 290 288 320 578·
302 284 460 334 scriptas
490 295 571 319 esse
591 283 831 319 censentibus
858 283 1000 326 literas,
1021 290 1134 332 atque
1152 283 1212 320 his
1230 283 1408 324 ma'xime,

106 328 146 358 A.
163 329 199 359 C.
219 334 290 364 174.

303 349 365 397 qui
385 353 522 398 praeter
548 360 653 398 spem
683 348 869 397 recepturi
889 354 1014 383 essent
1034 347 1172 383 amissa
1190 347 1405 396 mancipia5

107 408 282 440 Callicratis
303 410 522 447 Callicrates
543 423 587 446 ex
610 411 668 453 iis,
690 411 752 459 qui
773 411 812 446 in
833 422 878 446 eo
895 411 987 445 verti
1009 410 1168 446 salutem
1189 409 1312 459 gentis
1330 421 1409 445 cre-

107 451 255 482 adversus

107 502 216 532 regem
231 504 266 524 o-

106 543 195 567 ratio.

301 474 446 517 derent,
467 474 501 509 si
528 486 613 508 cum
641 472 827 509 Romanis
858 472 1081 509 inviolatum
1100 473 1223 509 foedus
1243 484 1409 508 servare-

299 546 374 581 tur,
398 538 533 578 Parva,
555 537 691 586 inquit,
717 542 782 573 aut
811 538 997 573 mediocris
1024 549 1092 579 res,
1113 537 1248 579 Achaei,
1270 537 1411 584 quibus-

299 602 383 638 dam
411 602 552 637 videtur
580 601 642 647 agi
652 617 664 643 ,-
695 612 758 646 ego
786 601 938 635 maxime
963 601 1211 647 gravissimam
1238 600 1409 641 omnium,

298 677 369 700 non
397 666 526 711 agique
541 671 543 674 ’
556 668 696 698 tantum
725 663 893 704 arbitror,
913 664 975 697 sed
997 664 1151 710 quodam
1170 664 1274 698 modo
1293 667 1412 698 actam

299 738 380 763 esse.
438 727 535 762 Nam
564 726 625 773 qui
654 725 791 772 regibus
809 724 1064 768 IWIacedonum,
1089 725 1412 773 Macedonibusque

297 794 397 841 ipsis,
414 791 549 840 finibus
577 792 893 831 interdixissemus,
915 800 1126 836 manereque
1151 790 1189 824 id
1217 790 1410 831 decretum,

299 857 448 898 scilicet,
479 867 522 891 ne
552 856 701 902 legatos,
722 867 766 890 ne
798 855 945 890 nuncios
976 855 1245 889 admitteremus
1272 865 1410 902 regum,

296 934 364 970 per
392 933 478 969 quos
502 921 705 968 aliquorum
735 932 777 955 ex
806 919 903 955 nobis
922 920 1035 954 animi
1051 919 1354 961 solstcz’tmentum
1384 919 1412 953 ii

300 989 567 1023 concionantem
587 987 742 1033 quodam
770 986 873 1020 modo
890 984 1067 1021 absentem
1093 986 1259 1020 audimus
1277 995 1409 1031 regem,

301 1055 348 1092 et,
368 1051 397 1085 si
417 1050 503 1085 Diis
520 1050 653 1097 placet,
674 1049 871 1084 orationem
891 1046 963 1094 ejus
978 1047 1180 1095 probamus.
1218 1048 1281 1090 Et,
1303 1059 1410 1095 quum

291 1113 388 1162 ferae
406 1114 521 1149 bestiae
540 1113 653 1148 cibum
668 1113 716 1147 ad
724 1111 900 1160 fraudem
914 1123 1015 1147 suam
1031 1112 1189 1158 positum
1205 1111 1413 1158 plerumque

301 1180 560 1225 adspernentur
579 1181 613 1212 et
631 1175 831 1225 refugiant,
852 1188 914 1211 nos
942 1177 1036 1217 caeci,
1056 1176 1171 1222 specie
1187 1176 1294 1222 parvi
1311 1175 1411 1210 bene-

289 1242 386 1290 ficii,
421 1242 644 1276 inescamur:
673 1244 720 1281 et,
755 1239 975 1274 servulorum
1008 1239 1147 1273 minimi
1175 1238 1286 1286 pretii
1320 1239 1410 1273 reci—

298 1305 512 1352 piendorum
539 1315 613 1350 spe,
634 1307 793 1338 nostram
824 1303 981 1349 ipsorum
1010 1301 1210 1336 libertatem
1230 1300 1352 1336 subrui
1377 1306 1411 1336 et

303 1369 434 1404 tentari
451 1369 624 1415 patimur.
683 1367 770 1408 Quis
788 1367 879 1401 enim
901 1357 972 1401 non
987 1366 1096 1406 videt,
1117 1366 1211 1400 viam
1233 1366 1337 1412 regiae
1352 1376 1408 1400 so-

302 1433 439 1468 cietatis
455 1432 578 1479 quaeri,
600 1443 670 1478 qua
691 1431 895 1466 Romanum
905 1429 1043 1478 foeduS,
1064 1441 1132 1477 quo
1150 1434 1271 1465 nostra
1291 1430 1411 1464 omnia

302 1498 538 1537 continentur,
559 1496 710 1530 violetur
727 1496 747 1530 :9
775 1495 857 1531 Nisi
876 1494 940 1529 hoc
960 1494 1105 1531 dubium
1124 1494 1235 1529 alicui
1253 1497 1317 1535 est,
1339 1493 1409 1528 bel-

302 1561 450 1595 landum
472 1559 646 1595 Romanis
674 1571 752 1595 cum
773 1559 902 1594 Perseo
931 1570 1014 1600 esse,
1037 1563 1084 1600 et,
1109 1558 1204 1606 quod
1221 1558 1299 1593 vivo
1319 1557 1411 1593 Phi-

304 1624 402 1671 lippo
422 1627 674 1670 exspectatum,
692 1626 806 1657 morte
824 1620 898 1667 ejus
914 1622 1182 1669 interpellatum
1197 1625 1260 1663 est,
1277 1621 1314 1656 id
1331 1624 1410 1668 post

302 1691 451 1722 mortem
471 1685 637 1733 Philippi
651 1684 836 1733 futurum.
894 1686 1013 1728 Duos,
1033 1689 1074 1720 ut
1091 1685 1199 1725 scitis,
1221 1683 1343 1719 habuit
1354 1683 1408 1732 fi-

303 1751 368 1786 lios
388 1750 593 1798 Philippus,
615 1750 845 1786 Demetrium
868 1754 903 1784 et
922 1749 1064 1785 Persea.
1126 1748 1259 1783 Genere
1277 1752 1409 1782 mater-

300 1826 359 1855 no,
380 1816 525 1855 virtute,
545 1815 697 1860 ingenio,
713 1812 849 1860 favore
868 1813 1120 1854 Macedonum,
1142 1813 1244 1859 longe
1269 1813 1409 1859 praesti-

303 1879 346 1913 tit
366 1878 585 1912 Demetrius.
643 1876 715 1911 Sed
730 1878 813 1924 quia
832 1878 868 1912 in
890 1876 1070 1912 Romanos
1089 1877 1161 1911 odii
1181 1888 1325 1923 regnum
1343 1887 1409 1923 po·

299 1945 420 1976 suerat
433 1941 636 1988 praemium,
657 1939 885 1976 Demetrium
911 1940 1010 1975 nullo
1029 1941 1102 1975 alio
1121 1940 1282 1981 crimine,
1303 1951 1409 1986 quam

302 2005 475 2040 Romanae
502 2005 669 2039 amicitiae
696 2005 805 2046 z'nitae,
827 2005 980 2040 occidit:
1009 2005 1155 2046 Persea,
1177 2015 1278 2051 quem
1293 2014 1410 2051 popu-

302 2069 356 2105 lus
375 2069 557 2104 Romanus
583 2069 684 2115 prius
703 2081 828 2116 poenae,
849 2081 956 2116 quam
972 2070 1086 2115 regni,
1107 2067 1280 2103 haeredem
1297 2065 1411 2114 futu·

300 2144 381 2167 rum
407 2131 548 2174 sciebat,
579 2143 697 2178 regem
714 2131 821 2179 fecit.
882 2133 1007 2179 ltaque
1025 2133 1109 2179 quid
1134 2131 1190 2167 hic
1215 2134 1296 2178 post
1313 2141 1410 2166 mor·

302 2200 370 2233 tem
388 2197 505 2243 patris
532 2196 605 2242 egit
633 2196 748 2237 aliud,
770 2208 878 2242 quam
895 2196 1025 2232 bellum
1042 2196 1188 2243 paravit
1204 2196 1226 2229 ,Ρ
1257 2194 1408 2230 Bastar-

301 2270 364 2294 nas
378 2259 537 2306 primum
556 2258 603 2293 ad
623 2262 787 2296 terrorem
808 2260 966 2294 omnium
992 2260 1029 2294 in
1049 2258 1283 2294 Dardaniam
1302 2257 1406 2293 inmi-

284 2324 345 2375 ,³55
361 2338 372 2358 .·
401 2323 461 2371 qui
479 2324 509 2358 si
527 2323 642 2358 sedem
662 2335 739 2359 eam
760 2324 962 2366 tenuissent,
981 2324 1161 2371 graviores
1179 2332 1236 2358 eos
1262 2321 1407 2363 adcolae
