1546 2648
296 165 377 208 552
734 165 978 195 EPITOMAE

799 275 905 313 LIV.

300 361 363 424 Q.
385 374 661 410 PoMPfflUs
678 374 800 410 consui
819 375 855 409 in
869 373 1048 421 Hispania
1073 373 1305 410 Termestinos
1322 375 1402 411 sub-

292 444 390 489 egit:
426 452 504 476 cum
531 440 661 475 eisdem
692 442 726 474 et
762 438 994 474 Numantinis
1019 449 1142 485 pacem
1174 438 1218 474 ab
1251 439 1399 488 infirmi·

291 511 368 542 tate
385 504 494 554 fecit.
537 503 709 540 Lustrum
729 516 751 539 a
770 502 964 538 censoribus
982 503 1162 538 conditum
1181 506 1242 539 est.
1287 503 1398 539 Censa

290 571 420 606 civium
439 570 562 616 capita
577 571 734 603 trecenta
751 567 879 613 viginti
897 570 974 601 octo
988 567 1119 608 millia,
1136 567 1399 614 quadringenta

290 634 531 682 quadraginta
550 632 632 667 duo.
691 631 808 670 Quum
827 629 1066 665 Macedonum
1094 630 1206 676 legati
1230 642 1396 678 conques-

289 701 365 733 tum
397 697 440 732 de
458 697 513 732 D.
533 695 645 732 Junio
674 694 802 730 Silano
825 698 981 741 praetore
1003 695 1190 736 venissent,
1224 695 1318 741 quod
1335 706 1397 730 ac-

285 764 396 810 ceptis
429 763 586 810 pecuniis
623 761 848 808 provinciam
882 760 1078 806 spoliasset,
1112 762 1147 794 et
1183 763 1325 795 senatus
1354 760 1398 796 de

283 827 437 875 querelis
454 837 576 861 eorum
593 825 701 860 vellet
724 835 927 871 cognoscere
939 839 950 866 ‚·
986 823 1025 858 T.
1045 822 1210 858 Manlius
1233 824 1394 871 Torqua·

285 896 354 932 tus,
383 895 489 938 pater
507 889 641 931 Silani,
666 890 786 936 petiit,
806 889 1081 935 inpetravitque,
1102 892 1142 923 ut
1158 888 1222 924 sibi
1241 888 1394 934 cognitio

283 955 517 990 mandaretur
533 968 545 989 :
573 957 621 994 et,
643 954 739 988 (lomi
767 963 892 988 caussa
911 953 1066 998 cognita,
1084 952 1209 1000 filium
1228 952 1391 987 condem-

281 1019 396 1060 navit,
417 1018 690 1064 abdicavitque,·
719 1028 763 1052 ac
781 1027 824 1051 ne
841 1014 973 1063 funeri
1002 1016 1142 1062 quidem
1170 1013 1244 1061 ejus
1265 1017 1392 1063 (quum

278 1083 464 1129 suspendio
483 1083 593 1117 vitam
601 1080 760 1128 finisset)
786 1078 954 1126 interfuit
966 1095 980 1122 ;
1008 1079 1196 1126 sedensque
1210 1080 1307 1115 domi
1320 1091 1389 1127 po-

280 1151 443 1182 testatem
473 1144 754 1181 consultantibus
785 1155 827 1179 ex
854 1144 1016 1179 instituto
1034 1142 1140 1191 secit.
1200 1143 1242 1184 Q.
1261 1143 1390 1179 Fabius

275 1210 468 1258 proconsul
492 1209 593 1244 rebus
619 1210 656 1243 in
674 1207 855 1255 Hispania
880 1217 1050 1255 prospere
1073 1208 1181 1253 gestis
1200 1206 1313 1243 labem
1332 1208 1388 1243 in·

273 1275 406 1322 posuit,
439 1285 528 1321 pace
550 1285 627 1309 cum
653 1271 817 1307 Viriatho
848 1273 956 1319 aequis
989 1271 1247 1307 conditionibus
1261 1270 1387 1320 facta.

281 1338 466 1374 Viriathus
497 1351 519 1372 a
546 1336 799 1384 proditoribus,
838 1337 983 1372 consilio
1023 1336 1168 1372 Servilii
1201 1335 1386 1383 Caepionis,

275 1401 484 1450 interfectus
501 1406 565 1443 est,
585 1406 620 1436 et
639 1400 682 1436 ab
701 1401 856 1436 exercitu
874 1412 936 1436 suo
954 1401 1108 1436 multum
1131 1400 1384 1447 comploratus,

273 1477 317 1500 ac
335 1465 498 1500 nobiliter
521 1465 703 1510 sepultus,·
732 1465 787 1499 vir
805 1465 944 1511 duxque
964 1475 1125 1510 magnus,
1152 1468 1186 1498 et
1212 1474 1276 1510 per
1295 1474 1385 1510 qua-

274 1530 471 1564 tuordecim
500 1540 623 1570 annos,
654 1528 778 1576 quibus
805 1539 884 1563 cum
905 1527 1080 1563 Romanis
1108 1527 1236 1562 bellum
1262 1527 1384 1575 gessit,

260 1591 490 1640 frequentius
507 1593 678 1640 superior.

778 1691 862 1728 LV.

270 1770 335 1822 P.
357 1787 622 1824 CORNELIO
651 1788 799 1830 Nasica,
820 1790 877 1824 cui
895 1799 1086 1833 cognomen
1102 1786 1280 1833 Serapion
1297 1784 1381 1832 fuit

267 1852 311 1887 ab
343 1853 519 1887 inridente
545 1851 708 1886 Curiatio
735 1851 875 1886 tribuno
902 1851 1013 1898 plebis
1041 1851 1245 1897 inpositum,
1269 1854 1304 1884 et
1323 1850 1377 1886 D.

264 1916 377 1952 Junio
410 1916 526 1951 Bruto
555 1915 752 1951 consulibus
781 1916 950 1950 delectum
982 1914 1196 1954 habentibus,
1227 1915 1263 1949 in
1294 1925 1376 1949 con-

262 1984 384 2027 spectu
403 1981 559 2014 tironum
578 1990 633 2014 res
650 1978 872 2014 saluberrimi
891 1978 1041 2024 exempli
1059 1977 1170 2024 facta
1189 1981 1264 2013 est:
1292 1989 1376 2012 nam

267 2044 305 2078 C.
326 2043 512 2077 Matienus
537 2047 722 2078 accusatus
750 2046 801 2077 est
823 2042 919 2089 apud
948 2041 1102 2076 tribunos
1127 2040 1251 2087 plebis,
1281 2040 1377 2087 quod

263 2109 453 2142 'exercitum
484 2108 521 2141 in
546 2107 729 2154 Hispania
754 2108 988 2142 deseruisset:
1017 2106 1285 2150 damnatusque,
1313 2104 1376 2140 sub

251 2169 367 2218 furca
392 2171 453 2205 diu
482 2171 591 2217 virgis
615 2182 721 2205 casus
746 2175 810 2211 est,
832 2174 867 2205 et
894 2170 1053 2204 sestertio
1081 2179 1224 2203 nummo
1251 2169 1374 2205 veniit.

268 2231 414 2269 Tribuni
440 2233 565 2280 plebis,
596 2235 681 2280 quia
715 2245 786 2268 non
820 2235 1053 2280 inpetrarent‚
1090 2237 1128 2267 ut
1158 2231 1224 2267 sibi
1253 2232 1371 2275 denos,

261 2309 346 2347 quos
363 2298 507 2340 vellent,
527 2298 660 2333 milites
681 2299 832 2333 eximere
865 2298 998 2340 liceret,
1020 2296 1176 2333 consules
1199 2297 1234 2332 in
1254 2307 1371 2333 carce-
