1546 2648
134 400 244 432 Oratio

133 443 258 475 AEmilii
274 447 314 478 ad

134 487 260 518 milites.

126 1565 237 1595 Fervet
251 1564 284 1596 in

125 1614 233 1639 castns

126 1659 217 1690 opus.

347 177 434 229 464
783 187 827 216 rr.
851 188 983 218 mvn

403 274 598 313 XXXIV.
627 274 723 314 Haec
751 289 867 327 quum
896 279 949 315 ita
978 277 1059 315 fieri
1083 277 1246 329 placere,
1273 279 1456 316 concione

307 338 316 349 '
349 339 548 383 advocata,
585 341 886 391 pronunciasset,
923 340 1064 391 adjecit
1096 341 1248 378 urbanae
1281 341 1457 379 concioni

348 404 636 440 convenientem
655 404 881 442 orationem.
933 406 1053 443 Unum
1069 406 1322 454 imperatorem
1341 407 1379 442 in
1396 417 1456 442 ex-

344 469 461 504 ercitu
477 469 663 516 providere
681 474 716 505 et
734 469 927 512 consulere,
945 470 1034 517 quid
1051 471 1227 518 agendum
1244 471 1304 512 sit,
1320 469 1456 512 debere,

346 544 441 569 nunc
455 544 522 581 per
538 545 588 576 se,
607 544 702 569 nunc
720 545 801 569 cum
829 534 886 576 iis,
917 545 1004 582 quos
1025 535 1253 571 advocaverit
1279 535 1319 570 in
1344 535 1458 570 consi·-

345 597 434 632 lz'um
446 612 459 634 .·
477 597 539 644 qui
556 608 627 631 non
644 597 716 631 sint
734 596 915 639 advocati,
931 608 989 632 eos
1005 608 1070 633 nec
1082 597 1224 645 palam,
1242 609 1307 634 nec
1323 602 1457 633 secreto

328 677 332 680 >
335 658 479 705 jactare
498 660 647 696 consilia
664 671 742 696 sua.
798 659 959 696 Militem
984 660 1059 696 haec
1083 661 1155 696 tria
1177 672 1302 696 curare
1319 660 1454 703 debere,

343 734 472 772 corpus
490 728 531 760 ut
552 735 661 772 quam
678 724 938 760 validissimum
956 728 991 760 et
1012 725 1296 772 pernicissimum
1313 723 1455 767 habeat,

343 800 448 824 arma
466 792 568 836 apta,
589 788 705 824 cibum
719 792 894 836 paratum
912 789 961 824 ad
983 788 1101 824 subita
1127 790 1308 837 imperia:
1338 793 1456 825 cetera

342 852 432 888 seire
455 852 499 888 de
521 863 558 888 se
584 852 673 888 Diis
698 850 947 888 inmortalibus
977 856 1014 888 et
1043 853 1253 900 imperatori
1277 863 1340 888 suo
1362 862 1455 888 curae

341 927 425 953 esse.
481 916 526 952 In
544 928 613 965 quo
632 917 788 953 exercitu
805 916 950 960 milites,
971 916 1104 959 consul,
1124 921 1158 952 et
1179 917 1373 964 imperator
1391 927 1454 952 ru-

342 982 496 1018 moribus
512 982 613 1030 vulgi
631 983 911 1030 circumagatur,
930 981 979 1018 ibi
996 981 1087 1018 nihil
1103 982 1264 1018 salutare
1280 992 1361 1018 esse.
1390 981 1452 1024 Se,

342 1046 439 1093 quod
454 1047 503 1081 sit
521 1045 676 1094 officium
703 1046 943 1094 imperatoris,
970 1047 1211 1093 provisurum,
1234 1049 1275 1081 ut
1293 1045 1376 1081 bene
1389 1056 1454 1093 ge·

342 1109 462 1146 rendae
479 1111 532 1145 rei
551 1111 768 1146 occasionem
786 1111 836 1146 eis
849 1109 1008 1158 praebeat
1022 1126 1035 1147 .·
1061 1110 1143 1146 illos
1159 1109 1263 1152 nihil,
1283 1110 1377 1158 quod
1384 1108 1456 1158 fu-

343 1176 465 1208 turum
483 1174 546 1215 sit,
570 1184 751 1222 quaerere:
780 1173 840 1209 ubi
869 1174 994 1209 datum
1020 1174 1159 1221 signum
1177 1173 1237 1216 sit,
1265 1177 1340 1209 tum
1358 1173 1457 1208 mili-

342 1241 454 1274 tarem
473 1249 620 1285 operam
636 1249 784 1275 navare.
838 1236 902 1274 Ab
929 1237 989 1273 his
1015 1236 1212 1288 praeceptis
1231 1236 1456 1273 concionem

341 1300 506 1346 dimisit3
538 1300 652 1350 vulgo
690 1301 805 1338 etiam
837 1301 1025 1338 veteranis
1057 1299 1280 1344 fatentibus,
1312 1312 1353 1336 se
1387 1299 1455 1336 illo

339 1364 504 1414 primum
528 1365 603 1410 die,
623 1371 816 1414 tamquam
846 1366 1005 1410 tirones,
1034 1366 1124 1415 quid
1148 1365 1336 1415 agendum
1355 1370 1454 1401 esset

339 1428 380 1464 in
409 1440 450 1464 re
471 1428 640 1473 militari,
673 1429 859 1467 didicisse.
915 1430 1008 1466 Non
1034 1429 1270 1466 sermonibus
1302 1434 1453 1465 tantum

338 1492 417 1538 his,
449 1507 534 1531 cum
565 1501 711 1545 quanto
744 1496 906 1532 adsensu
930 1496 1122 1533 audissent
1139 1495 1254 1533 verba
1273 1494 1454 1541 consulis,

339 1558 614 1604 ostenderunt3
644 1558 708 1594 sed
728 1571 853 1595 rerum
872 1571 1035 1609 praesens
1056 1558 1210 1595 effectus
1230 1564 1323 1596 erat.
1369 1557 1452 1594 Ne·

337 1621 480 1658 minem
511 1622 603 1658 totis
632 1634 723 1658 mox
757 1623 888 1658 castris
921 1623 1091 1672 quietum
1119 1622 1285 1658 videres:
1318 1633 1452 1658 acuere

339 1686 403 1723 alii
422 1686 568 1736 gladios
587 1701 595 1724 :
627 1687 692 1724 alii
711 1686 838 1736 galeas
857 1687 1127 1737 bucculasque,
1151 1693 1259 1723 scuta
1276 1685 1340 1723 alii
1358 1685 1450 1723 lori·

337 1762 475 1800 casque
494 1757 666 1800 tergere:
699 1750 762 1787 alii
793 1757 924 1802 aptare
954 1751 1105 1801 corpori
1131 1762 1249 1793 arma,
1269 1750 1450 1800 experiri-

336 1827 409 1863 que
441 1814 510 1851 sub
543 1815 601 1851 his
634 1814 888 1851 membrorum
924 1815 1161 1863 agilitatem:
1197 1819 1353 1863 quatere
1383 1813 1448 1849 alii

336 1877 428 1929 pila,
454 1878 518 1916 alii
543 1880 682 1915 micare
708 1879 857 1928 gladiis,
886 1891 1180 1929 mucronemque
1212 1879 1373 1915 intueri:
1406 1885 1449 1915 ut

336 1935 448 1979 facile
467 1943 548 1992 quis
570 1952 752 1987 cerneret,
782 1943 846 1980 ubi
872 1944 1033 1995 primum
1054 1942 1275 1979 conserendi
1293 1955 1448 1981 manum

337 2020 423 2044 cum
448 2008 559 2044 hoste
587 2008 676 2044 data
704 2009 857 2044 occasio
886 2013 997 2050 esset,
1019 2013 1084 2044 aut
1102 2006 1261 2043 victoria
1279 2007 1445 2055 egregia,

337 2077 403 2108 aut
434 2078 556 2108 morte
589 2071 826 2108 memorabili
864 2072 1025 2108 inituros
1062 2070 1215 2107 bellum.
1285 2070 1445 2107 Perseus

337 2148 488 2185 quoque
508 2148 637 2184 quum,
667 2136 832 2172 adventu
852 2135 1017 2173 consulis
1043 2134 1155 2171 simul
1172 2140 1210 2171 et
1227 2135 1323 2171 veris
1343 2135 1447 2185 prin-

294 2234 297 2235 7
335 2199 450 2249 clpio,
471 2205 636 2250 strepere
655 2200 784 2236 omnia
802 2200 1019 2249 moverique
1045 2199 1144 2249 apud
1171 2199 1315 2247 hostes,
1344 2197 1446 2236 velut

335 2275 436 2301 novo
454 2262 569 2309 bello,
589 2271 774 2310 cerneret,
795 2270 899 2302 mota
919 2277 939 2301 a
961 2262 1070 2302 Phila
1089 2270 1213 2301 castra
1231 2263 1270 2302 in
1289 2262 1443 2300 adversa

1540 1156 1546 1300 ὲ
