1546 2648
449 138 658 170 menon.
685 138 905 168 DEPERD.
1148 128 1233 184 569

117 237 264 275 structo,
296 233 368 280 ipse
385 243 495 280 supra
519 242 645 279 rogum
671 241 707 266 se
732 228 942 279 transfodit,
964 233 999 265 et
1017 229 1139 266 eodem
1157 230 1234 278 igni

117 301 318 333 consumtus
342 300 402 332 est.
460 295 511 331 Et
530 307 639 344 quum
667 294 819 342 obprimi
845 295 939 330 inter
960 295 1066 330 initia
1093 296 1232 343 potuis·

112 365 202 403 sent,
233 360 295 397 Cn.
316 360 481 407 Pompeii
497 358 653 407 fraude,
688 359 762 406 qui,
790 363 979 406 utramque
1004 363 1145 406 partem
1161 357 1231 407 so-

114 425 238 466 vendo,
259 426 350 460 vires
377 423 499 459 Cinnce
528 424 639 465 dedit,
665 435 729 458 nec
752 423 821 458 nisi
848 422 1047 472 prcfiigatis
1076 424 1230 471 optima-

114 491 200 525 tium
221 489 321 526 rebus
346 490 518 525 auxilium
550 490 650 533 tulit,
681 493 716 524 et
746 490 898 524 consulis
925 490 1074 536 segnitie
1102 501 1165 524 con
1193 501 1230 525 r-

112 555 202 589 rnati
231 553 344 589 Cinna
366 558 402 589 et
431 553 574 589 IVIarius
603 558 758 601 quatuor
790 553 1010 594 exercitibus,
1040 564 1082 587 ex
1106 553 1230 600 quibus

111 618 182 653 duo
204 618 248 658 Q.
269 617 429 654 Sertorio
456 621 491 653 et
512 617 666 652 Carboni
692 618 770 652 clati
798 621 894 658 sunt,
925 616 1043 652 urbem
1077 616 1227 652 circum-

108 684 286 720 sederunt.
326 684 463 719 Ostiam
482 684 659 719 coloniam
679 683 823 719 Marius
841 683 1070 732 eapugnavit,
1091 686 1125 719 et
1145 694 1225 719 cru·

109 748 237 784 deliter
256 749 420 797 diripuit.

588 845 764 884 LXXX.

106 921 143 973 Ι
145 937 352 981 TALICIS
359 958 362 960 v
373 934 521 986 populis
540 950 562 973 a
579 943 703 974 senatu
723 940 850 975 civitas
878 939 966 975 data
994 945 1056 976 est.
1114 940 1221 978 Sam-

103 1005 206 1045 nites,
227 1004 288 1050 qui
305 1003 372 1038 soli
391 1015 495 1038 arma
513 1003 726 1046 retinebant,
751 1003 874 1039 Cinnae
893 1008 927 1039 et
943 1004 1065 1040 Mario
1082 1014 1119 1040 se
1137 1018 1222 1041 eon-

93 1066 319 1114 junxerunt:
353 1067 397 1102 ab
431 1068 676 1115 iisPlautius
709 1080 788 1103 cum
825 1070 981 1104 exercitu
1014 1081 1121 1104 caesus
1157 1073 1220 1106 est.

105 1132 221 1168 Cinna
245 1137 281 1167 et
299 1131 443 1167 Marius
471 1144 551 1168 cum
572 1132 730 1168 Carbone
757 1137 791 1168 et
821 1132 982 1168 Sertorio
1007 1132 1220 1169 Janiculum

100 1200 374 1243 occupaverunt,
396 1200 431 1231 et
447 1195 580 1244 fugati
604 1196 648 1231 ab
668 1196 815 1231 Octavio
834 1196 975 1231 consule
992 1201 1218 1235 recesserunt.

99 1259 244 1297 Marius
261 1262 427 1302 Antium,
458 1264 493 1295 et
507 1259 683 1302 Ariciam,
703 1265 738 1296 et
756 1260 961 1296 Lanuvium
981 1260 1137 1297 colonias
1156 1261 1217 1297 cle-

100 1326 266 1360 vastavit.
326 1325 444 1365 Quum
463 1326 567 1361 nulla
584 1337 662 1373 spes
680 1331 766 1361 esset
785 1324 1014 1373 optimatibus
1032 1325 1220 1361 resistendi

93 1393 244 1437 propter
274 1389 457 1436 segnitiem
489 1394 525 1424 et
550 1389 738 1437 perfidiam
766 1394 801 1436 et
829 1390 959 1425 ducum
985 1393 1021 1424 et
1045 1389 1217 1431 rnilitum,

97 1453 158 1501 qui
189 1455 355 1501 conrupti
386 1458 452 1490 aut
478 1465 642 1502 pugnare
674 1453 855 1495 nolebant,
891 1457 957 1488 aut
987 1452 1036 1488 ad
1061 1453 1218 1488 diversas

93 1522 218 1566 partes
248 1518 459 1560 transibant,
497 1518 611 1553 Cinna
641 1522 676 1553 et
701 1517 845 1553 Marius
874 1519 911 1553 in
941 1517 1061 1552 urbem
1084 1518 1218 1564 recepti
1246 1540 1252 1546 2

97 1585 207 1617 sunt:
237 1583 310 1629 qui,
331 1583 429 1618 velut
461 1586 620 1629 captam,
642 1593 720 1617 eam
741 1581 891 1617 caedibus
914 1585 949 1617 et
973 1581 1112 1629 rapinis
1137 1592 1218 1616 vas-v

97 1649 236 1688 tarunt,
261 1646 323 1683 Cn.
342 1648 489 1682 Octavio
509 1646 650 1681 consule
668 1647 795 1688 occiso,
822 1650 857 1681 et
876 1644 1036 1680 omnibus
1063 1645 1219 1680 adversoe

91 1711 210 1758 partis
235 1710 407 1746 nobilibus
434 1711 637 1752 trucidatis,
669 1711 763 1745 inter
789 1721 876 1758 quos
895 1709 949 1744 M.
963 1709 1123 1744 Antonio
1142 1708 1216 1743 elo-

94 1776 321 1822 quentissimo
352 1776 442 1817 vim,
478 1775 521 1811 L.
548 1779 584 1810 et
611 1774 649 1810 C.
681 1775 830 1817 Ccesare,
861 1785 1010 1822 quorum
1039 1773 1161 1820 capita
1180 1774 1217 1808 in

92 1840 218 1874 rostris
242 1841 361 1886 posita
388 1844 482 1875 sunt.
549 1839 695 1875 Crassus
709 1839 816 1887 filius
844 1837 888 1873 ab
920 1837 1095 1885 equitibus
1119 1836 1216 1872 Fim-

92 1901 175 1937 briae
201 1904 357 1939 occisus:
384 1908 491 1951 pater
512 1902 672 1944 Crassus,
700 1914 744 1937 ne
772 1902 859 1949 quid
879 1902 1064 1948 indignum
1086 1901 1219 1935 virtute

92 1976 159 2000 sua
185 1970 384 2013 pateretur,
402 1967 527 2013 gladio
554 1978 590 2002 se
624 1965 812 2014 transfixit.
870 1964 921 1999 Et
943 1965 1034 1999 citra
1059 1963 1136 1998 ulla
1156 1974 1215 1998 co-

91 2029 197 2064 mitia
223 2030 380 2065 consules
401 2031 434 2065 in
452 2033 654 2077 sequentem
683 2040 818 2064 annum
843 2039 880 2063 se
905 2029 999 2076 ipsos
1023 2027 1215 2062 renuncia-

93 2097 244 2129 verunt:
274 2094 464 2142 eodemque
485 2094 554 2136 die,
575 2105 644 2141 quo
663 2093 916 2139 magistratum
935 2092 1105 2131 inierant,
1128 2089 1216 2126 Ma-

92 2157 167 2191 rius
196 2155 278 2192 Sex.
306 2157 488 2193 Licinium
518 2161 718 2193 senatorem
750 2156 794 2191 de
825 2166 911 2191 saxo
944 2152 1050 2200 dejici
1076 2151 1214 2199 jussit3

93 2221 268 2268 editisque
296 2221 419 2257 multis
446 2221 646 2264 sceleribus,
679 2220 800 2257 Idibus
825 2219 1016 2256 Januariis
1037 2218 1186 2253 decessit
1200 2231 1214 2253 .-

93 2285 162 2327 vir,
190 2283 287 2331 cujus
317 2286 348 2322 si
377 2287 625 2322 examinentur
650 2297 730 2323 cum
756 2284 947 2323 virtutibus
975 2283 1078 2324 vitia,
1111 2280 1213 2318 haud
