1546 2648
298 159 352 202 88
457 211 461 219 Α
753 169 799 200 τ.
823 170 955 203 mvn

98 264 142 296 U.
156 264 192 297 C.
208 269 281 295 563.
295 269 582 308 marmoreaque
601 263 640 294 et
658 255 796 295 tabulae
817 260 942 309 pictae,
963 258 1098 309 quibus
1122 260 1293 298 ornatior
1311 260 1405 299 Am-

97 308 127 339 A

82 2189 148 2220 Pax
163 2189 256 2220 AEto-

79 2232 117 2262 lis
134 2234 206 2263 data

83 2275 208 2308 Romae.

129 309 188 342 'C'
210 314 280 342 ¹⁸⁹·
294 325 436 368 bracia,
467 324 572 373 (quia
601 323 704 372 regia
732 323 784 359 ibi
812 323 943 372 Pyrrhi
970 323 1110 372 fuerat)
1134 338 1243 374 quam
1270 331 1404 362 ceterae

292 389 459 438 regionis
480 387 559 438 ejus
582 387 689 423 urbes
712 393 833 429 erant,
855 386 1004 425 sublata
1024 390 1152 426 onmia
1171 397 1400 439 avectaque:

291 453 388 491 nihil
407 444 587 504 prinei-ea
607 458 749 487 tactum
771 451 1011 490 violatumve.

344 518 397 555 X.
428 516 625 553 Profectus
643 515 689 552 ab
706 516 907 552 Ambracia
922 516 1051 553 consul
1074 518 1110 554 in
1128 518 1403 554 mediterranea

288 581 461 624 AEtoliae‚
484 581 529 617 ad
555 582 680 629 Argos
702 579 1010 630 Amphilochium
1045 583 1198 631 (viginti
1221 582 1295 618 duo
1315 580 1401 618 mil-

287 646 339 683 lia
360 646 406 682 ab
428 645 630 681 Ambracia
651 644 774 691 abest)
794 652 915 681 castra
935 647 1085 695 posuit:
1113 659 1157 682 eo
1175 646 1325 682 tandem
1346 645 1401 681 le-

291 711 369 759 gati
391 709 528 752 AEtoli,
551 709 710 745 mirante
741 709 910 752 consule,
932 710 1032 759 quod
1063 717 1313 752 morarentur,
1338 721 1402 745 ve-

289 782 439 810 nerunt.
497 773 603 815 Inde,
631 779 832 822 postquam
862 773 1090 823 adprobasse
1117 786 1247 824 pacem
1272 773 1401 809 conci-

286 838 379 874 lium
401 837 617 874 [Etoloruin
640 839 799 888 accepit,
814 837 931 889 jussis
960 839 1147 889 proficisci
1166 839 1330 875 Romam
1351 838 1399 875 ad

286 910 474 945 senatum,
498 903 766 953 permissoque,
788 909 829 938 ut
849 910 886 938 et
905 903 1063 946 Rhodii,
1086 910 1123 940 et
1142 904 1396 940 Athenienses

285 967 546 1017 deprecatores
576 967 686 1009 irent,
709 967 811 1010 (lam,
834 968 896 1016 qui
918 968 1028 1003 simul
1052 981 1135 1004 cum
1160 968 1203 1003 iis
1226 967 1398 1018 proficis-

286 1039 446 1074 cei-etur,
469 1032 511 1067 C.
532 1031 685 1066 Valerio
706 1031 835 1074 fratre,
857 1032 935 1081 ipse
956 1033 992 1067 in
1016 1031 1300 1082 Cephalleniam
1320 1038 1398 1067 tra·

276 1095 386 1146 jecit.
453 1095 740 1144 Praeoccupntas
778 1108 885 1131 aures
923 1097 1144 1145 animosque
1181 1097 1394 1146 principum

282 1161 418 1197 Romae
438 1161 657 1196 criminibus
678 1160 845 1210 Philippi
865 1161 1113 1205 inveneruut5
1147 1160 1224 1209 qui,
1248 1173 1314 1210 per
1339 1159 1394 1196 le·

283 1232 410 1274 gatos,
431 1237 497 1274 per
516 1224 658 1267 literas,
678 1223 866 1274 Dolopas,
887 1224 1253 1275 Amphilochosque,
1284 1230 1321 1260 et
1339 1224 1396 1260 A·

281 1289 514 1326 thamaniam
546 1295 692 1338 ereptas
723 1287 794 1323 sibi
821 1301 1005 1337 quaerens,
1033 1288 1280 1339 praesidiaque
1310 1300 1391 1331 sua,

281 1360 475 1404 postremo
496 1353 609 1388 etiam
638 1352 756 1388 filium
782 1353 921 1389 Persea
951 1367 996 1389 ex
1020 1352 1282 1403 Amphilochis
1308 1351 1393 1403 pul-

281 1431 379 1462 sum,
400 1422 586 1453 averterat
615 1424 786 1452 senatum
821 1409 867 1453 ah
898 1418 1091 1453 audiendis
1122 1413 1392 1468 precibuseo-

279 1495 376 1518 rum.
430 1480 572 1518 Rhodii
608 1489 733 1517 ‘tamen
769 1488 806 1516 ct
838 1482 1091 1518 Athenienses
1125 1494 1210 1517 cum
1232 1476 1392 1517 'silentio

278 1545 398 1582 auditi
427 1551 526 1582 sunt.
583 1545 826 1581 Atheniensis
864 1544 1010 1594 legatus
1039 1545 1164 1588 Leon,
1193 1544 1322 1581 Icesiae
1350 1543 1393 1580 fi-

279 1609 366 1652 lius,
388 1609 605 1657 eloquentia
631 1610 743 1645 etiam
774 1609 910 1645 dicitur
937 1610 1120 1645 movisse:
1155 1610 1218 1659 qui
1238 1608 1392 1658 vulgata

278 1672 538 1716 similitudine,
559 1674 652 1709 mari
673 1672 893 1722 tranquillo,
915 1673 1015 1722 quod
1035 1674 1156 1709 ventis
1178 1673 1389 1710 concitare-

277 1743 353 1780 tur,
393 1738 659 1788 aequiparando
697 1737 976 1773 multitudinem
1013 1736 1248 1780 AEtolorum,
1284 1749 1387 1781 usus,

277 1814 384 1850 quum
407 1803 530 1850 infide
550 1802 721 1838 Romanae
739 1803 918 1837 societatis
936 1804 1158 1844 mansissent,
1179 1804 1286 1838 insita
1302 1815 1390 1850 gen-

278 1867 323 1902 tis
353 1867 617 1914 tranquillitate
649 1867 781 1915 quiesse
806 1879 864 1902 eos
896 1866 1043 1902 aiebat:
1081 1872 1271 1916 postquam
1290 1868 1392 1917 flare

277 1929 322 1964 ab
354 1931 442 1966 Asia
476 1931 592 1966 leoas
621 1935 654 1966 et
677 1930 926 1973 Dicoearclms,
950 1931 994 1966 ab
1026 1931 1175 1980 Europa
1208 1933 1391 1970 Menestas

276 1998 312 2029 ct
338 1995 577 2031 Damocritus
594 1997 796 2044 (sivissent,
830 2000 905 2031 tum
931 1996 1032 2031 illam
1061 2001 1305 2044 tempestatem
1330 2011 1389 2035 co-

276 2063 408 2101 ortam,
429 2071 505 2107 quoe
523 2061 572 2096 ad
591 2060 808 2104 Antiochum
833 2072 901 2104 808,
926 2062 1032 2097 sicuti
1054 2063 1089 2096 z'n
1113 2063 1312 2110 scopulum,
1334 2065 1390 2099 in-

277 2123 423 2158 tulisset.

330 2187 404 2224 XI.
434 2187 510 2223 Diu
525 2187 663 2238 jactati
680 2189 817 2232 [Etolh
836 2189 987 2226 tandem
1010 2197 1049 2226 ut
1064 2190 1301 2227 conditiones
1318 2205 1385 2242 pa-

276 2252 328 2288 cis
349 2253 609 2296 convenirent,
630 2253 845 2291 effecerunt.
882 2254 1052 2290 Fuerunt
1067 2263 1194 2291 autem
1208 2256 1286 2292 hae:
1311 2258 1387 2293 Im-

274 2318 415 2364 perium
438 2315 731 2367 majestatemque
752 2319 882 2367 populi
902 2319 1058 2356 Romani
1073 2331 1160 2367 gens
1178 2320 1388 2357 AEtolorum
