1546 2648
304 166 390 221 4'90
756 182 802 210 τ.
827 181 959 212 mvn

103 269 147 302 U.
162 271 201 302 C.
218 279 292 304 584.
306 282 366 306 am
386 285 393 307 :
426 276 464 308 et
483 271 663 309 tredecim
692 272 815 317 annis,
836 273 972 323 quibus
992 271 1208 311 Alexander
1225 274 1412 324 regnavit,

103 314 144 345 Α·
162 314 200 345 C·
218 321 289 348 ¹⁶⁸·
303 336 467 385 primum
486 337 629 381 omnia,
646 350 719 387 qua
738 337 938 375 Persarum
957 350 1076 388 prope
1095 339 1267 375 inmenso
1286 339 1411 390 spatio

300 399 503 449 imperium
531 400 668 444 fuerat,
697 414 772 438 suae
801 402 955 438 ditionis
983 401 1086 439 fecit.
1141 402 1288 440 Arabas
1320 403 1411 439 hinc

300 462 538 515 Indiamque,
553 479 627 516 qua
641 472 825 503 terrarum
845 466 998 502 ultimus
1015 466 1098 503 finis
1117 466 1292 504 Rubrum
1308 480 1411 504 mare

299 529 554 580 amplectitur,
583 531 810 581 peragravit.
866 530 964 567 Tum
1002 532 1208 568 maximum
1233 531 1271 568 in
1297 532 1407 568 terris

297 592 554 631 Macedonum
584 608 742 644 regnum
771 607 1010 644 nomenque:
1043 595 1129 632 inde
1148 601 1271 632 morte
1289 595 1408 632 Alex-

298 658 405 695 andri
426 660 646 696 distractum
667 660 705 695 in
725 659 845 695 multa
863 672 994 709 regna,
1015 660 1104 696 dum
1124 660 1171 696 ad
1189 672 1229 696 se
1247 661 1406 710 quisque

295 735 387 774 opes
415 724 582 774 rapiunt,
603 723 810 761 lacerantes
830 724 972 761 viribus
991 739 999 760 :
1032 738 1054 761 a
1076 737 1224 761 summo
1243 723 1406 761 culmine

292 786 456 824 fortunae
478 788 524 825 ad
544 788 718 825 ultimum
737 788 850 826 finem
871 796 1022 827 centum
1042 789 1318 840 quinquaginta
1336 801 1404 826 an-

290 863 361 888 nos
381 852 500 889 stetit.

344 915 398 953 X.
427 917 609 954 Victoriae
636 915 824 954 Romanae
852 917 954 954 fama
982 930 1097 967 quum
1115 917 1340 968 pervasisset
1362 918 1402 955 in

288 980 436 1023 Asiam,
457 981 646 1026 Antenor,
662 982 725 1031 qui
753 994 838 1018 cum
864 981 982 1018 classe
1002 981 1211 1018 lemborum
1232 982 1279 1018 ad
1298 982 1400 1018 Pha-

286 1056 353 1080 nas
374 1044 514 1088 stabat,
537 1045 804 1081 Cassandriam
824 1045 911 1081 inde
930 1043 1092 1094 trajecit.
1135 1044 1177 1080 C.
1195 1044 1396 1095 Popillius,

285 1109 349 1157 qui
375 1109 422 1145 ad
440 1108 580 1145 Delum
601 1109 777 1160 praesidio
796 1108 955 1145 navibus
975 1107 1244 1144 Macedoniam
1264 1115 1397 1158 peten-

283 1172 385 1209 tibus
412 1179 506 1217 erat,
532 1180 735 1224 postquam
762 1172 990 1209 debellatum
1019 1173 1058 1208 in
1086 1171 1329 1216 llIacedonia,
1358 1180 1397 1210 et

281 1238 447 1275 statione
467 1238 665 1275 submotos
692 1238 861 1274 hostium
888 1237 1033 1274 lembos
1054 1237 1209 1281 audivit,
1230 1237 1393 1274 dimissis

279 1307 317 1337 et
349 1302 430 1353 ipse
458 1304 598 1340 Atticis
633 1302 808 1347 navibus,
839 1302 885 1339 ad
915 1309 1133 1352 susceptam⁴
1160 1302 1392 1352 legationem

274 1369 530 1419 peragendam
567 1370 745 1419 navigare
777 1369 991 1419 AEgyptum
1025 1367 1149 1418 pergit
1168 1381 1176 1402 ε
1213 1372 1255 1403 ut
1286 1367 1393 1417 prius-

274 1430 476 1470 obcurrere
506 1433 702 1470 Antiocho
734 1439 879 1484 pos-set,
911 1444 1025 1482 quam
1055 1431 1102 1466 ad
1138 1429 1387 1467 Alexandreae

271 1497 415 1533 moenia
441 1498 648 1535 accederet.
704 1498 834 1537 Quum
862 1496 1227 1547 praeterveherentur
1253 1495 1391 1531 Asiam,

272 1562 402 1611 legati,
419 1569 457 1599 et
476 1563 644 1613 Loryma
662 1564 869 1606 venissent,
887 1562 949 1611 qui
971 1567 1102 1612 portus
1121 1560 1258 1608 viginti
1277 1559 1384 1610 paul·

270 1626 309 1663 lo
338 1626 498 1678 amplius
519 1627 638 1664 millia
665 1626 711 1664 ab
740 1627 884 1664 Rhodo
914 1626 1034 1668 abest,
1057 1638 1102 1662 ex
1123 1624 1280 1661 adverso
1300 1623 1384 1660 urbi

269 1692 341 1742 ipsi
369 1692 544 1742 positus3
576 1693 764 1744 principes
793 1691 1033 1728 Rhodiorum
1057 1690 1266 1726 obcurrunt
1287 1687 1382 1739 (jam

268 1755 370 1792 enim
390 1768 436 1793 eo
455 1769 606 1806 quoque
622 1757 790 1794 victoriae
809 1754 913 1793 fama
930 1754 1076 1806 perlata
1095 1753 1193 1800 erat)
1212 1759 1380 1795 orantes,
1431 1793 1434 1796 ⁴

265 1824 308 1856 ut
334 1819 505 1856 Rhodum
528 1821 807 1858 deveherentur:
832 1822 1011 1869 pertinere
1030 1820 1068 1855 id
1086 1819 1135 1854 ad
1151 1817 1301 1866 famam
1319 1828 1379 1853 sa-

264 1884 444 1933 lutemque
459 1886 627 1929 civitatis,
639 1897 781 1922 noscere
798 1887 894 1933 ipsos
906 1885 1039 1926 omnia,
1056 1895 1134 1931 qzeae
1149 1886 1232 1918 acta
1251 1886 1375 1925 essent,

260 1953 520 1998 agerenturque
549 1949 684 1992 Rhodi,
705 1954 740 1986 et
768 1953 949 1998 comperta
974 1960 1041 1996 per
1067 1959 1115 1990 se,
1136 1958 1207 1982 non
1224 1946 1376 1993 vulgata

249 2013 376 2061 fama,
399 2014 555 2051 Romam
579 2014 725 2064 referre.
781 2013 860 2050 Diu
895 2018 1088 2063 negantes.
1111 2009 1374 2062 perpulerunt,
1518 2007 1532 2066 35

258 2083 300 2114 ut
314 2090 460 2114 moram
476 2079 730 2127 navigationis
746 2078 983 2128 brevempro
1000 2076 1120 2113 salute
1136 2074 1247 2111 sociae
1266 2073 1368 2110 urbis
1518 2038 1533 2139 ἐ

256 2148 488 2193 paterentur.
529 2143 736 2193 Postquam
752 2142 934 2180 Rhodum
954 2147 1113 2178 ventum·
1128 2146 1199 2181 est,
1217 2139 1255 2174 in
1275 2150 1368 2175 con-

253 2207 403 2245 cionem
437 2219 587 2257 quoque
625 2219 688 2244 eos
727 2207 839 2243 iidem
877 2205 1050 2257 precibus
1088 2207 1366 2254 pertraxerunt.

254 2271 446 2309 Adventus
474 2271 687 2321 legatorum
717 2271 823 2307 auxit
852 2269 978 2320 potius
1008 2269 1183 2305 timorem
1204 2266 1363 2308 civitati,

226 2328 230 2331 ’
250 2347 362 2385 quam
392 2336 552 2374 minuit:
585 2335 713 2373 omnia
745 2335 845 2372 enim
877 2332 1086 2384 Popillius,
1109 2343 1192 2382 quae
1225 2327 1366 2379 singuli
