<?xml version="1.0" encoding="UTF-8"?>
<!DOCTYPE html PUBLIC "-//W3C//DTD XHTML 1.0 Transitional//EN"
    "http://www.w3.org/TR/xhtml1/DTD/xhtml1-transitional.dtd">
<html xmlns="http://www.w3.org/1999/xhtml" xml:lang="en" lang="en">
 <head>
  <title>
</title>
<meta http-equiv="Content-Type" content="text/html;charset=utf-8" />
  <meta name='ocr-system' content='tesseract 3.04.00' />
  <meta name='ocr-capabilities' content='ocr_page ocr_carea ocr_par ocr_line ocrx_word'/>
</head>
<body>
  <div class='ocr_page' id='page_1' title='image "./historiarumquaes04livyuoft/historiarumquaes04livyuoft_0141.png"; bbox 0 0 1546 2648; ppageno 0'>
   <div class='ocr_carea' id='block_1_1' title="bbox 362 171 1256 219">
    <p class='ocr_par' dir='ltr' id='par_1_1' title="bbox 362 171 1256 219">
     <span class='ocr_line' id='line_1_1' title="bbox 362 171 1256 219; baseline 0.004 -17"><span class='ocrx_word' id='word_1_1' title='bbox 362 171 517 202; x_wconf 84' lang='lat' dir='ltr'>LIBER</span> <span class='ocrx_word' id='word_1_2' title='bbox 541 171 769 201; x_wconf 82' lang='lat' dir='ltr'><strong>xxxvln.</strong></span> <span class='ocrx_word' id='word_1_3' title='bbox 803 173 910 204; x_wconf 78' lang='lat' dir='ltr'><strong>CAP.</strong></span> <span class='ocrx_word' id='word_1_4' title='bbox 930 174 1046 205; x_wconf 83' lang='lat' dir='ltr'>XLV.</span> <span class='ocrx_word' id='word_1_5' title='bbox 1178 177 1256 219; x_wconf 29' lang='lat'>*131</span> 
     </span>
    </p>
   </div>
   <div class='ocr_carea' id='block_1_2' title="bbox 128 263 1453 1022">
    <p class='ocr_par' dir='ltr' id='par_1_2' title="bbox 128 263 1453 1022">
     <span class='ocr_line' id='line_1_2' title="bbox 143 263 1453 312; baseline 0.005 -15"><span class='ocrx_word' id='word_1_6' title='bbox 143 266 277 304; x_wconf 84' lang='lat' dir='ltr'>menta,</span> <span class='ocrx_word' id='word_1_7' title='bbox 299 274 376 310; x_wconf 82' lang='lat' dir='ltr'>quae</span> <span class='ocrx_word' id='word_1_8' title='bbox 397 267 625 310; x_wconf 82' lang='lat' dir='ltr'>quererentur</span> <span class='ocrx_word' id='word_1_9' title='bbox 643 275 686 299; x_wconf 75' lang='lat' dir='ltr'>ex</span> <span class='ocrx_word' id='word_1_10' title='bbox 709 263 841 300; x_wconf 72' lang='lat' dir='ltr'>cedibus</span> <span class='ocrx_word' id='word_1_11' title='bbox 866 266 977 300; x_wconf 87' lang='lat' dir='ltr'>sacris</span> <span class='ocrx_word' id='word_1_12' title='bbox 1003 266 1145 302; x_wconf 81' lang='lat' dir='ltr'>sublata</span> <span class='ocrx_word' id='word_1_13' title='bbox 1173 279 1256 309; x_wconf 85' lang='lat' dir='ltr'>esse,</span> <span class='ocrx_word' id='word_1_14' title='bbox 1271 279 1313 309; x_wconf 79' lang='lat' dir='ltr'>U,</span> <span class='ocrx_word' id='word_1_15' title='bbox 1327 278 1364 309; x_wconf 78' lang='lat' dir='ltr'>c,</span> <span class='ocrx_word' id='word_1_16' title='bbox 1379 285 1453 312; x_wconf 71' lang='lat'>56³.</span> 
     </span>
     <span class='ocr_line' id='line_1_3' title="bbox 143 322 1450 378; baseline 0.006 -18"><span class='ocrx_word' id='word_1_17' title='bbox 143 325 189 361; x_wconf 76' lang='lat' dir='ltr'>cle</span> <span class='ocrx_word' id='word_1_18' title='bbox 221 326 276 368; x_wconf 85' lang='lat' dir='ltr'>iis,</span> <span class='ocrx_word' id='word_1_19' title='bbox 307 338 416 373; x_wconf 80' lang='lat' dir='ltr'>quam</span> <span class='ocrx_word' id='word_1_20' title='bbox 445 326 499 362; x_wconf 89' lang='lat' dir='ltr'>M.</span> <span class='ocrx_word' id='word_1_21' title='bbox 520 326 665 362; x_wconf 78' lang='lat' dir='ltr'>Fulvius</span> <span class='ocrx_word' id='word_1_22' title='bbox 693 327 848 363; x_wconf 83' lang='lat' dir='ltr'><em>Romam</em></span> <span class='ocrx_word' id='word_1_23' title='bbox 878 331 1088 371; x_wconf 80' lang='lat' dir='ltr'>revertisset,</span> <span class='ocrx_word' id='word_1_24' title='bbox 1119 322 1360 378; x_wconf 79' lang='lat' dir='ltr'>placereA·C·</span> <span class='ocrx_word' id='word_1_25' title='bbox 1378 329 1450 359; x_wconf 79' lang='lat'>¹⁸7·</span> 
     </span>
     <span class='ocr_line' id='line_1_4' title="bbox 139 389 1256 440; baseline 0.006 -16"><span class='ocrx_word' id='word_1_26' title='bbox 139 389 190 424; x_wconf 84' lang='lat' dir='ltr'>ad</span> <span class='ocrx_word' id='word_1_27' title='bbox 207 389 396 437; x_wconf 72' lang='lat' dir='ltr'><em>collegium</em></span> <span class='ocrx_word' id='word_1_28' title='bbox 413 391 621 439; x_wconf 83' lang='lat' dir='ltr'>pontificum</span> <span class='ocrx_word' id='word_1_29' title='bbox 639 390 782 439; x_wconf 77' lang='lat' dir='ltr'>referri,</span> <span class='ocrx_word' id='word_1_30' title='bbox 804 396 851 433; x_wconf 86' lang='lat' dir='ltr'>et,</span> <span class='ocrx_word' id='word_1_31' title='bbox 873 394 968 440; x_wconf 85' lang='lat' dir='ltr'>quod</span> <span class='ocrx_word' id='word_1_32' title='bbox 988 395 1013 428; x_wconf 88' lang='lat' dir='ltr'>ii</span> <span class='ocrx_word' id='word_1_33' title='bbox 1032 396 1256 438; x_wconf 65' lang='lat' dir='ltr'>censuissent,</span> 
     </span>
     <span class='ocr_line' id='line_1_5' title="bbox 128 454 1258 509; baseline 0.006 -19"><span class='ocrx_word' id='word_1_34' title='bbox 128 455 228 504; x_wconf 86' lang='lat' dir='ltr'>fieri.</span> <span class='ocrx_word' id='word_1_35' title='bbox 285 454 420 504; x_wconf 83' lang='lat' dir='ltr'>Neque</span> <span class='ocrx_word' id='word_1_36' title='bbox 449 456 507 492; x_wconf 86' lang='lat' dir='ltr'>his</span> <span class='ocrx_word' id='word_1_37' title='bbox 529 462 730 492; x_wconf 84' lang='lat' dir='ltr'>contentus</span> <span class='ocrx_word' id='word_1_38' title='bbox 761 457 894 493; x_wconf 86' lang='lat' dir='ltr'>consul</span> <span class='ocrx_word' id='word_1_39' title='bbox 922 457 1008 501; x_wconf 83' lang='lat' dir='ltr'>fuit,</span> <span class='ocrx_word' id='word_1_40' title='bbox 1030 460 1094 495; x_wconf 87' lang='lat' dir='ltr'>sed</span> <span class='ocrx_word' id='word_1_41' title='bbox 1125 468 1258 509; x_wconf 85' lang='lat' dir='ltr'>postea</span> 
     </span>
     <span class='ocr_line' id='line_1_6' title="bbox 139 518 1256 571; baseline 0.007 -17"><span class='ocrx_word' id='word_1_42' title='bbox 139 531 207 569; x_wconf 87' lang='lat' dir='ltr'>per</span> <span class='ocrx_word' id='word_1_43' title='bbox 241 518 534 569; x_wconf 81' lang='lat' dir='ltr'>infrequentiam</span> <span class='ocrx_word' id='word_1_44' title='bbox 573 520 710 571; x_wconf 80' lang='lat' dir='ltr'>adjecit</span> <span class='ocrx_word' id='word_1_45' title='bbox 749 523 1134 567; x_wconf 79' lang='lat' dir='ltr'>senatusconsultum,</span> <span class='ocrx_word' id='word_1_46' title='bbox 1166 528 1256 562; x_wconf 84' lang='lat' dir='ltr'>Am-</span> 
     </span>
     <span class='ocr_line' id='line_1_7' title="bbox 137 583 1254 638; baseline 0.006 -19"><span class='ocrx_word' id='word_1_47' title='bbox 137 583 296 628; x_wconf 78' lang='lat' dir='ltr'>braciam</span> <span class='ocrx_word' id='word_1_48' title='bbox 316 596 386 620; x_wconf 78' lang='lat' dir='ltr'>uon</span> <span class='ocrx_word' id='word_1_49' title='bbox 405 587 517 621; x_wconf 81' lang='lat' dir='ltr'>videri</span> <span class='ocrx_word' id='word_1_50' title='bbox 538 587 572 622; x_wconf 84' lang='lat' dir='ltr'>vi</span> <span class='ocrx_word' id='word_1_51' title='bbox 591 592 734 634; x_wconf 84' lang='lat' dir='ltr'>captam</span> <span class='ocrx_word' id='word_1_52' title='bbox 756 599 836 623; x_wconf 82' lang='lat' dir='ltr'>esse.</span> <span class='ocrx_word' id='word_1_53' title='bbox 895 588 1129 638; x_wconf 85' lang='lat' dir='ltr'>Supplicatio</span> <span class='ocrx_word' id='word_1_54' title='bbox 1153 590 1254 635; x_wconf 88' lang='lat' dir='ltr'>inde,</span> 
     </span>
     <span class='ocr_line' id='line_1_8' title="bbox 139 648 1256 703; baseline 0.006 -20"><span class='ocrx_word' id='word_1_55' title='bbox 139 660 186 683; x_wconf 88' lang='lat' dir='ltr'>ex</span> <span class='ocrx_word' id='word_1_56' title='bbox 205 648 499 685; x_wconf 73' lang='lat' dir='ltr'>decemvirorum</span> <span class='ocrx_word' id='word_1_57' title='bbox 518 649 686 693; x_wconf 83' lang='lat' dir='ltr'>decreto,</span> <span class='ocrx_word' id='word_1_58' title='bbox 707 663 776 700; x_wconf 87' lang='lat' dir='ltr'>pro</span> <span class='ocrx_word' id='word_1_59' title='bbox 796 651 1012 688; x_wconf 79' lang='lat' dir='ltr'>valetudine</span> <span class='ocrx_word' id='word_1_60' title='bbox 1032 653 1161 703; x_wconf 88' lang='lat' dir='ltr'>populi</span> <span class='ocrx_word' id='word_1_61' title='bbox 1183 654 1256 690; x_wconf 85' lang='lat' dir='ltr'>fuit</span> 
     </span>
     <span class='ocr_line' id='line_1_9' title="bbox 138 713 1255 769; baseline 0.006 -21"><span class='ocrx_word' id='word_1_62' title='bbox 138 725 206 763; x_wconf 88' lang='lat' dir='ltr'>per</span> <span class='ocrx_word' id='word_1_63' title='bbox 237 713 418 757; x_wconf 86' lang='lat' dir='ltr'>triduum,</span> <span class='ocrx_word' id='word_1_64' title='bbox 453 716 540 763; x_wconf 88' lang='lat' dir='ltr'>qnia</span> <span class='ocrx_word' id='word_1_65' title='bbox 572 716 694 763; x_wconf 84' lang='lat' dir='ltr'>gravis</span> <span class='ocrx_word' id='word_1_66' title='bbox 729 715 945 765; x_wconf 82' lang='lat' dir='ltr'>pestilentia</span> <span class='ocrx_word' id='word_1_67' title='bbox 978 717 1107 753; x_wconf 82' lang='lat' dir='ltr'>urbem</span> <span class='ocrx_word' id='word_1_68' title='bbox 1142 725 1255 769; x_wconf 86' lang='lat' dir='ltr'>atque</span> 
     </span>
     <span class='ocr_line' id='line_1_10' title="bbox 139 777 1254 825; baseline 0.005 -12"><span class='ocrx_word' id='word_1_69' title='bbox 139 789 249 825; x_wconf 85' lang='lat' dir='ltr'>agros</span> <span class='ocrx_word' id='word_1_70' title='bbox 270 777 455 814; x_wconf 73' lang='lat' dir='ltr'>vastabat,</span> <span class='ocrx_word' id='word_1_71' title='bbox 512 778 662 814; x_wconf 83' lang='lat' dir='ltr'>Latinae</span> <span class='ocrx_word' id='word_1_72' title='bbox 686 779 773 814; x_wconf 89' lang='lat' dir='ltr'>inde</span> <span class='ocrx_word' id='word_1_73' title='bbox 795 779 961 818; x_wconf 87' lang='lat' dir='ltr'>fuerunt.</span> <span class='ocrx_word' id='word_1_74' title='bbox 1018 782 1167 821; x_wconf 82' lang='lat' dir='ltr'>Quibus</span> <span class='ocrx_word' id='word_1_75' title='bbox 1195 796 1254 819; x_wconf 85' lang='lat' dir='ltr'>re-</span> 
     </span>
     <span class='ocr_line' id='line_1_11' title="bbox 136 841 1251 896; baseline 0.005 -19"><span class='ocrx_word' id='word_1_76' title='bbox 136 841 342 890; x_wconf 82' lang='lat' dir='ltr'>ligionibus</span> <span class='ocrx_word' id='word_1_77' title='bbox 385 843 535 878; x_wconf 81' lang='lat' dir='ltr'>liberati</span> <span class='ocrx_word' id='word_1_78' title='bbox 575 843 762 887; x_wconf 83' lang='lat' dir='ltr'>consules,</span> <span class='ocrx_word' id='word_1_79' title='bbox 801 851 839 880; x_wconf 91' lang='lat' dir='ltr'>et</span> <span class='ocrx_word' id='word_1_80' title='bbox 876 844 1023 881; x_wconf 86' lang='lat' dir='ltr'>delectu</span> <span class='ocrx_word' id='word_1_81' title='bbox 1068 846 1251 896; x_wconf 80' lang='lat' dir='ltr'>perfecto,</span> 
     </span>
     <span class='ocr_line' id='line_1_12' title="bbox 139 907 1252 961; baseline 0.005 -20"><span class='ocrx_word' id='word_1_82' title='bbox 139 907 264 953; x_wconf 77' lang='lat' dir='ltr'>(novis</span> <span class='ocrx_word' id='word_1_83' title='bbox 295 907 395 942; x_wconf 86' lang='lat' dir='ltr'>enim</span> <span class='ocrx_word' id='word_1_84' title='bbox 426 913 582 956; x_wconf 84' lang='lat' dir='ltr'>uterque</span> <span class='ocrx_word' id='word_1_85' title='bbox 615 907 749 943; x_wconf 87' lang='lat' dir='ltr'>maluit</span> <span class='ocrx_word' id='word_1_86' title='bbox 776 908 830 943; x_wconf 84' lang='lat' dir='ltr'>uti</span> <span class='ocrx_word' id='word_1_87' title='bbox 861 908 1063 955; x_wconf 79' lang='lat' dir='ltr'>militibus)</span> <span class='ocrx_word' id='word_1_88' title='bbox 1095 911 1134 946; x_wconf 89' lang='lat' dir='ltr'>in</span> <span class='ocrx_word' id='word_1_89' title='bbox 1164 924 1252 961; x_wconf 79' lang='lat' dir='ltr'>pro-</span> 
     </span>
     <span class='ocr_line' id='line_1_13' title="bbox 134 971 1252 1022; baseline 0.004 -16"><span class='ocrx_word' id='word_1_90' title='bbox 134 971 298 1007; x_wconf 83' lang='lat' dir='ltr'>vinciam</span> <span class='ocrx_word' id='word_1_91' title='bbox 334 971 495 1021; x_wconf 86' lang='lat' dir='ltr'>profecti</span> <span class='ocrx_word' id='word_1_92' title='bbox 534 978 647 1008; x_wconf 86' lang='lat' dir='ltr'>sunt:</span> <span class='ocrx_word' id='word_1_93' title='bbox 680 979 899 1022; x_wconf 81' lang='lat' dir='ltr'>veteresque</span> <span class='ocrx_word' id='word_1_94' title='bbox 935 986 1066 1010; x_wconf 80' lang='lat' dir='ltr'>omnes</span> <span class='ocrx_word' id='word_1_95' title='bbox 1101 975 1252 1012; x_wconf 81' lang='lat' dir='ltr'>dimise-</span> 
     </span>
    </p>
   </div>
   <div class='ocr_carea' id='block_1_3' title="bbox 134 1036 1411 1132">
    <p class='ocr_par' dir='ltr' id='par_1_3' title="bbox 134 1036 1411 1132">
     <span class='ocr_line' id='line_1_14' title="bbox 134 1036 1411 1086; baseline 0.007 -15"><span class='ocrx_word' id='word_1_96' title='bbox 134 1042 234 1073; x_wconf 84' lang='lat' dir='ltr'>runt.</span> <span class='ocrx_word' id='word_1_97' title='bbox 307 1036 402 1072; x_wconf 83' lang='lat' dir='ltr'>Post</span> <span class='ocrx_word' id='word_1_98' title='bbox 439 1036 637 1072; x_wconf 88' lang='lat' dir='ltr'>consulum</span> <span class='ocrx_word' id='word_1_99' title='bbox 672 1037 949 1086; x_wconf 79' lang='lat' dir='ltr'>profectionem</span> <span class='ocrx_word' id='word_1_100' title='bbox 985 1039 1054 1075; x_wconf 85' lang='lat' dir='ltr'>Cn.</span> <span class='ocrx_word' id='word_1_101' title='bbox 1082 1039 1250 1076; x_wconf 80' lang='lat' dir='ltr'>Manlius</span> <span class='ocrx_word' id='word_1_102' title='bbox 1267 1049 1411 1080; x_wconf 84' lang='lat' dir='ltr'>Manlius</span> 
     </span>
     <span class='ocr_line' id='line_1_15' title="bbox 1265 1100 1409 1132; baseline 0 -10"><span class='ocrx_word' id='word_1_103' title='bbox 1265 1100 1409 1132; x_wconf 77' lang='lat' dir='ltr'>peuttri-</span> 
     </span>
    </p>
   </div>
   <div class='ocr_carea' id='block_1_4' title="bbox 135 1099 1441 1176">
    <p class='ocr_par' dir='ltr' id='par_1_4' title="bbox 135 1099 1441 1176">
     <span class='ocr_line' id='line_1_16' title="bbox 135 1099 1441 1176; baseline 0.005 -41"><span class='ocrx_word' id='word_1_104' title='bbox 135 1099 340 1150; x_wconf 82' lang='lat' dir='ltr'>proconsul</span> <span class='ocrx_word' id='word_1_105' title='bbox 373 1099 537 1137; x_wconf 79' lang='lat' dir='ltr'>Romani</span> <span class='ocrx_word' id='word_1_106' title='bbox 566 1102 682 1144; x_wconf 76' lang='lat' dir='ltr'>venit,</span> <span class='ocrx_word' id='word_1_107' title='bbox 714 1103 773 1138; x_wconf 87' lang='lat' dir='ltr'>cui</span> <span class='ocrx_word' id='word_1_108' title='bbox 807 1116 920 1152; x_wconf 86' lang='lat' dir='ltr'>quum</span> <span class='ocrx_word' id='word_1_109' title='bbox 953 1103 999 1139; x_wconf 88' lang='lat' dir='ltr'>ab</span> <span class='ocrx_word' id='word_1_110' title='bbox 1028 1104 1106 1141; x_wconf 85' lang='lat' dir='ltr'>Ser.</span> <span class='ocrx_word' id='word_1_111' title='bbox 1126 1105 1250 1156; x_wconf 83' lang='lat' dir='ltr'>Sulpi·</span> <span class='ocrx_word' id='word_1_112' title='bbox 1264 1136 1441 1176; x_wconf 47' lang='lat' dir='ltr'>umphum·</span> 
     </span>
    </p>
   </div>
   <div class='ocr_carea' id='block_1_5' title="bbox 0 1165 1463 2374">
    <p class='ocr_par' dir='ltr' id='par_1_5' title="bbox 136 1165 1249 1216">
     <span class='ocr_line' id='line_1_17' title="bbox 136 1165 1249 1216; baseline 0.006 -17"><span class='ocrx_word' id='word_1_113' title='bbox 136 1165 196 1200; x_wconf 90' lang='lat' dir='ltr'>cio</span> <span class='ocrx_word' id='word_1_114' title='bbox 225 1172 386 1215; x_wconf 61' lang='lat' dir='ltr'>primore</span> <span class='ocrx_word' id='word_1_115' title='bbox 405 1172 557 1201; x_wconf 82' lang='lat' dir='ltr'>senatus</span> <span class='ocrx_word' id='word_1_116' title='bbox 581 1165 627 1201; x_wconf 83' lang='lat' dir='ltr'>ad</span> <span class='ocrx_word' id='word_1_117' title='bbox 655 1166 771 1202; x_wconf 63' lang='lat' dir='ltr'>cedem</span> <span class='ocrx_word' id='word_1_118' title='bbox 801 1166 972 1204; x_wconf 83' lang='lat' dir='ltr'>Bellonae</span> <span class='ocrx_word' id='word_1_119' title='bbox 1002 1168 1108 1204; x_wconf 83' lang='lat' dir='ltr'>datus</span> <span class='ocrx_word' id='word_1_120' title='bbox 1137 1178 1249 1216; x_wconf 71' lang='lat' dir='ltr'>esset,</span> 
     </span>
    </p>

    <p class='ocr_par' dir='ltr' id='par_1_6' title="bbox 135 1230 1250 1283">
     <span class='ocr_line' id='line_1_18' title="bbox 135 1230 1250 1283; baseline 0.005 -19"><span class='ocrx_word' id='word_1_121' title='bbox 135 1236 174 1265; x_wconf 82' lang='lat' dir='ltr'>et</span> <span class='ocrx_word' id='word_1_122' title='bbox 200 1230 294 1279; x_wconf 88' lang='lat' dir='ltr'>ipse,</span> <span class='ocrx_word' id='word_1_123' title='bbox 313 1231 616 1265; x_wconf 85' lang='lat' dir='ltr'>commemoratis</span> <span class='ocrx_word' id='word_1_124' title='bbox 638 1230 748 1266; x_wconf 88' lang='lat' dir='ltr'>rebus</span> <span class='ocrx_word' id='word_1_125' title='bbox 773 1231 820 1267; x_wconf 82' lang='lat' dir='ltr'>ab</span> <span class='ocrx_word' id='word_1_126' title='bbox 848 1244 887 1267; x_wconf 86' lang='lat' dir='ltr'>se</span> <span class='ocrx_word' id='word_1_127' title='bbox 907 1234 1038 1280; x_wconf 76' lang='lat' dir='ltr'>gestiS,</span> <span class='ocrx_word' id='word_1_128' title='bbox 1060 1233 1250 1283; x_wconf 86' lang='lat' dir='ltr'>postulas-</span> 
     </span>
    </p>

    <p class='ocr_par' dir='ltr' id='par_1_7' title="bbox 136 1294 1250 1342">
     <span class='ocr_line' id='line_1_19' title="bbox 136 1294 1250 1342; baseline 0.004 -13"><span class='ocrx_word' id='word_1_129' title='bbox 136 1301 207 1337; x_wconf 83' lang='lat' dir='ltr'>set,</span> <span class='ocrx_word' id='word_1_130' title='bbox 233 1301 273 1329; x_wconf 87' lang='lat' dir='ltr'>ut</span> <span class='ocrx_word' id='word_1_131' title='bbox 299 1294 347 1330; x_wconf 92' lang='lat' dir='ltr'>ob</span> <span class='ocrx_word' id='word_1_132' title='bbox 376 1307 436 1330; x_wconf 85' lang='lat' dir='ltr'>cas</span> <span class='ocrx_word' id='word_1_133' title='bbox 466 1294 552 1330; x_wconf 87' lang='lat' dir='ltr'>Diis</span> <span class='ocrx_word' id='word_1_134' title='bbox 581 1295 848 1331; x_wconf 80' lang='lat' dir='ltr'>inmortalibus</span> <span class='ocrx_word' id='word_1_135' title='bbox 879 1296 1002 1332; x_wconf 84' lang='lat' dir='ltr'>honos</span> <span class='ocrx_word' id='word_1_136' title='bbox 1032 1297 1250 1342; x_wconf 82' lang='lat' dir='ltr'>haberetur,</span> 
     </span>
    </p>

    <p class='ocr_par' dir='ltr' id='par_1_8' title="bbox 0 1301 1248 1428">
     <span class='ocr_line' id='line_1_20' title="bbox 0 1301 1248 1428; baseline 0.004 -35"><span class='ocrx_word' id='word_1_137' title='bbox 0 1301 7 1428; x_wconf 59' lang='grc' dir='ltr'><strong>ι</strong></span> <span class='ocrx_word' id='word_1_138' title='bbox 134 1357 280 1407; x_wconf 84' lang='lat' dir='ltr'>sibique</span> <span class='ocrx_word' id='word_1_139' title='bbox 309 1358 559 1407; x_wconf 81' lang='lat' dir='ltr'>triumphanti</span> <span class='ocrx_word' id='word_1_140' title='bbox 590 1358 720 1394; x_wconf 88' lang='lat' dir='ltr'>urbem</span> <span class='ocrx_word' id='word_1_141' title='bbox 750 1359 875 1394; x_wconf 86' lang='lat' dir='ltr'>invehi</span> <span class='ocrx_word' id='word_1_142' title='bbox 906 1359 1036 1396; x_wconf 80' lang='lat' dir='ltr'>liceret</span> <span class='ocrx_word' id='word_1_143' title='bbox 1052 1377 1062 1406; x_wconf 76' lang='lat'>5</span> <span class='ocrx_word' id='word_1_144' title='bbox 1096 1368 1248 1398; x_wconf 86' lang='lat' dir='ltr'>contra-</span> 
     </span>
    </p>

    <p class='ocr_par' dir='ltr' id='par_1_9' title="bbox 133 1420 1249 1472">
     <span class='ocr_line' id='line_1_21' title="bbox 133 1420 1249 1472; baseline 0.004 -14"><span class='ocrx_word' id='word_1_145' title='bbox 133 1423 308 1459; x_wconf 86' lang='lat' dir='ltr'>dixerunt</span> <span class='ocrx_word' id='word_1_146' title='bbox 336 1434 421 1472; x_wconf 85' lang='lat' dir='ltr'>pars</span> <span class='ocrx_word' id='word_1_147' title='bbox 451 1420 573 1471; x_wconf 81' lang='lat' dir='ltr'>major</span> <span class='ocrx_word' id='word_1_148' title='bbox 602 1422 730 1458; x_wconf 81' lang='lat' dir='ltr'>decem</span> <span class='ocrx_word' id='word_1_149' title='bbox 759 1422 986 1471; x_wconf 83' lang='lat' dir='ltr'>legatorum,</span> <span class='ocrx_word' id='word_1_150' title='bbox 1009 1425 1071 1472; x_wconf 88' lang='lat' dir='ltr'>qui</span> <span class='ocrx_word' id='word_1_151' title='bbox 1098 1438 1182 1461; x_wconf 85' lang='lat' dir='ltr'>cum</span> <span class='ocrx_word' id='word_1_152' title='bbox 1204 1438 1249 1462; x_wconf 91' lang='lat' dir='ltr'>eo</span> 
     </span>
    </p>

    <p class='ocr_par' dir='ltr' id='par_1_10' title="bbox 132 1485 1247 1538">
     <span class='ocr_line' id='line_1_22' title="bbox 132 1485 1247 1538; baseline 0.003 -15"><span class='ocrx_word' id='word_1_153' title='bbox 132 1486 296 1529; x_wconf 81' lang='lat' dir='ltr'>fuerant,</span> <span class='ocrx_word' id='word_1_154' title='bbox 331 1493 369 1522; x_wconf 88' lang='lat' dir='ltr'>et</span> <span class='ocrx_word' id='word_1_155' title='bbox 402 1493 490 1521; x_wconf 84' lang='lat' dir='ltr'>ante</span> <span class='ocrx_word' id='word_1_156' title='bbox 523 1485 616 1522; x_wconf 82' lang='lat' dir='ltr'>alios</span> <span class='ocrx_word' id='word_1_157' title='bbox 646 1486 693 1523; x_wconf 90' lang='lat' dir='ltr'>L.</span> <span class='ocrx_word' id='word_1_158' title='bbox 720 1486 855 1522; x_wconf 84' lang='lat' dir='ltr'>Furius</span> <span class='ocrx_word' id='word_1_159' title='bbox 886 1487 1096 1538; x_wconf 78' lang='lat' dir='ltr'>Purpureo,</span> <span class='ocrx_word' id='word_1_160' title='bbox 1132 1495 1170 1525; x_wconf 87' lang='lat' dir='ltr'>et</span> <span class='ocrx_word' id='word_1_161' title='bbox 1201 1488 1247 1527; x_wconf 91' lang='lat' dir='ltr'>L.</span> 
     </span>
    </p>

    <p class='ocr_par' dir='ltr' id='par_1_11' title="bbox 132 1550 497 1588">
     <span class='ocr_line' id='line_1_23' title="bbox 132 1550 497 1588; baseline -0.008 0"><span class='ocrx_word' id='word_1_162' title='bbox 132 1550 310 1588; x_wconf 85' lang='lat' dir='ltr'>AEmilius</span> <span class='ocrx_word' id='word_1_163' title='bbox 331 1550 497 1586; x_wconf 85' lang='lat' dir='ltr'>Paullus.</span> 
     </span>
    </p>

    <p class='ocr_par' dir='ltr' id='par_1_12' title="bbox 2 1613 1463 2244">
     <span class='ocr_line' id='line_1_24' title="bbox 2 1613 1428 1668; baseline 0.003 -17"><span class='ocrx_word' id='word_1_164' title='bbox 2 1642 6 1668; x_wconf 69' lang='lat' dir='ltr'>t</span> <span class='ocrx_word' id='word_1_165' title='bbox 183 1614 310 1652; x_wconf 82' lang='lat' dir='ltr'><strong>XLV.</strong></span> <span class='ocrx_word' id='word_1_166' title='bbox 341 1615 497 1662; x_wconf 78' lang='lat' dir='ltr'>Legatos</span> <span class='ocrx_word' id='word_1_167' title='bbox 527 1625 598 1650; x_wconf 84' lang='lat' dir='ltr'>sese</span> <span class='ocrx_word' id='word_1_168' title='bbox 630 1613 693 1650; x_wconf 87' lang='lat' dir='ltr'>Cn.</span> <span class='ocrx_word' id='word_1_169' title='bbox 714 1614 858 1650; x_wconf 73' lang='lat' dir='ltr'>Manlio</span> <span class='ocrx_word' id='word_1_170' title='bbox 895 1616 998 1651; x_wconf 84' lang='lat' dir='ltr'>datos</span> <span class='ocrx_word' id='word_1_171' title='bbox 1028 1618 1133 1664; x_wconf 79' lang='lat' dir='ltr'>pacis</span> <span class='ocrx_word' id='word_1_172' title='bbox 1169 1630 1244 1654; x_wconf 85' lang='lat' dir='ltr'>cum</span> <span class='ocrx_word' id='word_1_173' title='bbox 1260 1625 1366 1664; x_wconf 80' lang='lat' dir='ltr'>Legati</span> <span class='ocrx_word' id='word_1_174' title='bbox 1381 1627 1428 1665; x_wconf 87' lang='lat' dir='ltr'>ip-</span> 
     </span>
     <span class='ocr_line' id='line_1_25' title="bbox 131 1669 1463 1743; baseline 0.001 -26"><span class='ocrx_word' id='word_1_175' title='bbox 131 1680 307 1717; x_wconf 74' lang='lat' dir='ltr'>Antiocho</span> <span class='ocrx_word' id='word_1_176' title='bbox 325 1678 510 1727; x_wconf 68' lang='lat' dir='ltr'>faciendae</span> <span class='ocrx_word' id='word_1_177' title='bbox 538 1691 675 1721; x_wconf 81' lang='lat' dir='ltr'>caussa,</span> <span class='ocrx_word' id='word_1_178' title='bbox 694 1678 915 1728; x_wconf 78' lang='lat' dir='ltr'>fcederisque</span> <span class='ocrx_word' id='word_1_179' title='bbox 944 1685 979 1715; x_wconf 87' lang='lat' dir='ltr'>et</span> <span class='ocrx_word' id='word_1_180' title='bbox 1007 1681 1138 1728; x_wconf 81' lang='lat' dir='ltr'>legum,</span> <span class='ocrx_word' id='word_1_181' title='bbox 1170 1669 1463 1743; x_wconf 23' lang='lat' dir='ltr'>quaeaegisszggmffl‘</span> 
     </span>
     <span class='ocr_line' id='line_1_26' title="bbox 127 1741 1243 1793; baseline 0.002 -12"><span class='ocrx_word' id='word_1_182' title='bbox 127 1757 208 1781; x_wconf 81' lang='lat' dir='ltr'>cum</span> <span class='ocrx_word' id='word_1_183' title='bbox 228 1745 271 1780; x_wconf 93' lang='lat' dir='ltr'>L.</span> <span class='ocrx_word' id='word_1_184' title='bbox 289 1744 455 1792; x_wconf 77' lang='lat' dir='ltr'>Scipione</span> <span class='ocrx_word' id='word_1_185' title='bbox 470 1743 643 1779; x_wconf 82' lang='lat' dir='ltr'>inchoatoe</span> <span class='ocrx_word' id='word_1_186' title='bbox 650 1741 824 1791; x_wconf 80' lang='lat' dir='ltr'>fuissent,</span> <span class='ocrx_word' id='word_1_187' title='bbox 836 1744 1149 1793; x_wconf 73' lang='lat' dir='ltr'>perficiendorum.</span> <span class='ocrx_word' id='word_1_188' title='bbox 1180 1746 1243 1784; x_wconf 86' lang='lat' dir='ltr'>Cn.</span> 
     </span>
     <span class='ocr_line' id='line_1_27' title="bbox 129 1809 1244 1857; baseline 0.002 -11"><span class='ocrx_word' id='word_1_189' title='bbox 129 1811 312 1847; x_wconf 84' lang='lat' dir='ltr'>Manlium</span> <span class='ocrx_word' id='word_1_190' title='bbox 329 1821 468 1845; x_wconf 84' lang='lat' dir='ltr'>summa</span> <span class='ocrx_word' id='word_1_191' title='bbox 487 1820 552 1856; x_wconf 82' lang='lat' dir='ltr'>ope</span> <span class='ocrx_word' id='word_1_192' title='bbox 572 1809 770 1849; x_wconf 78' lang='lat' dir='ltr'>tetendisse,</span> <span class='ocrx_word' id='word_1_193' title='bbox 792 1813 833 1843; x_wconf 85' lang='lat' dir='ltr'>ut</span> <span class='ocrx_word' id='word_1_194' title='bbox 861 1820 938 1844; x_wconf 88' lang='lat' dir='ltr'>eam</span> <span class='ocrx_word' id='word_1_195' title='bbox 965 1821 1092 1857; x_wconf 84' lang='lat' dir='ltr'>pacem</span> <span class='ocrx_word' id='word_1_196' title='bbox 1122 1811 1244 1848; x_wconf 81' lang='lat' dir='ltr'>tnrba-</span> 
     </span>
     <span class='ocr_line' id='line_1_28' title="bbox 128 1872 1245 1922; baseline 0.001 -11"><span class='ocrx_word' id='word_1_197' title='bbox 128 1879 196 1918; x_wconf 80' lang='lat' dir='ltr'>ret,</span> <span class='ocrx_word' id='word_1_198' title='bbox 227 1880 261 1910; x_wconf 87' lang='lat' dir='ltr'>et</span> <span class='ocrx_word' id='word_1_199' title='bbox 283 1873 515 1916; x_wconf 78' lang='lat' dir='ltr'>Antiochum,</span> <span class='ocrx_word' id='word_1_200' title='bbox 544 1875 573 1909; x_wconf 84' lang='lat' dir='ltr'>si</span> <span class='ocrx_word' id='word_1_201' title='bbox 601 1874 656 1909; x_wconf 82' lang='lat' dir='ltr'>sui</span> <span class='ocrx_word' id='word_1_202' title='bbox 683 1878 894 1920; x_wconf 82' lang='lat' dir='ltr'>potestatem</span> <span class='ocrx_word' id='word_1_203' title='bbox 913 1872 1074 1922; x_wconf 78' lang='lat' dir='ltr'>fecisset,</span> <span class='ocrx_word' id='word_1_204' title='bbox 1107 1877 1245 1912; x_wconf 76' lang='lat' dir='ltr'>insidiis</span> 
     </span>
     <span class='ocr_line' id='line_1_29' title="bbox 127 1937 1245 1988; baseline 0.001 -12"><span class='ocrx_word' id='word_1_205' title='bbox 127 1941 327 1988; x_wconf 77' lang='lat' dir='ltr'>exciperet:</span> <span class='ocrx_word' id='word_1_206' title='bbox 354 1940 414 1975; x_wconf 85' lang='lat' dir='ltr'>sed</span> <span class='ocrx_word' id='word_1_207' title='bbox 444 1939 562 1981; x_wconf 79' lang='lat' dir='ltr'>illum,</span> <span class='ocrx_word' id='word_1_208' title='bbox 598 1939 741 1985; x_wconf 83' lang='lat' dir='ltr'>cognita</span> <span class='ocrx_word' id='word_1_209' title='bbox 766 1937 908 1987; x_wconf 80' lang='lat' dir='ltr'>fraude</span> <span class='ocrx_word' id='word_1_210' title='bbox 939 1940 1103 1981; x_wconf 84' lang='lat' dir='ltr'>consulis,</span> <span class='ocrx_word' id='word_1_211' title='bbox 1135 1952 1245 1987; x_wconf 84' lang='lat' dir='ltr'>quum</span> 
     </span>
     <span class='ocr_line' id='line_1_30' title="bbox 123 2004 1244 2053; baseline -0.001 -12"><span class='ocrx_word' id='word_1_212' title='bbox 123 2016 214 2053; x_wconf 83' lang='lat' dir='ltr'>saepe</span> <span class='ocrx_word' id='word_1_213' title='bbox 245 2004 438 2051; x_wconf 77' lang='lat' dir='ltr'>conloquiis</span> <span class='ocrx_word' id='word_1_214' title='bbox 463 2004 586 2050; x_wconf 85' lang='lat' dir='ltr'>petitis</span> <span class='ocrx_word' id='word_1_215' title='bbox 608 2006 775 2049; x_wconf 78' lang='lat' dir='ltr'>captatus</span> <span class='ocrx_word' id='word_1_216' title='bbox 799 2007 896 2044; x_wconf 85' lang='lat' dir='ltr'>esset,</span> <span class='ocrx_word' id='word_1_217' title='bbox 922 2015 992 2038; x_wconf 84' lang='lat' dir='ltr'>non</span> <span class='ocrx_word' id='word_1_218' title='bbox 1021 2015 1244 2050; x_wconf 81' lang='lat' dir='ltr'>congressum</span> 
     </span>
     <span class='ocr_line' id='line_1_31' title="bbox 127 2064 1242 2115; baseline 0 -11"><span class='ocrx_word' id='word_1_219' title='bbox 127 2069 244 2110; x_wconf 81' lang='lat' dir='ltr'>modo,</span> <span class='ocrx_word' id='word_1_220' title='bbox 264 2068 324 2103; x_wconf 85' lang='lat' dir='ltr'>sed</span> <span class='ocrx_word' id='word_1_221' title='bbox 351 2071 575 2115; x_wconf 80' lang='lat' dir='ltr'>conspectum</span> <span class='ocrx_word' id='word_1_222' title='bbox 597 2067 706 2102; x_wconf 86' lang='lat' dir='ltr'>etiam</span> <span class='ocrx_word' id='word_1_223' title='bbox 736 2064 808 2112; x_wconf 82' lang='lat' dir='ltr'>ejus</span> <span class='ocrx_word' id='word_1_224' title='bbox 835 2067 975 2102; x_wconf 80' lang='lat' dir='ltr'>vitasse.</span> <span class='ocrx_word' id='word_1_225' title='bbox 1035 2067 1242 2115; x_wconf 79' lang='lat' dir='ltr'>Capientem</span> 
     </span>
     <span class='ocr_line' id='line_1_32' title="bbox 126 2131 1242 2180; baseline 0 -12"><span class='ocrx_word' id='word_1_226' title='bbox 126 2133 277 2169; x_wconf 84' lang='lat' dir='ltr'>transire</span> <span class='ocrx_word' id='word_1_227' title='bbox 300 2133 458 2168; x_wconf 83' lang='lat' dir='ltr'>Taurum</span> <span class='ocrx_word' id='word_1_228' title='bbox 480 2143 570 2180; x_wconf 80' lang='lat' dir='ltr'>aegre</span> <span class='ocrx_word' id='word_1_229' title='bbox 592 2133 747 2166; x_wconf 83' lang='lat' dir='ltr'>omnium</span> <span class='ocrx_word' id='word_1_230' title='bbox 776 2131 973 2178; x_wconf 81' lang='lat' dir='ltr'>legatorum</span> <span class='ocrx_word' id='word_1_231' title='bbox 994 2131 1170 2179; x_wconf 82' lang='lat' dir='ltr'>precibus,</span> <span class='ocrx_word' id='word_1_232' title='bbox 1197 2145 1242 2169; x_wconf 82' lang='lat' dir='ltr'>ne</span> 
     </span>
     <span class='ocr_line' id='line_1_33' title="bbox 125 2195 1240 2244; baseline 0 -11"><span class='ocrx_word' id='word_1_233' title='bbox 125 2195 340 2233; x_wconf 81' lang='lat' dir='ltr'>carminibus</span> <span class='ocrx_word' id='word_1_234' title='bbox 367 2196 512 2244; x_wconf 67' lang='lat' dir='ltr'>Sibyllae</span> <span class='ocrx_word' id='word_1_235' title='bbox 545 2196 760 2243; x_wconf 79' lang='lat' dir='ltr'>praedictam</span> <span class='ocrx_word' id='word_1_236' title='bbox 795 2195 1042 2242; x_wconf 82' lang='lat' dir='ltr'>superantibus</span> <span class='ocrx_word' id='word_1_237' title='bbox 1073 2198 1240 2233; x_wconf 83' lang='lat' dir='ltr'>terminos</span> 
     </span>
    </p>

    <p class='ocr_par' dir='ltr' id='par_1_13' title="bbox 0 2259 1238 2374">
     <span class='ocr_line' id='line_1_34' title="bbox 0 2259 1238 2308; baseline 0 -12"><span class='ocrx_word' id='word_1_238' title='bbox 0 2267 1 2270; x_wconf 76' lang='grc'>’</span> <span class='ocrx_word' id='word_1_239' title='bbox 112 2259 257 2308; x_wconf 83' lang='lat' dir='ltr'>fatales</span> <span class='ocrx_word' id='word_1_240' title='bbox 275 2260 411 2295; x_wconf 83' lang='lat' dir='ltr'>cladem</span> <span class='ocrx_word' id='word_1_241' title='bbox 430 2260 583 2308; x_wconf 70' lang='lat' dir='ltr'>experiri</span> <span class='ocrx_word' id='word_1_242' title='bbox 600 2260 719 2301; x_wconf 77' lang='lat' dir='ltr'>vellet,</span> <span class='ocrx_word' id='word_1_243' title='bbox 740 2262 939 2295; x_wconf 80' lang='lat' dir='ltr'>retentum:</span> <span class='ocrx_word' id='word_1_244' title='bbox 967 2260 1163 2296; x_wconf 79' lang='lat' dir='ltr'>admovisse</span> <span class='ocrx_word' id='word_1_245' title='bbox 1183 2265 1238 2296; x_wconf 83' lang='lat' dir='ltr'>ta-</span> 
     </span>
     <span class='ocr_line' id='line_1_35' title="bbox 125 2321 1237 2374; baseline -0.001 -12"><span class='ocrx_word' id='word_1_246' title='bbox 125 2337 204 2362; x_wconf 84' lang='lat' dir='ltr'>men</span> <span class='ocrx_word' id='word_1_247' title='bbox 228 2325 434 2369; x_wconf 82' lang='lat' dir='ltr'>exercitum,</span> <span class='ocrx_word' id='word_1_248' title='bbox 455 2330 491 2362; x_wconf 88' lang='lat' dir='ltr'>et</span> <span class='ocrx_word' id='word_1_249' title='bbox 515 2336 627 2374; x_wconf 80' lang='lat' dir='ltr'>prope</span> <span class='ocrx_word' id='word_1_250' title='bbox 645 2325 730 2371; x_wconf 84' lang='lat' dir='ltr'>ipsis</span> <span class='ocrx_word' id='word_1_251' title='bbox 750 2321 851 2373; x_wconf 80' lang='lat' dir='ltr'>jugis</span> <span class='ocrx_word' id='word_1_252' title='bbox 870 2325 918 2361; x_wconf 83' lang='lat' dir='ltr'>ad</span> <span class='ocrx_word' id='word_1_253' title='bbox 939 2325 1095 2361; x_wconf 81' lang='lat' dir='ltr'>divortia</span> <span class='ocrx_word' id='word_1_254' title='bbox 1123 2337 1237 2374; x_wconf 47' lang='lat' dir='ltr'>aqua*</span> 
     </span>
    </p>
   </div>
   <div class='ocr_carea' id='block_1_6' title="bbox 638 2386 718 2424">
    <p class='ocr_par' dir='ltr' id='par_1_14' title="bbox 638 2386 718 2424">
     <span class='ocr_line' id='line_1_36' title="bbox 638 2386 718 2424; baseline 0.013 -1"><span class='ocrx_word' id='word_1_255' title='bbox 638 2386 718 2424; x_wconf 85' lang='lat' dir='ltr'>G6</span> 
     </span>
    </p>
   </div>
  </div>
 </body>
</html>
