1546 2648
20 0 45 194 ν
316 116 474 145 LIBER
497 112 704 143 XXXVII·
735 111 844 142 CAP.
867 112 1054 142 xxxvl.
1187 111 1242 156 43

118 207 290 254 petrandi
314 207 380 243 sibi
408 219 491 249 esse,
517 205 626 249 dixit,
654 205 749 253 quod
768 205 909 252 priores
935 204 1047 251 legati
1070 202 1164 239 nihil
1187 201 1300 240 iii-U·
1315 201 1349 232 C·
1366 207 1441 234 ⁵62·

116 275 329 319 petrassent.
387 271 580 319 Smyrnam
606 271 713 314 enim,
734 274 769 306 et
795 270 1054 318 Lampsacum,
1076 274 1111 305 et
1133 271 1244 306 Alex·
1257 247 1296 277 A'
1310 245 1348 277 C'
1367 253 1441 279 ¹⁹0'

122 336 291 372 andriam
317 337 505 379 Troadem,
527 341 562 373 et
582 335 849 384 Lysimachiam
879 336 915 370 in
935 335 1098 382 Europa,
1119 333 1245 381 jacta-

122 406 178 437 tas
207 403 242 437 in
271 403 343 438 iliis
371 402 688 451 disceptationibus
716 413 814 437 esse:
843 412 995 448 quarum
1015 399 1247 447 Lysimachia

111 463 193 511 jam
219 467 355 502 cessisse
378 478 512 514 regem,
532 478 576 502 ne
602 466 688 514 quid
712 467 750 501 in
769 466 920 512 Europa
940 464 1069 500 habere
1087 475 1169 500 eum
1189 465 1245 500 di-

120 536 240 566 cerent
252 547 264 574 ,·
293 543 365 573 eas,
387 544 464 580 quae
485 533 522 567 in
541 532 631 568 Asia
655 532 741 573 sint,
763 531 924 566 civitates
954 530 1109 572 tradere,
1130 541 1246 577 para-

121 600 198 631 tum
223 608 307 639 esse,
329 601 364 632 et
391 598 420 632 si
443 608 532 644 quas
558 597 652 632 alias
671 595 841 637 Romani,
867 595 961 643 quod
987 606 1135 630 suarum
1154 606 1246 642 par-

123 662 212 696 tium
230 660 392 710 fuerint,
413 662 598 697 vindicare
626 660 670 696 ab
698 661 849 708 imperio
874 660 972 707 regio
999 659 1123 695 velint,
1180 658 1245 694 In-

119 737 237 774 pensae
264 737 414 774 quoque,
435 726 472 760 in
495 725 624 760 bellum
643 723 776 773 sactae,
794 728 938 772 partem
968 724 1157 759 dimidiam
1185 735 1244 759 re-

116 803 199 838 gem
225 794 482 838 prcestaturum
507 791 644 838 populo
664 790 842 826 Romano.
899 787 973 824 Hae
1003 788 1242 824 conditiones

119 859 229 891 erant
247 854 363 904 paciS.
418 852 584 903 Reliqua
608 854 732 890 oratio
751 853 839 897 fuit,
867 854 916 890 Ut
935 864 1105 889 memores
1122 864 1245 889 rerum

119 919 373 962 humanarum,
394 924 431 955 et
447 931 519 955 succ
536 918 704 968 fortunae
722 920 1009 961 moderarentur,
1030 923 1066 954 et
1085 919 1244 954 alienam

117 996 161 1020 ite
192 989 368 1032 urgerent.
427 985 591 1020 Finirent
619 985 770 1032 Europa
799 985 987 1032 imperium
1001 999 1012 1019 .·
1040 983 1078 1018 id
1106 994 1246 1031 quoque

120 1051 315 1086 inmensum
333 1061 415 1085 esse.
473 1049 523 1085 Et
539 1050 670 1097 parari
688 1049 833 1096 singula
851 1048 1072 1096 adquirendo
1086 1046 1245 1094 facilius

118 1115 285 1161 potuisse,
321 1125 427 1161 quam
459 1115 623 1149 unii-ersa
658 1114 769 1149 teneri
802 1125 928 1161 posse:
958 1113 1053 1160 quod
1088 1112 1119 1147 si
1147 1112 1245 1148 Asiae

120 1189 256 1225 quoque
283 1181 426 1225 partem
459 1177 622 1225 aliquam
651 1176 856 1212 abstrahere
886 1177 1010 1218 velint,
1048 1176 1242 1211 dummodo

117 1254 186 1277 non
208 1242 322 1277 dubiis
340 1241 542 1288 regionibus
556 1242 710 1290 finiant,
731 1242 826 1278 vinci
844 1253 947 1276 suam
967 1242 1245 1289 temperantiam

118 1306 287 1342 Romana
312 1306 525 1353 cupiditate,
543 1306 648 1353 pacis
673 1310 708 1340 et
739 1306 937 1340 concordia>
966 1317 1104 1347 caussa,
1125 1315 1244 1351 regem

113 1382 317 1418 passurum.
373 1371 446 1413 Ea,
467 1383 551 1420 quae
580 1370 709 1419 legato
729 1383 871 1419 magna
897 1371 943 1406 ad
972 1382 1103 1420 pacem
1134 1370 1242 1420 inpe-

115 1435 289 1471 trandam
311 1435 551 1479 videbantur,
573 1448 688 1486 parva
711 1435 898 1472 Romanis
918 1436 1012 1471 visa.
1067 1435 1186 1478 Nam,
1207 1441 1242 1471 et
1256 1442 1401 1483 Respon-

115 1500 314 1548 inpensam,
336 1513 413 1549 quae
441 1502 478 1537 in
504 1501 635 1537 belluni
652 1499 767 1548 facta
786 1505 885 1544 esset,
908 1513 1045 1537 omnem
1066 1505 1241 1549 praestare
1253 1488 1442 1564 Smuffiossgr’n·

115 1575 246 1611 regem,
270 1576 417 1612 aequum
448 1564 668 1608 censebant,
691 1563 790 1611 cujus
813 1565 920 1613 culpa
945 1565 1075 1601 bellum
1105 1566 1240 1601 excita-

116 1632 192 1664 tum
220 1633 335 1673 esset5
365 1633 412 1672 et,
441 1641 510 1665 non
538 1630 642 1666 Ionia
671 1631 775 1666 modo
804 1634 913 1678 atque
931 1630 1083 1666 AEolide
1111 1631 1242 1666 deduci

113 1692 236 1728 debere
260 1694 431 1741 praesidia
458 1695 589 1741 regia:
615 1695 691 1736 sed,
721 1695 815 1730 sicut
842 1695 981 1730 Graecia
1010 1695 1125 1730 omnis
1155 1694 1239 1741 Zibe7

111 1761 196 1792 raca
214 1762 314 1800 esset,
338 1759 403 1801 ita,
428 1770 506 1806 quae
526 1759 562 1794 in
581 1759 670 1794 Asia
698 1759 782 1801 sint,
804 1771 923 1794 omnes
951 1758 1096 1794 liberari
1126 1759 1238 1796 urbes.

113 1821 159 1856 Id
176 1822 283 1858 aliter
298 1823 388 1871 fieri
406 1836 477 1859 non
502 1836 618 1871 posse,
640 1836 749 1872 quam
767 1828 809 1859 ut
827 1825 876 1860 cis
900 1825 1061 1860 Taurum
1079 1829 1239 1860 montem

108 1889 320 1933 possessione
338 1889 434 1925 Asiae
452 1889 652 1925 Antiochus
671 1890 784 1925 cedat.

168 1953 364 1991 XXXVI.
394 1954 579 2003 Legatus,
602 1961 803 2004 postquam
824 1953 918 1990 nihil
949 1954 1047 2003 aequi
1075 1954 1114 1990 in
1142 1966 1234 1990 con-
1247 1961 1391 1993 Africani

112 2018 197 2054 silio
211 2019 400 2068 inpetrare
421 2017 460 2054 se
481 2018 673 2062 censebat,
694 2019 871 2068 privatim
895 2019 966 2065 (sic
987 2018 1087 2054 enim
1113 2018 1233 2068 impe-
1246 2014 1410 2081 ῗέὲζὲΐίἓ.

110 2087 232 2117 ratum
253 2083 350 2128 erat)
373 2082 416 2118 P.
437 2083 627 2132 Scipionis
658 2089 805 2118 tentare
833 2082 1001 2118 animum
1031 2088 1088 2117 est
1116 2094 1232 2117 cona·
1245 2099 1351 2131 gatus.

106 2150 183 2181 tus.
239 2145 419 2182 Omnium
440 2147 617 2197 primum,
639 2145 758 2183 filium
786 2147 821 2182 ei
851 2146 933 2181 sine
959 2145 1083 2196 pretio
1108 2145 1233 2182 reddi-

107 2215 237 2245 turum
265 2222 406 2259 regem,
427 2211 546 2247 dixit:
579 2211 728 2253 deinde,
759 2211 913 2259 ignarus
945 2215 982 2246 et
1008 2209 1125 2245 animi
1150 2209 1234 2246 Sci-

106 2274 247 2325 pioniS,
280 2280 318 2311 et
343 2276 457 2313 moris
493 2275 677 2320 Romani,
708 2276 790 2312 auri
822 2275 971 2326 pondus
1005 2275 1140 2324 ingens
1177 2281 1235 2310 est
