1546 2648
339 161 492 190 mmm
517 159 744 189 xxxvxn.
778 159 884 187 eAr.
908 159 980 187 LI.
1135 160 1212 202 139

105 247 248 300 majore
264 256 301 286 et
320 249 478 286 clariore
497 249 576 286 viro
592 255 782 284 certamen
801 253 938 284 ortum.
981 247 1024 284 P.
1045 247 1270 297 Scipioni-U.
1285 256 1321 286 C.
1338 261 1411 288 565.
1428 252 1430 254 ’

104 313 286 351 Africano
309 316 369 361 (ut
387 313 559 350 Valerius
580 313 717 349 Antias
737 318 870 349 auctor
889 312 963 356 est)
982 312 1057 348 duo
1077 313 1125 351 Q.
1142 313 1214 347 Pe·
1230 300 1318 359 A2Cj
1339 305 1411 334 ¹⁸7·

102 377 189 413 tillii
223 378 319 415 diem
349 378 524 414 dixerunt
540 393 547 414 :
580 379 630 422 id,
661 382 776 427 prout
808 375 989 427 cujusque
1020 377 1214 425 ingenium
1230 354 1398 426 {5223ss-

105 447 199 484 erat,
229 441 587 492 interpretabantur.
644 441 722 477 Alii
752 454 831 477 non
859 440 1033 477 tribunos
1068 440 1187 490 plebis
1201 457 1211 486 3
1229 445 1408 470 accusatur.

103 505 167 541 sed
187 506 399 542 universam
420 506 625 548 civitatem,
643 518 726 554 quae
746 505 782 540 id
802 505 880 554 pati
901 509 1044 554 posset,
1066 505 1215 540 incusa-

99 568 205 607 bant.
262 570 370 606 Duas
388 572 564 607 marimas
590 570 682 606 orbis
712 574 890 605 terrarum
919 568 1020 604 urbes
1052 570 1217 616 ingratas

101 645 172 670 uno
187 647 302 683 prope
328 640 485 683 tempore
511 637 546 671 in
568 635 748 683 principes
774 635 958 669 inventas.-
990 633 1140 668 Romam
1160 634 1216 668 in-

99 701 294 745 gratiorem
308 717 320 743 ‚-
348 701 379 735 si
398 701 539 748 quidem
557 701 653 735 victa
667 698 858 746 Karthago
876 699 1009 734 victum
1023 697 1215 733 Hanniba-

103 763 171 798 lem
191 765 227 799 in
247 765 409 800 exsilium
434 764 626 812 expulisset
637 780 649 807 ‚·
680 764 799 800 Roma
826 764 956 799 victrix
973 763 1142 798 victorem.
1161 763 1214 798 A-

87 825 278 875 fricammz
300 827 467 875 expellat.
507 826 599 869 Alii,
617 827 806 862 Neminem
819 838 928 862 unum
944 827 1054 861 civem
1074 830 1216 861 tantum

99 892 251 927 eminere
268 890 406 933 debere,
427 895 468 926 ut
486 891 619 938 legibus
638 890 857 936 interrogari
875 902 945 924 non
961 890 1096 936 possit:
1123 888 1217 925 nihil

100 959 175 991 tam
189 956 370 1003 aequandae
384 954 559 990 libertatis
574 966 657 998 esse,
675 966 781 1002 quam
792 955 1080 1001 potentissimum
1093 965 1214 1001 quem-

99 1033 166 1070 que
183 1033 281 1069 posse
302 1022 417 1056 dicere
442 1033 614 1056 caussam.
675 1021 772 1061 Quid
790 1024 909 1055 autem
936 1024 1013 1055 tuto
1033 1020 1212 1067 cuiquam,

97 1086 226 1121 nedum
242 1096 419 1120 summam
436 1084 706 1133 rempublicam,
724 1085 901 1132 permitti,
921 1085 952 1118 si
966 1086 1061 1119 ratio
1080 1095 1149 1118 non
1168 1084 1215 1118 sit

96 1150 279 1185 reddenda
293 1150 314 1185 9
342 1151 402 1197 qui
411 1147 475 1195 jus
492 1162 630 1197 <equum
645 1150 729 1197 pati
747 1161 816 1184 non
838 1150 967 1197 possit,
988 1150 1025 1184 in
1044 1160 1121 1184 enm
1141 1149 1215 1184 vim

99 1214 198 1250 haud
214 1211 385 1260 injustam
403 1226 485 1250 esse.
542 1213 638 1249 Haec.
659 1213 803 1262 agitata
823 1212 1074 1253 sermonibus,
1091 1213 1213 1248 donec

98 1278 175 1314 dies
188 1277 354 1314 dicendae
371 1290 511 1314 caussae
524 1279 629 1314 venit
646 1293 653 1313 :
676 1291 745 1314 nec
760 1278 854 1314 alius
872 1283 983 1313 antea
998 1277 1211 1326 quisquam,

96 1353 167 1379 nec
194 1341 258 1377 ille
286 1342 366 1391 ipse
386 1341 515 1391 Scipio
544 1341 677 1377 consul
707 1354 886 1378 censorve
915 1339 1059 1390 majore
1088 1340 1212 1376 omnis

98 1407 244 1455 generis
271 1406 470 1442 hominum
489 1405 716 1455 frequentia,
738 1419 850 1455 quam
879 1417 964 1441 reus
990 1404 1057 1440 illo
1078 1404 1151 1447 die,
1172 1405 1210 1440 in

96 1470 223 1508 forum
259 1476 316 1506 est
349 1471 540 1507 deductus.
597 1470 731 1506 Jussus
765 1471 886 1507 dicere
917 1482 1102 1511 caussam,
1131 1469 1212 1504 sine

96 1534 174 1571 ulla
193 1535 392 1570 criminum
408 1535 604 1570 mentione
624 1536 837 1572 orationem
855 1535 949 1571 adeo
969 1535 1209 1583 magnificam

97 1599 142 1635 de
161 1599 271 1635 rebus
292 1598 339 1634 ab
360 1611 399 1634 se
418 1599 533 1647 gestis
554 1605 611 1634 est
631 1612 801 1643 exorsus,
822 1606 865 1635 ut
891 1600 980 1634 satis
1002 1605 1207 1643 constaret,

94 1664 284 1699 neminem
301 1675 476 1711 umquam
498 1675 619 1712 neque
636 1663 783 1706 melius,
801 1676 921 1712 neque
935 1664 1057 1699 verius
1078 1663 1208 1699 lauda-

94 1734 176 1763 tum
196 1739 287 1763 esse.
344 1726 583 1762 Dicebantur
603 1728 702 1762 enim
725 1728 772 1763 ab
794 1728 924 1763 eodem
953 1728 1080 1762 animo
1101 1728 1208 1775 inge·
1240 1739 1246 1744 ²

95 1791 249 1839 nioque,
270 1803 380 1840 aquo
396 1797 502 1839 gesta
523 1798 652 1828 erant:
686 1798 723 1828 et
743 1793 887 1828 aurium
905 1792 1096 1827 fastidium
1118 1791 1207 1827 abe-

94 1861 167 1897 rat,
188 1855 276 1903 quia
295 1867 363 1904 pro
383 1854 565 1904 pericuIO,
585 1867 664 1891 non
684 1856 721 1891 in
743 1855 916 1904 gloriam,
935 1855 1206 1890 referebantur.

146 1918 216 1955 LI.
262 1919 422 1954 Tribuni
443 1919 562 1969 plebis
584 1925 713 1955 vetera
738 1920 895 1955 luxuriae
916 1920 1073 1955 crimina
1095 1919 1205 1968 Syra·
1217 1925 1380 1956 Tribuno-

94 1994 321 2019 cusanorum
348 1982 608 2026 hibernorum,
630 1989 667 2018 et
693 1983 828 2019 Locris
849 1982 1124 2018 Pleminianum
1146 1988 1207 2018 tu·
1220 1970 1414 2043 ἓξᾟοᾞέἲῑ·

94 2047 268 2089 multum,
290 2059 404 2095 quum
424 2046 472 2082 ad
491 2047 601 2082 fidem
621 2047 863 2096 praesentium
885 2047 1082 2082 criminum
1104 2053 1205 2082 retu-

92 2111 249 2155 lissent3
282 2110 562 2160 suspicionibus
583 2111 718 2159 magis,
739 2124 851 2160 quam
871 2110 1118 2159 argumentis,
1139 2123 1204 2160 pe-

95 2174 217 2210 cuniae
236 2180 355 2224 captae
384 2186 489 2210 reum
509 2181 747 2211 accusarunt.
803 2175 935 2211 Filium
961 2180 1105 2221 captum
1133 2176 1207 2210 sine

89 2241 206 2288 pretio
221 2240 414 2281 redditum,
428 2239 654 2287 omnibusque
666 2241 747 2275 aliis
762 2239 862 2275 rebus
879 2239 1094 2287 Scipionem,
1114 2243 1206 2275 tam-

93 2315 199 2352 quam
219 2304 254 2339 in
274 2301 348 2349 ejus
364 2304 468 2340 unius
486 2315 595 2340 manu
611 2316 686 2353 pasc
704 2303 872 2340 Romana
892 2303 1090 2352 bellumque
1104 2306 1205 2344 esset,
