<?xml version="1.0" encoding="UTF-8"?>
<!DOCTYPE html PUBLIC "-//W3C//DTD XHTML 1.0 Transitional//EN"
    "http://www.w3.org/TR/xhtml1/DTD/xhtml1-transitional.dtd">
<html xmlns="http://www.w3.org/1999/xhtml" xml:lang="en" lang="en">
 <head>
  <title>
</title>
<meta http-equiv="Content-Type" content="text/html;charset=utf-8" />
  <meta name='ocr-system' content='tesseract 3.04.00' />
  <meta name='ocr-capabilities' content='ocr_page ocr_carea ocr_par ocr_line ocrx_word'/>
</head>
<body>
  <div class='ocr_page' id='page_1' title='image "./historiarumquaes04livyuoft/historiarumquaes04livyuoft_0454.png"; bbox 0 0 1546 2648; ppageno 0'>
   <div class='ocr_carea' id='block_1_1' title="bbox 134 277 314 356">
    <p class='ocr_par' dir='ltr' id='par_1_1' title="bbox 134 277 314 356">
     <span class='ocr_line' id='line_1_1' title="bbox 134 277 314 311; baseline 0.017 -3"><span class='ocrx_word' id='word_1_1' title='bbox 134 277 175 308; x_wconf 91' lang='lat' dir='ltr'><strong>U.</strong></span> <span class='ocrx_word' id='word_1_2' title='bbox 189 278 226 310; x_wconf 93' lang='lat' dir='ltr'><strong>C.</strong></span> <span class='ocrx_word' id='word_1_3' title='bbox 242 285 314 311; x_wconf 75' lang='lat'><strong>583.</strong></span> 
     </span>
     <span class='ocr_line' id='line_1_2' title="bbox 135 322 314 356; baseline 0.011 -4"><span class='ocrx_word' id='word_1_4' title='bbox 135 323 174 353; x_wconf 86' lang='lat' dir='ltr'><strong>A.</strong></span> <span class='ocrx_word' id='word_1_5' title='bbox 188 322 224 353; x_wconf 92' lang='lat' dir='ltr'><strong>C.</strong></span> <span class='ocrx_word' id='word_1_6' title='bbox 242 328 314 356; x_wconf 86' lang='lat'><strong>169.</strong></span> 
     </span>
    </p>
   </div>
   <div class='ocr_carea' id='block_1_2' title="bbox 322 187 981 229">
    <p class='ocr_par' dir='ltr' id='par_1_2' title="bbox 322 187 981 229">
     <span class='ocr_line' id='line_1_3' title="bbox 322 187 981 229; baseline 0.009 -13"><span class='ocrx_word' id='word_1_7' title='bbox 322 187 408 229; x_wconf 88' lang='lat'><strong>444</strong></span> <span class='ocrx_word' id='word_1_8' title='bbox 778 192 823 221; x_wconf 85' lang='lat' dir='ltr'><strong>T.</strong></span> <span class='ocrx_word' id='word_1_9' title='bbox 848 192 981 223; x_wconf 79' lang='lat' dir='ltr'><strong>mvn</strong></span> 
     </span>
    </p>
   </div>
   <div class='ocr_carea' id='block_1_3' title="bbox 316 278 1438 2258">
    <p class='ocr_par' dir='ltr' id='par_1_3' title="bbox 326 278 1438 578">
     <span class='ocr_line' id='line_1_4' title="bbox 328 278 1437 327; baseline 0.007 -14"><span class='ocrx_word' id='word_1_10' title='bbox 328 278 455 321; x_wconf 91' lang='lat' dir='ltr'><strong>donia,</strong></span> <span class='ocrx_word' id='word_1_11' title='bbox 477 278 628 316; x_wconf 85' lang='lat' dir='ltr'><strong>Licinio</strong></span> <span class='ocrx_word' id='word_1_12' title='bbox 649 279 761 317; x_wconf 83' lang='lat' dir='ltr'><strong>Italia</strong></span> <span class='ocrx_word' id='word_1_13' title='bbox 780 282 916 320; x_wconf 87' lang='lat' dir='ltr'><strong>evenit.</strong></span> <span class='ocrx_word' id='word_1_14' title='bbox 973 281 1175 327; x_wconf 74' lang='lat' dir='ltr'><strong>Praetores,</strong></span> <span class='ocrx_word' id='word_1_15' title='bbox 1197 283 1268 321; x_wconf 89' lang='lat' dir='ltr'><strong>Cn.</strong></span> <span class='ocrx_word' id='word_1_16' title='bbox 1284 283 1437 321; x_wconf 83' lang='lat' dir='ltr'><strong>Baebius</strong></span> 
     </span>
     <span class='ocr_line' id='line_1_5' title="bbox 329 342 1436 397; baseline 0.005 -19"><span class='ocrx_word' id='word_1_17' title='bbox 329 342 525 387; x_wconf 84' lang='lat' dir='ltr'><strong>urbanam,</strong></span> <span class='ocrx_word' id='word_1_18' title='bbox 546 344 593 383; x_wconf 89' lang='lat' dir='ltr'><strong>L.</strong></span> <span class='ocrx_word' id='word_1_19' title='bbox 609 346 765 383; x_wconf 81' lang='lat' dir='ltr'><strong>Anicius</strong></span> <span class='ocrx_word' id='word_1_20' title='bbox 785 347 1038 397; x_wconf 83' lang='lat' dir='ltr'>peregrinam,</span> <span class='ocrx_word' id='word_1_21' title='bbox 1053 353 1055 355; x_wconf 84' lang='grc'><strong>’</strong></span> <span class='ocrx_word' id='word_1_22' title='bbox 1069 353 1107 383; x_wconf 88' lang='lat' dir='ltr'><strong>et</strong></span> <span class='ocrx_word' id='word_1_23' title='bbox 1132 348 1163 384; x_wconf 85' lang='lat' dir='ltr'><strong>si</strong></span> <span class='ocrx_word' id='word_1_24' title='bbox 1189 361 1264 397; x_wconf 93' lang='lat' dir='ltr'><strong>quo</strong></span> <span class='ocrx_word' id='word_1_25' title='bbox 1284 355 1436 384; x_wconf 91' lang='lat' dir='ltr'><strong>senatus</strong></span> 
     </span>
     <span class='ocr_line' id='line_1_6' title="bbox 327 408 1438 455; baseline 0.005 -12"><span class='ocrx_word' id='word_1_26' title='bbox 327 408 547 452; x_wconf 89' lang='lat' dir='ltr'><strong>censuisset,</strong></span> <span class='ocrx_word' id='word_1_27' title='bbox 581 410 651 447; x_wconf 91' lang='lat' dir='ltr'><strong>Cn.</strong></span> <span class='ocrx_word' id='word_1_28' title='bbox 672 411 853 447; x_wconf 85' lang='lat' dir='ltr'><strong>Octavius</strong></span> <span class='ocrx_word' id='word_1_29' title='bbox 874 411 1044 455; x_wconf 82' lang='lat' dir='ltr'><strong>classem,</strong></span> <span class='ocrx_word' id='word_1_30' title='bbox 1078 411 1121 449; x_wconf 90' lang='lat' dir='ltr'><strong>P.</strong></span> <span class='ocrx_word' id='word_1_31' title='bbox 1142 411 1323 449; x_wconf 85' lang='lat' dir='ltr'><strong>Fonteius</strong></span> <span class='ocrx_word' id='word_1_32' title='bbox 1345 411 1438 448; x_wconf 86' lang='lat' dir='ltr'><strong>His-</strong></span> 
     </span>
     <span class='ocr_line' id='line_1_7' title="bbox 326 472 1436 527; baseline 0.005 -20"><span class='ocrx_word' id='word_1_33' title='bbox 326 472 493 522; x_wconf 88' lang='lat' dir='ltr'><strong>paniam,</strong></span> <span class='ocrx_word' id='word_1_34' title='bbox 525 473 583 511; x_wconf 91' lang='lat' dir='ltr'><strong>M.</strong></span> <span class='ocrx_word' id='word_1_35' title='bbox 612 474 794 512; x_wconf 88' lang='lat' dir='ltr'><strong>AEbutius</strong></span> <span class='ocrx_word' id='word_1_36' title='bbox 821 475 1004 520; x_wconf 85' lang='lat' dir='ltr'><strong>Siciliam,</strong></span> <span class='ocrx_word' id='word_1_37' title='bbox 1035 476 1077 513; x_wconf 90' lang='lat' dir='ltr'><strong>C.</strong></span> <span class='ocrx_word' id='word_1_38' title='bbox 1109 476 1281 527; x_wconf 85' lang='lat' dir='ltr'><strong>Papirius</strong></span> <span class='ocrx_word' id='word_1_39' title='bbox 1310 476 1436 512; x_wconf 86' lang='lat' dir='ltr'><strong>Sardi-</strong></span> 
     </span>
     <span class='ocr_line' id='line_1_8' title="bbox 326 538 693 578; baseline 0.011 -4"><span class='ocrx_word' id='word_1_40' title='bbox 326 538 428 574; x_wconf 90' lang='lat' dir='ltr'><strong>niam</strong></span> <span class='ocrx_word' id='word_1_41' title='bbox 448 545 504 575; x_wconf 88' lang='lat' dir='ltr'><strong>est</strong></span> <span class='ocrx_word' id='word_1_42' title='bbox 524 541 693 578; x_wconf 87' lang='lat' dir='ltr'><strong>sortitus.</strong></span> 
     </span>
    </p>

    <p class='ocr_par' dir='ltr' id='par_1_4' title="bbox 316 602 1437 2258">
     <span class='ocr_line' id='line_1_9' title="bbox 380 602 1437 655; baseline 0.003 -17"><span class='ocrx_word' id='word_1_43' title='bbox 380 602 535 640; x_wconf 86' lang='lat' dir='ltr'><strong>XVIII.</strong></span> <span class='ocrx_word' id='word_1_44' title='bbox 563 603 769 654; x_wconf 89' lang='lat' dir='ltr'><strong>Extemplo</strong></span> <span class='ocrx_word' id='word_1_45' title='bbox 785 605 956 655; x_wconf 84' lang='lat' dir='ltr'><strong>adparuit</strong></span> <span class='ocrx_word' id='word_1_46' title='bbox 973 604 1162 648; x_wconf 85' lang='lat' dir='ltr'><strong>omnibus,</strong></span> <span class='ocrx_word' id='word_1_47' title='bbox 1176 617 1255 641; x_wconf 91' lang='lat' dir='ltr'><strong>non</strong></span> <span class='ocrx_word' id='word_1_48' title='bbox 1270 605 1437 654; x_wconf 87' lang='lat' dir='ltr'><strong>segniter</strong></span> 
     </span>
     <span class='ocr_line' id='line_1_10' title="bbox 325 666 1436 719; baseline 0.002 -17"><span class='ocrx_word' id='word_1_49' title='bbox 325 666 364 702; x_wconf 88' lang='lat' dir='ltr'><strong>id</strong></span> <span class='ocrx_word' id='word_1_50' title='bbox 378 666 518 703; x_wconf 87' lang='lat' dir='ltr'><strong>bellum</strong></span> <span class='ocrx_word' id='word_1_51' title='bbox 539 667 585 704; x_wconf 88' lang='lat' dir='ltr'><strong>L.</strong></span> <span class='ocrx_word' id='word_1_52' title='bbox 602 668 802 704; x_wconf 89' lang='lat' dir='ltr'><strong>AEmilium</strong></span> <span class='ocrx_word' id='word_1_53' title='bbox 821 675 1014 716; x_wconf 87' lang='lat' dir='ltr'><strong>gesturum</strong></span> <span class='ocrx_word' id='word_1_54' title='bbox 1031 685 1041 714; x_wconf 78' lang='lat'>3</span> <span class='ocrx_word' id='word_1_55' title='bbox 1064 675 1314 719; x_wconf 82' lang='lat' dir='ltr'><strong>praeterquam</strong></span> <span class='ocrx_word' id='word_1_56' title='bbox 1334 668 1436 718; x_wconf 89' lang='lat' dir='ltr'><strong>quod</strong></span> 
     </span>
     <span class='ocr_line' id='line_1_11' title="bbox 325 731 1437 783; baseline 0.001 -15"><span class='ocrx_word' id='word_1_57' title='bbox 325 731 419 768; x_wconf 86' lang='lat' dir='ltr'><strong>alius</strong></span> <span class='ocrx_word' id='word_1_58' title='bbox 439 734 495 769; x_wconf 88' lang='lat' dir='ltr'><strong>vir</strong></span> <span class='ocrx_word' id='word_1_59' title='bbox 513 740 606 777; x_wconf 84' lang='lat' dir='ltr'><strong>erat,</strong></span> <span class='ocrx_word' id='word_1_60' title='bbox 628 734 742 770; x_wconf 89' lang='lat' dir='ltr'><strong>etiam</strong></span> <span class='ocrx_word' id='word_1_61' title='bbox 761 733 863 783; x_wconf 85' lang='lat' dir='ltr'>qnod</span> <span class='ocrx_word' id='word_1_62' title='bbox 881 734 959 770; x_wconf 88' lang='lat' dir='ltr'><strong>dies</strong></span> <span class='ocrx_word' id='word_1_63' title='bbox 979 740 1186 782; x_wconf 89' lang='lat' dir='ltr'><strong>noctesque</strong></span> <span class='ocrx_word' id='word_1_64' title='bbox 1205 734 1371 770; x_wconf 89' lang='lat' dir='ltr'><strong>intentus</strong></span> <span class='ocrx_word' id='word_1_65' title='bbox 1391 746 1437 770; x_wconf 89' lang='lat' dir='ltr'><strong>ea</strong></span> 
     </span>
     <span class='ocr_line' id='line_1_12' title="bbox 326 796 1435 849; baseline 0.001 -17"><span class='ocrx_word' id='word_1_66' title='bbox 326 796 420 841; x_wconf 89' lang='lat' dir='ltr'><strong>sola,</strong></span> <span class='ocrx_word' id='word_1_67' title='bbox 442 810 523 847; x_wconf 83' lang='lat' dir='ltr'><strong>quae</strong></span> <span class='ocrx_word' id='word_1_68' title='bbox 545 797 592 834; x_wconf 87' lang='lat' dir='ltr'><strong>ad</strong></span> <span class='ocrx_word' id='word_1_69' title='bbox 610 798 645 834; x_wconf 92' lang='lat' dir='ltr'><strong>id</strong></span> <span class='ocrx_word' id='word_1_70' title='bbox 665 797 807 834; x_wconf 88' lang='lat' dir='ltr'><strong>bellum</strong></span> <span class='ocrx_word' id='word_1_71' title='bbox 827 798 1073 849; x_wconf 80' lang='lat' dir='ltr'><strong>pertinerent,</strong></span> <span class='ocrx_word' id='word_1_72' title='bbox 1104 798 1232 834; x_wconf 91' lang='lat' dir='ltr'><strong>animo</strong></span> <span class='ocrx_word' id='word_1_73' title='bbox 1251 796 1435 846; x_wconf 86' lang='lat' dir='ltr'><strong>agitabat.</strong></span> 
     </span>
     <span class='ocr_line' id='line_1_13' title="bbox 325 861 1436 914; baseline 0 -16"><span class='ocrx_word' id='word_1_74' title='bbox 325 861 413 898; x_wconf 84' lang='lat' dir='ltr'><strong>Jam</strong></span> <span class='ocrx_word' id='word_1_75' title='bbox 443 863 613 899; x_wconf 89' lang='lat' dir='ltr'><strong>omnium</strong></span> <span class='ocrx_word' id='word_1_76' title='bbox 642 863 804 913; x_wconf 87' lang='lat' dir='ltr'><strong>primum</strong></span> <span class='ocrx_word' id='word_1_77' title='bbox 831 876 853 899; x_wconf 89' lang='lat' dir='ltr'><strong>a</strong></span> <span class='ocrx_word' id='word_1_78' title='bbox 872 870 1006 900; x_wconf 89' lang='lat' dir='ltr'><strong>senatu</strong></span> <span class='ocrx_word' id='word_1_79' title='bbox 1031 863 1140 914; x_wconf 88' lang='lat' dir='ltr'><strong>petit,</strong></span> <span class='ocrx_word' id='word_1_80' title='bbox 1162 868 1204 899; x_wconf 92' lang='lat' dir='ltr'><strong>ut</strong></span> <span class='ocrx_word' id='word_1_81' title='bbox 1229 862 1376 911; x_wconf 83' lang='lat' dir='ltr'><strong>legatos</strong></span> <span class='ocrx_word' id='word_1_82' title='bbox 1395 862 1436 898; x_wconf 88' lang='lat' dir='ltr'><strong>in</strong></span> 
     </span>
     <span class='ocr_line' id='line_1_14' title="bbox 326 925 1433 964; baseline 0 -2"><span class='ocrx_word' id='word_1_83' title='bbox 326 925 593 963; x_wconf 86' lang='lat' dir='ltr'><strong>Macedoniam</strong></span> <span class='ocrx_word' id='word_1_84' title='bbox 607 928 801 964; x_wconf 86' lang='lat' dir='ltr'><strong>mitterent</strong></span> <span class='ocrx_word' id='word_1_85' title='bbox 813 927 860 964; x_wconf 84' lang='lat' dir='ltr'><strong>ad</strong></span> <span class='ocrx_word' id='word_1_86' title='bbox 871 928 1056 964; x_wconf 80' lang='lat' dir='ltr'><strong>exercitus</strong></span> <span class='ocrx_word' id='word_1_87' title='bbox 1072 927 1243 963; x_wconf 80' lang='lat' dir='ltr'><strong>visendos</strong></span> <span class='ocrx_word' id='word_1_88' title='bbox 1258 926 1433 963; x_wconf 87' lang='lat' dir='ltr'><strong>classem-</strong></span> 
     </span>
     <span class='ocr_line' id='line_1_15' title="bbox 327 990 1435 1042; baseline -0.001 -15"><span class='ocrx_word' id='word_1_89' title='bbox 327 1004 412 1040; x_wconf 82' lang='lat' dir='ltr'><strong>que,</strong></span> <span class='ocrx_word' id='word_1_90' title='bbox 431 997 467 1026; x_wconf 85' lang='lat' dir='ltr'><strong>et</strong></span> <span class='ocrx_word' id='word_1_91' title='bbox 484 997 678 1042; x_wconf 85' lang='lat' dir='ltr'><strong>comperta</strong></span> <span class='ocrx_word' id='word_1_92' title='bbox 693 990 901 1034; x_wconf 85' lang='lat' dir='ltr'><strong>referenda,</strong></span> <span class='ocrx_word' id='word_1_93' title='bbox 919 991 1007 1040; x_wconf 86' lang='lat' dir='ltr'><strong>quid</strong></span> <span class='ocrx_word' id='word_1_94' title='bbox 1025 997 1089 1027; x_wconf 91' lang='lat' dir='ltr'><strong>aut</strong></span> <span class='ocrx_word' id='word_1_95' title='bbox 1109 990 1348 1027; x_wconf 80' lang='lat' dir='ltr'><strong>terrestribus</strong></span> <span class='ocrx_word' id='word_1_96' title='bbox 1369 996 1435 1026; x_wconf 89' lang='lat' dir='ltr'><strong>aut</strong></span> 
     </span>
     <span class='ocr_line' id='line_1_16' title="bbox 325 1053 1436 1105; baseline -0.001 -15"><span class='ocrx_word' id='word_1_97' title='bbox 325 1054 520 1091; x_wconf 86' lang='lat' dir='ltr'><strong>navalibus</strong></span> <span class='ocrx_word' id='word_1_98' title='bbox 538 1055 656 1105; x_wconf 89' lang='lat' dir='ltr'><strong>copiis</strong></span> <span class='ocrx_word' id='word_1_99' title='bbox 678 1067 771 1104; x_wconf 89' lang='lat' dir='ltr'><strong>opus</strong></span> <span class='ocrx_word' id='word_1_100' title='bbox 793 1061 912 1091; x_wconf 87' lang='lat' dir='ltr'><strong>esset:</strong></span> <span class='ocrx_word' id='word_1_101' title='bbox 932 1061 1113 1105; x_wconf 63' lang='lat' dir='ltr'><strong>praeterea</strong></span> <span class='ocrx_word' id='word_1_102' title='bbox 1135 1061 1174 1091; x_wconf 89' lang='lat' dir='ltr'><strong>ut</strong></span> <span class='ocrx_word' id='word_1_103' title='bbox 1194 1053 1436 1104; x_wconf 86' lang='lat' dir='ltr'><strong>explorarent</strong></span> 
     </span>
     <span class='ocr_line' id='line_1_17' title="bbox 325 1118 1435 1169; baseline -0.001 -15"><span class='ocrx_word' id='word_1_104' title='bbox 325 1119 452 1169; x_wconf 88' lang='lat' dir='ltr'><strong>copias</strong></span> <span class='ocrx_word' id='word_1_105' title='bbox 479 1119 615 1168; x_wconf 75' lang='lat' dir='ltr'><strong>regiaS,</strong></span> <span class='ocrx_word' id='word_1_106' title='bbox 647 1126 829 1167; x_wconf 88' lang='lat' dir='ltr'><strong>quantum</strong></span> <span class='ocrx_word' id='word_1_107' title='bbox 861 1125 1030 1168; x_wconf 88' lang='lat' dir='ltr'><strong>possent,</strong></span> <span class='ocrx_word' id='word_1_108' title='bbox 1065 1131 1212 1168; x_wconf 86' lang='lat' dir='ltr'><strong>quaque</strong></span> <span class='ocrx_word' id='word_1_109' title='bbox 1239 1118 1435 1168; x_wconf 80' lang='lat' dir='ltr'><strong>provincia</strong></span> 
     </span>
     <span class='ocr_line' id='line_1_18' title="bbox 324 1181 1434 1231; baseline -0.001 -13"><span class='ocrx_word' id='word_1_110' title='bbox 324 1189 468 1225; x_wconf 86' lang='lat' dir='ltr'><strong>nostra,</strong></span> <span class='ocrx_word' id='word_1_111' title='bbox 489 1195 562 1231; x_wconf 88' lang='lat' dir='ltr'><strong>qua</strong></span> <span class='ocrx_word' id='word_1_112' title='bbox 577 1183 745 1218; x_wconf 86' lang='lat' dir='ltr'><strong>hostium</strong></span> <span class='ocrx_word' id='word_1_113' title='bbox 764 1182 862 1218; x_wconf 87' lang='lat' dir='ltr'><strong>foret</strong></span> <span class='ocrx_word' id='word_1_114' title='bbox 881 1198 888 1218; x_wconf 91' lang='lat'><strong>:</strong></span> <span class='ocrx_word' id='word_1_115' title='bbox 913 1189 1038 1218; x_wconf 90' lang='lat' dir='ltr'><strong>utrum</strong></span> <span class='ocrx_word' id='word_1_116' title='bbox 1058 1182 1157 1218; x_wconf 84' lang='lat' dir='ltr'><strong>intra</strong></span> <span class='ocrx_word' id='word_1_117' title='bbox 1177 1181 1293 1218; x_wconf 88' lang='lat' dir='ltr'><strong>saltus</strong></span> <span class='ocrx_word' id='word_1_118' title='bbox 1310 1187 1434 1218; x_wconf 85' lang='lat' dir='ltr'><strong>castra</strong></span> 
     </span>
     <span class='ocr_line' id='line_1_19' title="bbox 321 1245 1433 1296; baseline 0.001 -15"><span class='ocrx_word' id='word_1_119' title='bbox 321 1245 489 1283; x_wconf 84' lang='lat' dir='ltr'><strong>Romani</strong></span> <span class='ocrx_word' id='word_1_120' title='bbox 509 1246 708 1290; x_wconf 87' lang='lat' dir='ltr'><strong>haberent,</strong></span> <span class='ocrx_word' id='word_1_121' title='bbox 729 1259 778 1282; x_wconf 84' lang='lat' dir='ltr'><strong>an</strong></span> <span class='ocrx_word' id='word_1_122' title='bbox 798 1245 882 1296; x_wconf 87' lang='lat' dir='ltr'><strong>jam</strong></span> <span class='ocrx_word' id='word_1_123' title='bbox 902 1259 1032 1283; x_wconf 88' lang='lat' dir='ltr'><strong>omnes</strong></span> <span class='ocrx_word' id='word_1_124' title='bbox 1060 1247 1244 1296; x_wconf 85' lang='lat' dir='ltr'><strong>angustiae</strong></span> <span class='ocrx_word' id='word_1_125' title='bbox 1274 1258 1433 1296; x_wconf 85' lang='lat' dir='ltr'><strong>exsupe-</strong></span> 
     </span>
     <span class='ocr_line' id='line_1_20' title="bbox 320 1310 1432 1362; baseline 0 -16"><span class='ocrx_word' id='word_1_126' title='bbox 320 1317 428 1354; x_wconf 82' lang='lat' dir='ltr'><strong>ratae,</strong></span> <span class='ocrx_word' id='word_1_127' title='bbox 448 1319 486 1347; x_wconf 86' lang='lat' dir='ltr'><strong>et</strong></span> <span class='ocrx_word' id='word_1_128' title='bbox 505 1312 544 1347; x_wconf 93' lang='lat' dir='ltr'><strong>in</strong></span> <span class='ocrx_word' id='word_1_129' title='bbox 565 1324 671 1361; x_wconf 88' lang='lat' dir='ltr'><strong>aequa</strong></span> <span class='ocrx_word' id='word_1_130' title='bbox 690 1311 774 1348; x_wconf 91' lang='lat' dir='ltr'><strong>loca</strong></span> <span class='ocrx_word' id='word_1_131' title='bbox 791 1312 1072 1362; x_wconf 87' lang='lat' dir='ltr'><strong>pervenissent:</strong></span> <span class='ocrx_word' id='word_1_132' title='bbox 1096 1311 1158 1361; x_wconf 78' lang='lat' dir='ltr'><strong>qui</strong></span> <span class='ocrx_word' id='word_1_133' title='bbox 1179 1310 1304 1347; x_wconf 88' lang='lat' dir='ltr'><strong>fideles</strong></span> <span class='ocrx_word' id='word_1_134' title='bbox 1321 1310 1432 1347; x_wconf 89' lang='lat' dir='ltr'><strong>nobis</strong></span> 
     </span>
     <span class='ocr_line' id='line_1_21' title="bbox 322 1374 1434 1427; baseline -0.001 -16"><span class='ocrx_word' id='word_1_135' title='bbox 322 1375 430 1418; x_wconf 85' lang='lat' dir='ltr'><strong>socii,</strong></span> <span class='ocrx_word' id='word_1_136' title='bbox 462 1376 526 1425; x_wconf 86' lang='lat' dir='ltr'><strong>qui</strong></span> <span class='ocrx_word' id='word_1_137' title='bbox 555 1375 659 1413; x_wconf 90' lang='lat' dir='ltr'><strong>dubii</strong></span> <span class='ocrx_word' id='word_1_138' title='bbox 693 1387 957 1427; x_wconf 64' lang='lat' dir='ltr'><strong>suspensaeque</strong></span> <span class='ocrx_word' id='word_1_139' title='bbox 989 1388 1036 1412; x_wconf 86' lang='lat' dir='ltr'><strong>ex</strong></span> <span class='ocrx_word' id='word_1_140' title='bbox 1063 1375 1217 1412; x_wconf 76' lang='lat' dir='ltr'><strong>fortuna</strong></span> <span class='ocrx_word' id='word_1_141' title='bbox 1245 1374 1349 1418; x_wconf 88' lang='lat' dir='ltr'><strong>fidei,</strong></span> <span class='ocrx_word' id='word_1_142' title='bbox 1369 1375 1434 1424; x_wconf 92' lang='lat' dir='ltr'><strong>qui</strong></span> 
     </span>
     <span class='ocr_line' id='line_1_22' title="bbox 323 1441 1432 1492; baseline -0.001 -15"><span class='ocrx_word' id='word_1_143' title='bbox 323 1441 415 1477; x_wconf 80' lang='lat' dir='ltr'><strong>certi</strong></span> <span class='ocrx_word' id='word_1_144' title='bbox 445 1442 574 1479; x_wconf 89' lang='lat' dir='ltr'><strong>hostes</strong></span> <span class='ocrx_word' id='word_1_145' title='bbox 595 1441 836 1477; x_wconf 86' lang='lat' dir='ltr'><strong>viderentur:</strong></span> <span class='ocrx_word' id='word_1_146' title='bbox 869 1442 1000 1491; x_wconf 86' lang='lat' dir='ltr'><strong>quanti</strong></span> <span class='ocrx_word' id='word_1_147' title='bbox 1033 1441 1233 1492; x_wconf 83' lang='lat' dir='ltr'><strong>praeparati</strong></span> <span class='ocrx_word' id='word_1_148' title='bbox 1267 1453 1432 1477; x_wconf 86' lang='lat' dir='ltr'><strong>comme-</strong></span> 
     </span>
     <span class='ocr_line' id='line_1_23' title="bbox 323 1504 1432 1555; baseline 0 -15"><span class='ocrx_word' id='word_1_149' title='bbox 323 1511 422 1548; x_wconf 84' lang='lat' dir='ltr'><strong>atus,</strong></span> <span class='ocrx_word' id='word_1_150' title='bbox 444 1510 481 1541; x_wconf 86' lang='lat' dir='ltr'><strong>et</strong></span> <span class='ocrx_word' id='word_1_151' title='bbox 501 1504 599 1541; x_wconf 91' lang='lat' dir='ltr'><strong>unde</strong></span> <span class='ocrx_word' id='word_1_152' title='bbox 618 1505 786 1541; x_wconf 87' lang='lat' dir='ltr'><strong>terrestri</strong></span> <span class='ocrx_word' id='word_1_153' title='bbox 805 1505 954 1548; x_wconf 86' lang='lat' dir='ltr'><strong>itinere,</strong></span> <span class='ocrx_word' id='word_1_154' title='bbox 976 1505 1074 1541; x_wconf 89' lang='lat' dir='ltr'><strong>unde</strong></span> <span class='ocrx_word' id='word_1_155' title='bbox 1094 1504 1252 1541; x_wconf 84' lang='lat' dir='ltr'><strong>navibus</strong></span> <span class='ocrx_word' id='word_1_156' title='bbox 1271 1504 1432 1555; x_wconf 83' lang='lat' dir='ltr'><strong>subpor-</strong></span> 
     </span>
     <span class='ocr_line' id='line_1_24' title="bbox 322 1569 1433 1619; baseline 0.001 -14"><span class='ocrx_word' id='word_1_157' title='bbox 322 1577 516 1606; x_wconf 85' lang='lat' dir='ltr'><strong>tarentur:</strong></span> <span class='ocrx_word' id='word_1_158' title='bbox 550 1569 639 1619; x_wconf 89' lang='lat' dir='ltr'><strong>quid</strong></span> <span class='ocrx_word' id='word_1_159' title='bbox 659 1582 704 1606; x_wconf 85' lang='lat' dir='ltr'><strong>ea</strong></span> <span class='ocrx_word' id='word_1_160' title='bbox 724 1575 855 1606; x_wconf 86' lang='lat' dir='ltr'><strong>aestate</strong></span> <span class='ocrx_word' id='word_1_161' title='bbox 879 1575 979 1606; x_wconf 88' lang='lat' dir='ltr'><strong>terra</strong></span> <span class='ocrx_word' id='word_1_162' title='bbox 999 1570 1168 1618; x_wconf 88' lang='lat' dir='ltr'><strong>marique</strong></span> <span class='ocrx_word' id='word_1_163' title='bbox 1196 1581 1319 1605; x_wconf 86' lang='lat' dir='ltr'><strong>rerum</strong></span> <span class='ocrx_word' id='word_1_164' title='bbox 1348 1581 1433 1618; x_wconf 86' lang='lat' dir='ltr'><strong>ges-</strong></span> 
     </span>
     <span class='ocr_line' id='line_1_25' title="bbox 321 1633 1432 1683; baseline 0.001 -13"><span class='ocrx_word' id='word_1_165' title='bbox 321 1641 445 1670; x_wconf 87' lang='lat' dir='ltr'><strong>tarum</strong></span> <span class='ocrx_word' id='word_1_166' title='bbox 475 1640 574 1670; x_wconf 91' lang='lat' dir='ltr'><strong>esset</strong></span> <span class='ocrx_word' id='word_1_167' title='bbox 591 1649 598 1670; x_wconf 93' lang='lat'>:</span> <span class='ocrx_word' id='word_1_168' title='bbox 632 1646 679 1671; x_wconf 85' lang='lat' dir='ltr'><strong>ex</strong></span> <span class='ocrx_word' id='word_1_169' title='bbox 696 1633 755 1670; x_wconf 89' lang='lat' dir='ltr'><strong>his</strong></span> <span class='ocrx_word' id='word_1_170' title='bbox 774 1633 872 1671; x_wconf 86' lang='lat' dir='ltr'><strong>bene</strong></span> <span class='ocrx_word' id='word_1_171' title='bbox 887 1634 1050 1683; x_wconf 86' lang='lat' dir='ltr'><strong>cognitis</strong></span> <span class='ocrx_word' id='word_1_172' title='bbox 1082 1639 1185 1670; x_wconf 87' lang='lat' dir='ltr'><strong>certa</strong></span> <span class='ocrx_word' id='word_1_173' title='bbox 1204 1634 1242 1670; x_wconf 87' lang='lat' dir='ltr'><strong>in</strong></span> <span class='ocrx_word' id='word_1_174' title='bbox 1262 1633 1432 1671; x_wconf 88' lang='lat' dir='ltr'><strong>futurum</strong></span> 
     </span>
     <span class='ocr_line' id='line_1_26' title="bbox 320 1697 1431 1750; baseline 0 -15"><span class='ocrx_word' id='word_1_175' title='bbox 320 1698 480 1735; x_wconf 84' lang='lat' dir='ltr'><strong>consilia</strong></span> <span class='ocrx_word' id='word_1_176' title='bbox 499 1699 582 1750; x_wconf 87' lang='lat' dir='ltr'><strong>capi</strong></span> <span class='ocrx_word' id='word_1_177' title='bbox 598 1711 710 1750; x_wconf 87' lang='lat' dir='ltr'><strong>posse</strong></span> <span class='ocrx_word' id='word_1_178' title='bbox 728 1704 844 1735; x_wconf 85' lang='lat' dir='ltr'><strong>ratus.</strong></span> <span class='ocrx_word' id='word_1_179' title='bbox 902 1697 1062 1734; x_wconf 83' lang='lat' dir='ltr'><strong>Senatus</strong></span> <span class='ocrx_word' id='word_1_180' title='bbox 1076 1697 1148 1734; x_wconf 89' lang='lat' dir='ltr'><strong>Cn.</strong></span> <span class='ocrx_word' id='word_1_181' title='bbox 1164 1697 1322 1734; x_wconf 85' lang='lat' dir='ltr'><strong>Servilio</strong></span> <span class='ocrx_word' id='word_1_182' title='bbox 1338 1711 1431 1735; x_wconf 85' lang='lat' dir='ltr'><strong>con-</strong></span> 
     </span>
     <span class='ocr_line' id='line_1_27' title="bbox 319 1761 1431 1813; baseline 0.002 -15"><span class='ocrx_word' id='word_1_183' title='bbox 319 1763 392 1800; x_wconf 84' lang='lat' dir='ltr'><strong>suli</strong></span> <span class='ocrx_word' id='word_1_184' title='bbox 419 1764 618 1813; x_wconf 79' lang='lat' dir='ltr'><strong>negotium</strong></span> <span class='ocrx_word' id='word_1_185' title='bbox 647 1763 764 1806; x_wconf 88' lang='lat' dir='ltr'><strong>dedit,</strong></span> <span class='ocrx_word' id='word_1_186' title='bbox 783 1766 827 1799; x_wconf 72' lang='lat' dir='ltr'><strong>ut</strong></span> <span class='ocrx_word' id='word_1_187' title='bbox 846 1763 876 1798; x_wconf 89' lang='lat' dir='ltr'><strong>is</strong></span> <span class='ocrx_word' id='word_1_188' title='bbox 896 1762 935 1798; x_wconf 88' lang='lat' dir='ltr'><strong>in</strong></span> <span class='ocrx_word' id='word_1_189' title='bbox 954 1761 1236 1805; x_wconf 80' lang='lat' dir='ltr'><strong>Macedoniam,</strong></span> <span class='ocrx_word' id='word_1_190' title='bbox 1271 1775 1364 1811; x_wconf 89' lang='lat' dir='ltr'><strong>quos</strong></span> <span class='ocrx_word' id='word_1_191' title='bbox 1383 1762 1431 1800; x_wconf 85' lang='lat' dir='ltr'><strong>L.</strong></span> 
     </span>
     <span class='ocr_line' id='line_1_28' title="bbox 319 1824 1430 1876; baseline -0.001 -12"><span class='ocrx_word' id='word_1_192' title='bbox 319 1828 481 1864; x_wconf 86' lang='lat' dir='ltr'><strong>AEmilio</strong></span> <span class='ocrx_word' id='word_1_193' title='bbox 501 1827 703 1870; x_wconf 85' lang='lat' dir='ltr'><strong>videretur,</strong></span> <span class='ocrx_word' id='word_1_194' title='bbox 729 1826 884 1875; x_wconf 86' lang='lat' dir='ltr'><strong>legaret.</strong></span> <span class='ocrx_word' id='word_1_195' title='bbox 940 1825 1078 1874; x_wconf 85' lang='lat' dir='ltr'><strong>Legati</strong></span> <span class='ocrx_word' id='word_1_196' title='bbox 1098 1824 1214 1862; x_wconf 84' lang='lat' dir='ltr'><strong>biduo</strong></span> <span class='ocrx_word' id='word_1_197' title='bbox 1236 1833 1323 1876; x_wconf 90' lang='lat' dir='ltr'><strong>post</strong></span> <span class='ocrx_word' id='word_1_198' title='bbox 1342 1839 1430 1876; x_wconf 87' lang='lat' dir='ltr'><strong>pro·</strong></span> 
     </span>
     <span class='ocr_line' id='line_1_29' title="bbox 317 1890 1430 1935; baseline 0 -7"><span class='ocrx_word' id='word_1_199' title='bbox 317 1892 424 1935; x_wconf 88' lang='lat' dir='ltr'><strong>fecti,</strong></span> <span class='ocrx_word' id='word_1_200' title='bbox 442 1891 716 1928; x_wconf 84' lang='lat' dir='ltr'><strong>Cn.Domitius</strong></span> <span class='ocrx_word' id='word_1_201' title='bbox 732 1890 1025 1933; x_wconf 84' lang='lat' dir='ltr'><strong>Ahenobarbus,</strong></span> <span class='ocrx_word' id='word_1_202' title='bbox 1041 1892 1089 1928; x_wconf 90' lang='lat' dir='ltr'><strong>A.</strong></span> <span class='ocrx_word' id='word_1_203' title='bbox 1103 1890 1274 1928; x_wconf 83' lang='lat' dir='ltr'><strong>Licinius</strong></span> <span class='ocrx_word' id='word_1_204' title='bbox 1289 1890 1430 1935; x_wconf 80' lang='lat' dir='ltr'><strong>Nerva,</strong></span> 
     </span>
     <span class='ocr_line' id='line_1_30' title="bbox 319 1954 1431 2006; baseline 0 -13"><span class='ocrx_word' id='word_1_205' title='bbox 319 1957 365 1994; x_wconf 88' lang='lat' dir='ltr'><strong>L.</strong></span> <span class='ocrx_word' id='word_1_206' title='bbox 385 1957 552 1994; x_wconf 75' lang='lat' dir='ltr'><strong>Baebius.</strong></span> <span class='ocrx_word' id='word_1_207' title='bbox 609 1956 675 1992; x_wconf 87' lang='lat' dir='ltr'><strong>Bis</strong></span> <span class='ocrx_word' id='word_1_208' title='bbox 709 1956 748 1991; x_wconf 88' lang='lat' dir='ltr'><strong>in</strong></span> <span class='ocrx_word' id='word_1_209' title='bbox 768 1956 872 1991; x_wconf 82' lang='lat' dir='ltr'><strong>exitu</strong></span> <span class='ocrx_word' id='word_1_210' title='bbox 891 1955 980 1991; x_wconf 88' lang='lat' dir='ltr'><strong>anni</strong></span> <span class='ocrx_word' id='word_1_211' title='bbox 1003 1954 1083 2005; x_wconf 88' lang='lat' dir='ltr'><strong>ejus</strong></span> <span class='ocrx_word' id='word_1_212' title='bbox 1114 1955 1321 2006; x_wconf 85' lang='lat' dir='ltr'><strong>lapidatum</strong></span> <span class='ocrx_word' id='word_1_213' title='bbox 1350 1969 1431 1994; x_wconf 85' lang='lat' dir='ltr'><strong>esse</strong></span> 
     </span>
     <span class='ocr_line' id='line_1_31' title="bbox 320 2019 1429 2069; baseline -0.001 -11"><span class='ocrx_word' id='word_1_214' title='bbox 320 2023 542 2059; x_wconf 90' lang='lat' dir='ltr'><strong>nunciatum</strong></span> <span class='ocrx_word' id='word_1_215' title='bbox 563 2026 646 2066; x_wconf 81' lang='lat' dir='ltr'><strong>est3</strong></span> <span class='ocrx_word' id='word_1_216' title='bbox 678 2021 717 2056; x_wconf 87' lang='lat' dir='ltr'><strong>in</strong></span> <span class='ocrx_word' id='word_1_217' title='bbox 736 2019 916 2056; x_wconf 88' lang='lat' dir='ltr'><strong>Romano</strong></span> <span class='ocrx_word' id='word_1_218' title='bbox 942 2033 1048 2069; x_wconf 83' lang='lat' dir='ltr'><strong>agro,</strong></span> <span class='ocrx_word' id='word_1_219' title='bbox 1070 2019 1180 2057; x_wconf 88' lang='lat' dir='ltr'><strong>simul</strong></span> <span class='ocrx_word' id='word_1_220' title='bbox 1200 2021 1238 2057; x_wconf 84' lang='lat' dir='ltr'><strong>in</strong></span> <span class='ocrx_word' id='word_1_221' title='bbox 1257 2021 1429 2057; x_wconf 84' lang='lat' dir='ltr'><strong>Veienti-</strong></span> 
     </span>
     <span class='ocr_line' id='line_1_32' title="bbox 318 2084 1427 2123; baseline -0.002 0"><span class='ocrx_word' id='word_1_222' title='bbox 318 2086 388 2123; x_wconf 90' lang='lat' dir='ltr'><strong>bus</strong></span> <span class='ocrx_word' id='word_1_223' title='bbox 407 2102 414 2122; x_wconf 91' lang='lat'><strong>:</strong></span> <span class='ocrx_word' id='word_1_224' title='bbox 453 2084 693 2122; x_wconf 80' lang='lat' dir='ltr'><strong>novemdiale</strong></span> <span class='ocrx_word' id='word_1_225' title='bbox 725 2097 870 2121; x_wconf 87' lang='lat' dir='ltr'><strong>sacrum</strong></span> <span class='ocrx_word' id='word_1_226' title='bbox 904 2084 1046 2122; x_wconf 86' lang='lat' dir='ltr'><strong>factum</strong></span> <span class='ocrx_word' id='word_1_227' title='bbox 1080 2092 1148 2122; x_wconf 91' lang='lat' dir='ltr'><strong>est.</strong></span> <span class='ocrx_word' id='word_1_228' title='bbox 1206 2084 1427 2121; x_wconf 85' lang='lat' dir='ltr'><strong>Sacerdotes</strong></span> 
     </span>
     <span class='ocr_line' id='line_1_33' title="bbox 319 2147 1427 2192; baseline 0 -7"><span class='ocrx_word' id='word_1_229' title='bbox 319 2162 364 2185; x_wconf 87' lang='lat' dir='ltr'><strong>co</strong></span> <span class='ocrx_word' id='word_1_230' title='bbox 385 2162 486 2185; x_wconf 86' lang='lat' dir='ltr'><strong>anno</strong></span> <span class='ocrx_word' id='word_1_231' title='bbox 513 2150 652 2185; x_wconf 87' lang='lat' dir='ltr'><strong>mortui</strong></span> <span class='ocrx_word' id='word_1_232' title='bbox 686 2156 787 2191; x_wconf 89' lang='lat' dir='ltr'><strong>sunt,</strong></span> <span class='ocrx_word' id='word_1_233' title='bbox 819 2148 862 2185; x_wconf 91' lang='lat' dir='ltr'><strong>P.</strong></span> <span class='ocrx_word' id='word_1_234' title='bbox 882 2148 1113 2188; x_wconf 83' lang='lat' dir='ltr'><strong>Quinctilius</strong></span> <span class='ocrx_word' id='word_1_235' title='bbox 1134 2147 1271 2192; x_wconf 88' lang='lat' dir='ltr'><strong>Varus,</strong></span> <span class='ocrx_word' id='word_1_236' title='bbox 1291 2148 1427 2185; x_wconf 80' lang='lat' dir='ltr'><strong>flamen</strong></span> 
     </span>
     <span class='ocr_line' id='line_1_34' title="bbox 316 2212 1428 2258; baseline 0 -8"><span class='ocrx_word' id='word_1_237' title='bbox 316 2213 534 2258; x_wconf 81' lang='lat' dir='ltr'><strong>Martialis3</strong></span> <span class='ocrx_word' id='word_1_238' title='bbox 567 2219 604 2249; x_wconf 88' lang='lat' dir='ltr'><strong>et</strong></span> <span class='ocrx_word' id='word_1_239' title='bbox 629 2213 686 2248; x_wconf 92' lang='lat' dir='ltr'><strong>M.</strong></span> <span class='ocrx_word' id='word_1_240' title='bbox 708 2212 887 2249; x_wconf 85' lang='lat' dir='ltr'><strong>Claudius</strong></span> <span class='ocrx_word' id='word_1_241' title='bbox 916 2212 1121 2249; x_wconf 85' lang='lat' dir='ltr'><strong>Marcellus</strong></span> <span class='ocrx_word' id='word_1_242' title='bbox 1145 2213 1356 2249; x_wconf 85' lang='lat' dir='ltr'><strong>decemvir:</strong></span> <span class='ocrx_word' id='word_1_243' title='bbox 1389 2213 1428 2250; x_wconf 88' lang='lat' dir='ltr'><strong>in</strong></span> 
     </span>
    </p>
   </div>
   <div class='ocr_carea' id='block_1_4' title="bbox 306 2276 1426 2327">
    <p class='ocr_par' dir='ltr' id='par_1_5' title="bbox 306 2276 1426 2327">
     <span class='ocr_line' id='line_1_35' title="bbox 306 2276 1426 2327; baseline 0.001 -14"><span class='ocrx_word' id='word_1_244' title='bbox 306 2277 423 2327; x_wconf 68' lang='lat' dir='ltr'><strong>cujus</strong></span> <span class='ocrx_word' id='word_1_245' title='bbox 445 2277 570 2314; x_wconf 90' lang='lat' dir='ltr'><strong>locum</strong></span> <span class='ocrx_word' id='word_1_246' title='bbox 590 2278 660 2314; x_wconf 88' lang='lat' dir='ltr'><strong>Cn.</strong></span> <span class='ocrx_word' id='word_1_247' title='bbox 682 2277 863 2314; x_wconf 81' lang='lat' dir='ltr'><strong>Octavius</strong></span> <span class='ocrx_word' id='word_1_248' title='bbox 885 2277 1089 2314; x_wconf 69' lang='lat' dir='ltr'><strong>subfectus.</strong></span> <span class='ocrx_word' id='word_1_249' title='bbox 1144 2277 1197 2313; x_wconf 87' lang='lat' dir='ltr'><strong>Et</strong></span> <span class='ocrx_word' id='word_1_250' title='bbox 1209 2276 1291 2327; x_wconf 87' lang='lat' dir='ltr'><strong>jam</strong></span> <span class='ocrx_word' id='word_1_251' title='bbox 1319 2290 1426 2327; x_wconf 84' lang='lat' dir='ltr'><strong>mag-</strong></span> 
     </span>
    </p>
   </div>
   <div class='ocr_carea' id='block_1_5' title="bbox 317 2341 1422 2384">
    <p class='ocr_par' dir='ltr' id='par_1_6' title="bbox 317 2341 1422 2384">
     <span class='ocr_line' id='line_1_36' title="bbox 317 2341 1422 2384; baseline 0 -7"><span class='ocrx_word' id='word_1_252' title='bbox 317 2341 510 2378; x_wconf 82' lang='lat' dir='ltr'><strong>nificentia</strong></span> <span class='ocrx_word' id='word_1_253' title='bbox 543 2348 734 2379; x_wconf 79' lang='lat' dir='ltr'><strong>crescente</strong></span> <span class='ocrx_word' id='word_1_254' title='bbox 767 2348 942 2378; x_wconf 81' lang='lat' dir='ltr'><strong>notatum</strong></span> <span class='ocrx_word' id='word_1_255' title='bbox 963 2348 1033 2384; x_wconf 80' lang='lat' dir='ltr'><strong>est,</strong></span> <span class='ocrx_word' id='word_1_256' title='bbox 1068 2341 1163 2378; x_wconf 85' lang='lat' dir='ltr'><strong>ludis</strong></span> <span class='ocrx_word' id='word_1_257' title='bbox 1195 2341 1422 2379; x_wconf 82' lang='lat' dir='ltr'><strong>circensibus</strong></span> 
     </span>
    </p>
   </div>
   <div class='ocr_carea' id='block_1_6' title="bbox 1509 1823 1543 2330">
    <p class='ocr_par' dir='ltr' id='par_1_7' title="bbox 1509 1823 1543 2330">
     <span class='ocr_line' id='line_1_37' title="bbox 1509 1823 1543 2330; baseline 0 318"><span class='ocrx_word' id='word_1_258' title='bbox 1509 1823 1543 2330; x_wconf 95' lang='lat' dir='ltr'><strong> </strong></span> 
     </span>
    </p>
   </div>
  </div>
 </body>
</html>
