1546 2648
315 169 402 211 442
770 170 816 199 T.
841 169 978 201 mvn

120 264 164 295 U.
176 263 213 296 C.
225 271 298 299 583.
307 264 512 308 prospectos
530 260 566 296 in
582 259 730 297 hiemem
749 260 888 305 habere,
907 266 941 297 et
959 261 1002 298 ab
1017 261 1180 310 Epirotis
1192 262 1321 310 viginti
1337 263 1422 298 mil-

120 306 211 339 A⁰C‘
227 315 363 359 ¹⁶⁹·lia
381 322 540 360 modizZm
560 325 685 367 tritici,
715 325 834 362 decem
849 325 973 361 hordei
998 326 1184 375 sumsisse..-
1218 329 1260 360 ut
1284 336 1354 373 pro
1382 337 1423 361 eo

298 386 492 436 frumento
537 389 690 436 pecunia
726 388 852 425 Romae
897 389 1025 437 legatis
1059 401 1181 425 eorum
1224 392 1423 425 curaretur.

313 452 531 488 Vestimenta
558 453 731 488 militibus
767 453 810 488 ab
843 452 959 489 Roma
993 454 1170 489 mittenda
1204 464 1298 489 esse:
1326 453 1424 501 equis

307 516 467 552 ducentis
480 515 605 566 ferme
623 528 710 565 opus
727 528 810 560 esse,
830 518 984 553 maxime
1002 518 1171 554 Numidis
1182 533 1195 554 .·
1222 529 1287 553 nec
1302 517 1367 553 sibi
1385 517 1423 553 in

306 580 361 617 his
380 582 465 617 locis
492 582 609 617 ullam
642 583 782 629 copiam
811 593 893 618 esse.
950 581 1344 625 senatusconsultum,
1379 587 1421 617 ut

304 657 351 682 ea
369 646 499 682 omnia
517 658 563 681 ex
583 644 700 680 literis
724 644 890 682 consulis
916 644 1064 689 fierent,
1084 645 1227 682 factum
1248 651 1317 682 est.
1374 645 1419 682 C.

303 709 492 760 Sulpicius
521 716 662 760 praetor
689 721 755 746 sex
779 708 899 746 millia
920 715 1112 758 togarum,
1134 710 1293 759 triginta
1315 709 1417 746 tuni-

300 786 446 818 carum,
473 781 512 811 et
537 787 669 824 equos,
690 774 924 825 deportanda
949 774 989 810 in
1017 773 1300 819 BIacedoniam,
1324 787 1420 825 prae-

301 839 500 889 bendaque
520 839 706 876 arbitratu
731 839 897 876 consulis
927 838 1082 882 locavit,
1107 846 1144 875 et
1168 839 1303 888 legatis
1322 839 1416 890 Epi-

298 909 470 940 rotarum
499 903 700 955 pecuniam
723 916 793 954 pro
818 903 1011 939 frumento
1042 902 1179 949 solvit5
1212 910 1250 939 et
1276 902 1415 939 Onesi-

296 979 416 1011 mum,
437 966 625 1017 Pythonis
650 967 783 1010 filium,
810 966 978 1003 nobilem
1003 966 1270 1010 Macedonem,
1292 967 1330 1003 in
1356 979 1415 1003 se-

294 1038 430 1069 natum
464 1032 688 1069 introduxit.
762 1031 800 1068 Is
842 1032 947 1082 pacis
981 1044 1129 1082 semper
1165 1037 1299 1068 auctor
1333 1032 1415 1080 regi

294 1095 434 1139 fuerat,
464 1101 754 1144 monueratque,
772 1095 870 1131 sicut
890 1102 998 1145 pater
1021 1094 1100 1144 ejus
1126 1094 1324 1144 Philippus
1352 1095 1411 1130 in-

295 1159 473 1196 stitutum
491 1172 610 1209 usque
629 1159 677 1196 ad
696 1158 872 1195 ultimum
886 1159 972 1194 vitae
989 1159 1087 1195 diem
1108 1158 1295 1202 servabat,
1316 1171 1410 1208 quo·

294 1223 389 1260 tidie
407 1223 465 1260 bis
481 1224 521 1260 in
541 1223 601 1260 die
616 1222 769 1260 foederis
786 1224 853 1259 icti
870 1235 955 1260 cum
966 1222 1153 1260 Romanis
1168 1223 1384 1274 perlegendi
1398 1240 1411 1270 5

293 1294 338 1325 ut
356 1301 443 1325 eum
462 1301 623 1333 morem,
654 1289 686 1325 si
713 1301 791 1325 non
812 1301 972 1341 semper,
1005 1289 1137 1326 crebro
1156 1296 1283 1325 tamen
1304 1301 1412 1325 usur-

288 1361 411 1406 paret.
476 1355 688 1405 Postqnam
719 1355 908 1393 deterrere
945 1368 1031 1392 eum
1061 1369 1084 1392 a
1115 1355 1216 1393 bello
1246 1356 1407 1405 nequiit,

288 1420 413 1470 primo
434 1419 656 1457 subtrahere
675 1432 757 1456 sese
781 1433 849 1471 per
878 1420 969 1457 alias
990 1427 1104 1470 atque
1127 1420 1218 1457 alias
1239 1432 1404 1464 caussas,

289 1496 338 1520 ne
356 1484 557 1521 interesset
576 1485 636 1529 iis,
657 1498 740 1535 quae
758 1497 838 1522 non
857 1484 1060 1536 probabat,
1081 1485 1199 1535 coepit
1216 1499 1223 1520 :
1255 1491 1404 1535 postre-

286 1559 366 1592 mo,
384 1561 500 1597 quum
518 1555 736 1599 suspectum
755 1561 794 1585 se
814 1561 895 1585 esse
914 1555 1098 1591 cerneret,
1117 1555 1154 1585 et
1173 1547 1400 1599 proditionis

286 1611 479 1649 interdum
511 1613 669 1650 crimine
701 1613 927 1658 insimulari,
963 1614 1012 1650 ad
1044 1612 1244 1649 Romanos
1277 1618 1402 1648 trans-

285 1676 412 1726 fugit:
444 1690 585 1727 magno
607 1679 689 1715 usui
709 1677 856 1715 consuli
878 1678 964 1715 fuit.
1019 1678 1079 1715 Ea
1103 1677 1342 1714 introductus
1362 1677 1402 1712 in

284 1742 430 1779 curiam
459 1755 575 1791 quum
594 1750 856 1787 memorasset,
877 1749 1030 1780 senatus
1057 1743 1096 1778 in
1113 1741 1318 1778 formulam
1338 1753 1401 1776 so-

283 1805 430 1841 ciorum
450 1818 536 1842 eum
559 1805 690 1842 referri
712 1805 856 1856 jussit:
889 1806 1030 1850 locum,
1064 1806 1182 1842 lautia
1214 1804 1399 1855 praeberi:

282 1868 365 1917 agri
386 1868 600 1911 Tarentini,
628 1869 692 1917 qui
725 1868 898 1919 publicus
928 1869 1060 1920 populi
1088 1868 1256 1904 Romani
1288 1875 1400 1911 esset,

282 1931 446 1969 ducenta
466 1931 604 1983 jugera
633 1932 727 1976 dari,
759 1939 797 1969 et
826 1933 922 1970 aedes
954 1933 1112 1970 Tarenti
1141 1933 1238 1969 emi:
1271 1933 1326 1968 uti
1356 1945 1401 1969 ea

283 2004 447 2043 curaret,
470 1999 513 2036 C.
533 1998 711 2035 Decimio
734 2000 888 2051 praetori
918 1999 1153 2036 mandatum.
1211 1999 1397 2035 Censores

283 2075 438 2100 censum
464 2062 595 2100 Idibus
625 2063 916 2108 Decembribus,
950 2065 1114 2101 severius
1148 2075 1260 2112 quam
1294 2069 1396 2106 ante,

280 2127 523 2165 habuerunt:
556 2128 683 2165 multis
704 2130 790 2178 equi
817 2129 971 2172 ademti,
993 2129 1092 2165 inter
1122 2139 1217 2177 quos
1242 2126 1284 2164 P.
1311 2126 1396 2163 Ru-

277 2191 376 2236 tilio,
407 2193 472 2241 qui
504 2191 678 2229 tribunus
701 2192 821 2243 plebis
852 2205 916 2230 eos
951 2193 1136 2230 violenter
1166 2197 1391 2228 accusarat:

277 2255 380 2293 tribu
398 2269 548 2307 quoque
568 2257 598 2293 is
619 2264 759 2301 motus,
780 2265 818 2294 et
839 2258 989 2294 aerarius
1011 2257 1147 2294 factus.
1195 2256 1255 2293 Ad
1274 2268 1391 2306 opera

275 2319 428 2370 publica
456 2320 630 2358 facienda
649 2334 763 2372 quum
784 2322 837 2358 eis
857 2321 1053 2358 dimidium
1077 2334 1123 2359 ex
1143 2319 1388 2369 vectigalibus
