1546 2648
431 135 643 166 LIBROR.
661 133 884 163 DEPERD.
1131 119 1213 175 581

90 227 338 275 proconsulin
361 226 518 263 Thracia
544 236 673 273 parurn
702 235 870 272 prospere
887 235 962 259 rem
980 223 1099 270 gessit.
1158 222 1214 261 M.

97 290 234 334 Cicero,
259 291 335 338 lege
359 302 382 326 a
402 291 446 326 P.
466 289 592 325 Clodio
623 288 761 324 tribuno
789 288 898 335 plebis
929 288 1018 328 lata,
1047 288 1141 334 quod
1160 288 1217 322 in-

93 354 278 391 demnatos
295 356 384 390 cives
402 354 605 394 necavisset,
628 353 662 386 in
682 352 845 387 exsilium
870 352 993 386 missus
1016 355 1077 385 est.
1137 350 1213 386 Cae-

93 429 166 461 sar,
184 420 219 454 in
238 419 459 466 provinciam
477 417 638 452 Galliam
655 414 852 463 profectus,
872 415 1068 455 Helvetios,
1086 427 1216 462 vagam

93 486 248 528 gentem,
271 482 409 517 donauit
425 497 436 517 .·
468 493 557 529 quae,
577 481 696 516 sedem
715 491 885 527 qucerens,
906 490 970 526 per
993 480 1217 524 provinciam

98 545 246 582 Gaesaris
262 547 464 583 Narbonem
485 548 553 582 iter
560 545 690 594 facere
708 545 857 581 volebat.
911 544 1093 579 Prceterea
1110 545 1219 579 situm

102 611 307 647 Galliarum
333 613 502 647 continet.
562 611 755 658 Pompeius
775 610 816 645 de
837 609 955 644 tiberis
975 607 1215 650 Mithridatis,

102 674 271 721 Tigrane,
292 679 327 710 et
353 675 518 722 Tigranis
533 674 633 723 filie,
657 672 920 722 triumphavit:
947 671 1175 720 Magnusque
1194 683 1217 707 a

96 740 174 774 tota
193 739 359 774 concione
379 738 622 774 consalutatus
641 741 704 773 est.

608 832 712 870 CIV.

97 901 292 955 PRIMA
316 931 404 966 pars
424 919 505 954 libri
528 920 636 955 situm
663 919 862 954 Germanice
890 930 1072 967 moresque
1101 920 1212 955 conti-

93 987 166 1020 net.
225 983 264 1019 C.
288 980 419 1025 C'aesar,
451 996 558 1031 quum
593 984 758 1018 adversus
784 984 992 1025 Germanos,
1027 985 1086 1030 qui
1110 985 1217 1019 Ario-

94 1048 186 1082 visto
205 1048 293 1082 duce
320 1048 356 1082 in
381 1047 540 1082 Galliam
563 1048 869 1088 transcenderant,
890 1048 1081 1082 exercitum
1111 1047 1217 1082 duce-

95 1115 163 1152 ret,
185 1115 334 1158 rogatus
353 1111 397 1146 ab
416 1111 551 1147 AEduis
570 1115 604 1146 et
634 1111 822 1158 Sequanis,
852 1123 1002 1158 quorum
1024 1123 1110 1157 ager
1134 1123 1218 1158 pos-

94 1175 286 1217 sidebatur,
316 1176 592 1222 trepidationem
624 1176 794 1217 militum,
821 1180 971 1222 propter
998 1179 1128 1210 metum
1153 1187 1217 1211 no-

94 1251 220 1275 vorum
251 1239 404 1275 hostium
436 1245 566 1281 ortam,
601 1241 827 1275 adlocutione
857 1241 1027 1276 exercitus
1050 1240 1215 1282 inhibuit,

94 1308 130 1340 et
147 1309 259 1340 vssctos
285 1305 411 1352 proelio
437 1304 632 1339 Germanos
656 1305 781 1342 Gallia
800 1305 948 1351 expulit.
1006 1304 1060 1340 M.
1078 1304 1214 1347 Cicero,

93 1367 268 1414 Pompeio
287 1369 382 1403 inter
400 1368 491 1403 alios
510 1373 648 1410 orante,
670 1373 704 1403 et
726 1368 766 1403 T.
780 1369 902 1403 Annio
916 1368 1055 1402 Milone
1075 1368 1216 1404 tribuno

88 1430 203 1479 plebis
221 1435 361 1478 agente,
384 1432 520 1477 ingenti
547 1432 682 1478 gaudio
711 1436 855 1466 senatus
886 1443 928 1466 ac
956 1432 1062 1466 totius
1083 1431 1215 1472 Italiae,

92 1494 138 1530 ab
156 1495 277 1530 exsilio
295 1496 464 1530 reductus
483 1499 546 1530 est.
596 1495 843 1542 Cn.Pompeio
861 1506 925 1542 per
940 1496 1218 1541 quinquennium
1247 1540 1254 1545 V

92 1569 240 1593 annonae
276 1569 363 1592 cura
394 1559 568 1592 mandata
594 1562 656 1593 est.
723 1557 842 1593 Caesar
871 1558 1077 1599 Ambianos,
1109 1558 1215 1592 Sues-

92 1622 220 1663 siones,
260 1621 540 1663 Veromanduos,
579 1621 782 1663 Atrebates,
820 1622 1014 1668 Belgarum
1047 1622 1214 1668 populos,

92 1697 244 1733 quorum
269 1687 392 1733 ingens
416 1686 611 1721 multitudo
636 1690 728 1728 erat,
757 1686 884 1733 proelio
914 1686 1023 1720 victos
1050 1687 1085 1720 in
1112 1686 1215 1720 cledi-

93 1750 224 1785 tionem
253 1752 416 1798 accepit:
444 1763 487 1786 ac
511 1751 638 1785 deinde
663 1755 787 1785 contra
818 1750 968 1784 Nervios
996 1751 1097 1784 unius
1129 1751 1215 1785 civi-

93 1815 178 1850 tatis
197 1825 274 1850 cum
297 1827 426 1862 magno
449 1815 653 1850 discrimine
679 1815 870 1861 pugnavit,
904 1826 1050 1861 eamq-ne
1072 1818 1215 1860 gentem

90 1878 218 1914 delevit
230 1895 242 1921 ,·
272 1891 349 1926 quae
368 1879 498 1914 bellum
515 1881 636 1926 gessit,
658 1880 770 1914 (lon-ec
793 1891 835 1914 ex
852 1881 1041 1926 sexaginta
1060 1878 1216 1925 millibus

89 1945 315 1977 armatorum
349 1944 497 1978 trecenti
525 1947 770 1990 superessent:
799 1954 842 1978 ex
872 1944 1042 1979 sexcentis
1073 1946 1216 1977 senato-

89 2007 185 2044 ribus
205 2013 275 2044 tres
300 2013 440 2045 tantum
459 2010 659 2045 evaderent.
718 2008 815 2056 Lege
846 2010 992 2045 lata‘de
1017 2008 1216 2055 redigenda

92 2073 131 2107 in
158 2073 348 2118 provineiae
374 2072 542 2121 formam
579 2072 710 2120 Cypro,
747 2077 783 2108 et
815 2073 1035 2122 publicanda
1061 2073 1216 2120 pecunia

93 2136 209 2181 regia,
235 2135 289 2171 M.
311 2136 443 2172 Catoni
470 2137 736 2172 administratio
766 2134 840 2182 ejas
867 2138 920 2172 rei
951 2137 1122 2172 mandata
1152 2140 1214 2172 est.

92 2197 322 2240 Ptolemaeus,
342 2199 498 2248 AEgypti
525 2212 600 2242 rex,
630 2199 672 2236 ob
702 2197 863 2246 injurias,
895 2213 982 2249 quas
1006 2200 1225 2247 patiebatur·

94 2263 222 2306 esuis,
252 2273 361 2310 regno
386 2265 524 2312 pulsus,
553 2264 708 2300 Romam
736 2267 846 2304 venit,
905 2264 944 2302 C.
964 2264 1081 2301 Coesar
1104 2263 1214 2301 Vene-

605 2327 635 2363 C
655 2339 674 2362 c
692 2327 716 2364 3
