1546 2648
109 291 293 325 U.C.581.

112 335 202 367 A.C.
222 343 292 371 171.

112 409 222 439 Oratio

112 451 214 482 Persei
230 453 269 482 ad

113 494 245 526 milites.

305 184 390 241 376
483 170 487 176 ’
761 196 805 227 τ.
831 194 964 227 mvn

307 291 400 323 erat.
457 283 690 321 cohortatus
719 290 776 322 est
806 285 943 322 milites
972 286 1019 322 ad
1043 284 1207 323 bellum:
1239 285 1418 338 injuriam

307 349 438 401 populi
471 347 636 384 Romani
670 349 710 384 in
745 354 892 398 patrem
929 362 1043 400 seque
1079 351 1416 387 commemoravit:

308 415 432 457 Illum,
453 412 612 449 omnibus
631 413 904 460 indignitatibus
923 415 1141 463 compulsum
1168 416 1216 451 ad
1243 416 1422 451 rebellan-

307 479 405 521 dum,
425 478 517 513 inter
536 477 756 524 adparatum
775 476 856 513 belli
874 477 965 526 fato
983 478 1181 526 obpressum
1196 495 1208 515 .·
1237 480 1286 515 ad
1311 491 1348 515 se
1371 479 1420 515 si-

305 543 382 579 mul
401 543 548 590 legatos,
567 542 674 576 simul
692 541 823 576 milites
841 543 889 577 acl
908 544 1133 590 occupandas
1157 544 1302 579 Graeciae
1320 543 1421 579 urbes

305 608 438 643 missos.
475 605 614 641 Fallaci
629 605 756 639 deinde
775 605 960 652 conloquio
975 618 1042 653 per
1062 608 1210 653 speciem
1229 607 1418 643 reconcili-

305 671 409 706 andce
433 669 535 717 pacis
563 671 761 703 extractam
791 666 953 709 hiemem,
973 673 1014 703 ut
1033 673 1171 715 tempus
1196 670 1246 704 ad
1273 681 1418 717 compa-

303 733 461 768 randum
480 732 657 767 haberent.
717 730 902 766 Consulem
930 742 1026 766 nunc
1048 733 1169 767 venire
1187 744 1265 768 cuni
1286 732 1420 769 duabus

305 795 498 844 legionibus
517 794 702 836 Romanis,
723 806 799 842 quae
818 793 841 815 ÷÷
865 793 888 816 *
911 798 1065 830 trecenos
1093 797 1226 843 equites
1253 795 1418 839 habeant,

304 864 340 896 et
366 860 451 908 pari
467 858 592 908 ferme
620 869 768 894 numero
793 858 969 894 sociorum
995 859 1159 906 peditum
1179 861 1418 909 equitumque.

305 924 362 960 Eo
391 929 431 959 ut
460 924 633 959 accedant
657 933 783 969 regum
805 923 944 957 auxilia
963 922 1132 959 Eumenis
1151 928 1185 959 et
1203 924 1415 967 Masinissae,

303 999 373 1023 non
401 988 483 1035 plus
499 991 628 1034 septem
654 985 772 1020 millia
794 985 972 1032 peditum,
995 987 1065 1022 duo
1089 988 1245 1035 equitum
1264 987 1416 1036 sutura.

303 1052 450 1087 Auditis
465 1050 615 1086 hostium
637 1050 758 1097 copiis,
774 1050 986 1097 respicerent
999 1062 1102 1086 suum
1118 1052 1186 1099 ipsi
1201 1053 1421 1096 exercitum,

303 1120 474 1163 quantum
493 1125 651 1154 numero,
673 1117 847 1160 quantum
866 1124 996 1159 genere
1020 1114 1177 1150 rnilitum
1203 1119 1416 1162 proestarent

305 1179 487 1221 tironibus,
508 1179 642 1226 raptim
661 1178 709 1212 acl
727 1177 766 1212 id
785 1176 915 1212 bellum
935 1179 1156 1226 conscriptis,
1177 1178 1258 1226 ipsi,
1278 1190 1302 1214 a
1324 1190 1415 1227 pue-

303 1245 354 1278 ris
384 1243 516 1278 eruditi
547 1241 683 1277 artibus
714 1241 867 1284 militia»,
904 1246 955 1276 tot
987 1241 1123 1277 subacti
1154 1246 1261 1290 atque
1292 1243 1417 1279 durati

305 1307 414 1343 bellis.
458 1307 609 1342 Auxilia
629 1305 804 1342 Romanis
823 1305 954 1354 Lydos,
976 1311 1010 1342 et
1030 1306 1208 1354 Phrygas,
1228 1311 1264 1342 et
1282 1307 1413 1343 Numi-

305 1372 369 1407 das
397 1383 467 1407 esse
480 1387 491 1407 :
523 1370 588 1406 sibi
621 1370 792 1412 Thracas,
828 1370 1033 1418 Gallosque,
1054 1369 1301 1419 ferocissimas
1325 1382 1413 1419 gen·

303 1439 405 1474 tium.
461 1439 576 1474 Arma
596 1437 677 1472 illos
696 1435 824 1471 habere
841 1447 896 1478 ea,
919 1447 994 1483 quae
1011 1436 1076 1472 sibi
1095 1437 1242 1484 quisque
1259 1447 1412 1484 parave-

303 1503 353 1538 rit
371 1513 510 1550 pauper
529 1501 652 1536 miles:
683 1499 903 1536 Macedonas
928 1505 1073 1548 promta
1101 1512 1143 1536 ex·
1169 1501 1267 1547 regio
1296 1500 1412 1548 adpa-

303 1570 402 1608 ratu,
420 1578 486 1614 per
512 1568 565 1601 tot
588 1576 700 1600 annos
720 1564 838 1612 patris
864 1565 920 1599 sui
949 1577 1033 1600 cura
1062 1569 1096 1600 et
1125 1566 1271 1612 inpensa
1287 1563 1411 1612 sacta.

305 1629 549 1666 Commeatum
568 1629 641 1664 illis
660 1639 768 1676 quum
792 1628 932 1675 procul,
955 1633 1030 1664 tum
1058 1628 1215 1664 omnibus
1239 1628 1303 1664 sub
1320 1629 1412 1664 casi—

302 1693 364 1729 bus
383 1694 572 1729 maritimis
579 1691 668 1741 fore
676 1708 688 1728 .·
704 1703 740 1727 se
759 1696 793 1727 et
807 1693 999 1740 pecuniam
1018 1696 1053 1728 et
1059 1691 1302 1741 frumentum,
1315 1703 1410 1739 proe-

303 1763 359 1794 ter
390 1759 525 1794 reditus
559 1758 803 1799 metallorum,
838 1759 875 1792 in
911 1757 1030 1793 decem
1065 1769 1177 1792 annos
1209 1744 1410 1804 seposuisse.

303 1823 446 1865 Omnia,
464 1834 541 1870 quae
559 1822 723 1857 Deorum
742 1822 982 1869 indulgentia,
1000 1834 1076 1870 quae
1093 1823 1193 1869 regia
1212 1832 1299 1857 cura
1314 1832 1409 1868 prce-

296 1887 468 1935 paranda
488 1885 659 1935 fuerant,
691 1886 801 1933 plena
839 1886 1091 1934 cumulataque
1126 1885 1251 1921 habere
1283 1885 1410 1921 Mace-

299 1951 437 1987 donas:
466 1952 624 1986 animum
655 1950 852 1986 habendum
881 1962 963 1993 esse,
985 1962 1088 1998 quem
1116 1949 1303 1986 habuerint
1330 1961 1408 1985 ma-

287 2013 388 2060 jores
406 2013 527 2051 eorum
539 2032 551 2058 ,-
581 2016 655 2063 qui,
677 2014 827 2063 Europa
846 2016 940 2051 omni
967 2016 1117 2058 domita,
1140 2015 1346 2062 transgressi
1371 2015 1408 2050 in

297 2080 436 2121 Asiam,
459 2075 678 2126 incognitum
697 2076 817 2127 famae
841 2081 1046 2127 aperuerint
1072 2079 1182 2115 armis
1200 2078 1315 2114 orbem
1337 2082 1407 2113 ter-

295 2153 445 2178 rarum:
475 2153 538 2177 nec
563 2146 646 2177 ante
670 2143 809 2178 vincere
834 2143 1012 2185 desierint,
1034 2153 1142 2190 quam
1166 2140 1289 2177 Rubro
1304 2142 1408 2177 'mari

294 2205 452 2246 inclusis,
473 2204 567 2252 quod
595 2205 785 2247 vincerent,
813 2203 980 2253 defuerit.
1037 2207 1101 2247 At,
1121 2203 1291 2248 Hercule,
1311 2216 1406 2240 nunc

291 2279 362 2303 non
392 2268 436 2303 de
464 2267 598 2304 ultimis
627 2267 742 2304 Indiae
769 2270 853 2312 oris,
882 2270 944 2305 sed
972 2270 1016 2305 cle
1043 2270 1155 2318 ipsius
1183 2269 1404 2305 Macedoniae

287 2332 502 2379 possessione
531 2337 708 2376 certamen
728 2332 924 2383 fortunam
946 2330 1129 2372 indixisse.
1187 2333 1423 2384 Campatre.

1530 379 1537 397 t,
