1546 2648
326 138 480 167 LIBER
501 136 618 166 XLV.
650 135 757 164 cAl’.
779 135 967 164 XXXIX·
1121 132 1204 179 529

93 231 347 280 respondeatis,
367 241 474 278 quam
491 240 552 264 vos
569 226 832 275 triumphantes
852 227 967 262 videri
984 227 1074 264 velle
1088 227 1109 263 ,⁹
1140 227 1208 264 Vos
1219 229 1261 259 U.
1276 228 1312 259 C.
1326 235 1404 261 sss.

96 300 190 332 certe
207 297 356 331 victores
370 294 522 342 conspici
539 293 629 328 velle
647 291 831 328 debebatis.
1217 273 1259 303 A·
1271 271 1306 302 C·
1323 277 1395 325 3⁶⁷·

150 357 351 396 XXXIX.
395 357 672 405 Triumphatum
700 367 814 404 nuper
833 356 876 391 de
895 355 1082 405 Philippo,
1101 362 1208 405 patre

96 422 212 471 hujus,
232 428 268 460 et
292 423 336 459 cle
354 421 534 458 Antiocho
558 425 634 457 est:
662 420 765 456 ambo
794 421 1004 468 regnabant,
1035 434 1143 470 quum
1164 424 1207 459 de

94 490 148 525 his
166 487 428 536 triumphatum
446 491 509 523 est.
564 486 627 522 De
643 486 774 521 Perseo
793 489 912 534 capto,
934 487 969 522 in
984 486 1104 523 urbem
1126 499 1208 526 cum

94 553 212 589 liberis
231 552 395 594 abducto,
424 563 495 586 non
518 550 831 598 triumphabitur?
861 550 965 591 Quod
991 552 1022 587 si
1045 552 1080 586 in
1100 563 1206 587 curru

91 618 297 654 scandentes
317 616 551 664 Capitolium,
572 619 721 651 auratos
744 619 1046 663 pur-paratosque,
1079 627 1122 651 ex
1150 617 1205 652 in-

82 681 224 731 feriore
243 682 319 717 loco
338 681 553 717 L.Paullus
584 681 619 715 in
650 679 754 716 turba
784 684 987 727 togatorum
1011 691 1103 716 unus
1126 681 1206 728 pri-

91 750 196 783 vatus
231 746 450 792 interroget:
480 743 526 780 L.
554 744 675 786 Anici,
715 743 778 779 Cn.
818 744 958 785 Octavi,
997 748 1115 781 utrum
1145 755 1205 781 vos

91 811 271 858 digniores
301 808 480 856 triumpho
509 820 592 850 esse,
624 820 672 844 an
700 820 767 851 me,
799 809 975 844 censetis.9
1004 820 1148 845 currum
1172 809 1205 844 ei

91 874 233 916 cessuri,
254 877 289 908 et
315 884 390 920 proe
411 873 552 920 pudore
569 872 736 907 videntur
762 873 917 919 insignia
946 873 1014 920 ipsi
1040 884 1105 907 sua
1125 878 1202 908 ενα,

91 938 218 975 dituri.
275 937 326 972 Et
343 948 404 972 vos
428 936 610 978 Gentium,
628 948 735 983 quam
751 936 897 978 Persea,
919 937 1001 972 duci
1018 937 1056 972 in
1072 938 1200 973 trium-.-

85 1003 199 1052 phum
220 1001 402 1043 mavultis,
425 1000 594 1042 Quirites,
619 1005 653 1035 et
675 1001 719 1036 de
736 1002 932 1036 accessione
957 1001 1077 1048 potius
1103 1000 1201 1041 belli.

90 1079 197 1116 quam
228 1066 271 1101 de
298 1065 402 1107 bello,
435 1065 684 1113 triumphari.9
719 1066 771 1101 Et
800 1065 953 1112 legiones
980 1076 1022 1100 ex
1054 1065 1200 1112 Illyrico

90 1132 263 1167 laureatae
281 1129 402 1164 urbem
421 1128 572 1171 inibunt,
593 1132 627 1164 et
647 1129 793 1165 navales
813 1129 933 1164 socii?
958 1128 1202 1169 Macedonicae

89 1199 256 1246 legiones,
275 1207 339 1231 suo
358 1195 542 1242 abrogato,
571 1194 769 1243 triumphos
796 1195 930 1231 alienos
957 1194 1163 1242 spectabunt
1180 1197 1201 1230 P

91 1262 188 1305 Quid
216 1261 342 1296 deinde
361 1265 435 1298 tam
455 1261 583 1307 opimoe
598 1260 742 1306 praedae,
765 1258 838 1295 tam
858 1259 1034 1307 opulenta>
1047 1260 1206 1295 victoria

87 1328 211 1377 spoliis
215 1326 320 1375 fiet?
339 1325 503 1366 Quonam
522 1324 697 1364 abdentur
711 1325 777 1361 illa
798 1330 849 1361 tot
869 1325 986 1361 millia
1005 1336 1201 1367 armorum,

88 1394 252 1430 detracta
281 1389 490 1437 corporibus
521 1389 706 1425 hostium.9
733 1402 782 1425 an
804 1390 840 1424 in
865 1389 1120 1425 Macedoniam
1147 1401 1205 1425 re·

87 1456 309 1493 mittentur?
339 1453 419 1494 Quo
438 1455 541 1500 signa
566 1465 690 1496 aurea,
717 1465 933 1495 marmorea,
960 1453 1125 1496 eburnea,
1147 1458 1204 1489 ta-

88 1522 178 1558 bulae
215 1521 338 1567 pictae,
374 1519 528 1560 textilia,
559 1522 700 1554 tantum
728 1520 870 1566 argenti
896 1518 1028 1559 ccelati,
1059 1522 1202 1554 tantum
1253 1542 1259 1547 .»

88 1586 184 1627 auri,
206 1587 310 1620 tanta
334 1583 487 1630 pecunia
505 1583 640 1629 regia?
667 1583 728 1618 An
755 1587 874 1624 noctu,
907 1587 1090 1630 tamquam
1107 1581 1198 1630 sur-

90 1652 178 1692 tiva,
200 1650 237 1685 in
255 1649 422 1684 cerarium
451 1646 767 1695 deportabuntur?
805 1648 902 1689 Quid
936 1648 1031 1683 illud
1059 1652 1200 1695 specta-

88 1715 208 1751 culum
243 1714 452 1754 maximum,
490 1711 723 1748 nobilissimus
757 1713 1109 1760 opulentissimusque
1139 1724 1201 1748 rex

85 1783 224 1827 captus,
259 1777 319 1813 ubi
349 1777 477 1813 victori
503 1777 637 1824 populo
669 1777 904 1812 ostendetur?
937 1777 1034 1817 Quos
1051 1776 1199 1825 Syphax

85 1856 147 1880 rex
161 1846 299 1891 captus,
320 1842 470 1878 accessio
484 1841 613 1876 Punici
631 1840 727 1883 belli,
747 1853 934 1877 concursus
941 1840 1091 1890 fecerit,
1117 1842 1197 1889 ple-

86 1909 186 1956 rique
214 1907 448 1942 meminimus.
507 1905 659 1940 Perseus
684 1916 747 1940 reae
774 1909 913 1952 captus,
945 1905 1138 1953 Philippus
1164 1909 1197 1940 et

85 1971 291 2008 Alexander
305 1970 385 2019 filii
402 1971 510 2016 regis,
532 1973 635 2005 tanta
660 1970 821 2011 nomina,
840 1969 1092 2005 subtrahentur
1111 1970 1197 2005 civi-

85 2036 172 2071 tatis
189 2035 330 2071 oculis.9
358 2033 479 2082 Ipsum
506 2032 551 2069 L.
569 2032 759 2074 Paullum,
793 2033 844 2068 bis
868 2033 1058 2076 consulem,
1080 2033 1195 2069 domi-

86 2103 197 2134 torem
220 2099 378 2140 Graecioe,
399 2098 558 2133 omnium
586 2096 681 2132 oculi
713 2097 913 2144 conspicere
940 2097 1061 2132 urbem
1088 2109 1195 2133 curru

83 2161 339 2209 ingredientem
375 2165 492 2197 avent.
561 2161 623 2196 Ad
654 2159 720 2195 hoc
746 2158 908 2208 fecimus
935 2161 1124 2203 consulem,
1154 2165 1195 2196 ut

82 2226 225 2266 bellum,
251 2235 318 2271 per
336 2225 608 2271 quadriennium
628 2225 761 2271 ingenti
784 2225 894 2259 etiam
918 2225 1056 2271 pudore
1073 2228 1193 2260 nostro

85 2293 252 2330 tractum,
281 2288 487 2338 perficeret:
515 2290 573 2325 cui
603 2289 730 2324 sortito
758 2289 994 2336 provinciam,
1024 2290 1082 2324 cui
1106 2300 1195 2336 pro-

135 2352 236 2388 Von.
253 2350 329 2388 IV.
621 2351 653 2388 A
672 2363 695 2386 a
