<?xml version="1.0" encoding="UTF-8"?>
<!DOCTYPE html PUBLIC "-//W3C//DTD XHTML 1.0 Transitional//EN"
    "http://www.w3.org/TR/xhtml1/DTD/xhtml1-transitional.dtd">
<html xmlns="http://www.w3.org/1999/xhtml" xml:lang="en" lang="en">
 <head>
  <title>
</title>
<meta http-equiv="Content-Type" content="text/html;charset=utf-8" />
  <meta name='ocr-system' content='tesseract 3.04.00' />
  <meta name='ocr-capabilities' content='ocr_page ocr_carea ocr_par ocr_line ocrx_word'/>
</head>
<body>
  <div class='ocr_page' id='page_1' title='image "./historiarumquaes04livyuoft/historiarumquaes04livyuoft_0301.png"; bbox 0 0 1546 2648; ppageno 0'>
   <div class='ocr_carea' id='block_1_1' title="bbox 382 206 1188 250">
    <p class='ocr_par' dir='ltr' id='par_1_1' title="bbox 382 206 1188 250">
     <span class='ocr_line' id='line_1_1' title="bbox 382 206 1188 250; baseline -0.004 -10"><span class='ocrx_word' id='word_1_1' title='bbox 382 211 538 240; x_wconf 67' lang='lat' dir='ltr'><strong>mnan</strong></span> <span class='ocrx_word' id='word_1_2' title='bbox 562 208 668 238; x_wconf 78' lang='lat' dir='ltr'><strong>xm.</strong></span> <span class='ocrx_word' id='word_1_3' title='bbox 702 207 812 236; x_wconf 71' lang='lat' dir='ltr'><strong>CAP.</strong></span> <span class='ocrx_word' id='word_1_4' title='bbox 835 207 905 236; x_wconf 78' lang='lat' dir='ltr'><strong>vx.</strong></span> <span class='ocrx_word' id='word_1_5' title='bbox 1109 206 1188 250; x_wconf 83' lang='lat'><strong>291</strong></span> 
     </span>
    </p>
   </div>
   <div class='ocr_carea' id='block_1_2' title="bbox 70 294 1388 2341">
    <p class='ocr_par' dir='ltr' id='par_1_2' title="bbox 70 294 1388 1825">
     <span class='ocr_line' id='line_1_2' title="bbox 78 294 1384 351; baseline -0.01 -13"><span class='ocrx_word' id='word_1_6' title='bbox 78 309 219 351; x_wconf 81' lang='lat' dir='ltr'><strong>praetor</strong></span> <span class='ocrx_word' id='word_1_7' title='bbox 247 298 430 337; x_wconf 81' lang='lat' dir='ltr'><strong>militibus</strong></span> <span class='ocrx_word' id='word_1_8' title='bbox 459 298 620 347; x_wconf 85' lang='lat' dir='ltr'>legionis</span> <span class='ocrx_word' id='word_1_9' title='bbox 650 303 808 346; x_wconf 84' lang='lat' dir='ltr'><strong>quartae,</strong></span> <span class='ocrx_word' id='word_1_10' title='bbox 826 302 864 332; x_wconf 87' lang='lat' dir='ltr'><strong>et</strong></span> <span class='ocrx_word' id='word_1_11' title='bbox 893 295 1041 332; x_wconf 71' lang='lat' dir='ltr'><strong>socium</strong></span> <span class='ocrx_word' id='word_1_12' title='bbox 1059 294 1189 332; x_wconf 87' lang='lat' dir='ltr'><strong>Latini</strong></span> <span class='ocrx_word' id='word_1_13' title='bbox 1205 296 1297 328; x_wconf 91' lang='lat' dir='ltr'><strong>U.C.</strong></span> <span class='ocrx_word' id='word_1_14' title='bbox 1311 300 1384 330; x_wconf 75' lang='grc'><strong>574.</strong></span> 
     </span>
     <span class='ocr_line' id='line_1_3' title="bbox 78 341 1388 412; baseline -0.004 -12"><span class='ocrx_word' id='word_1_15' title='bbox 78 357 243 400; x_wconf 81' lang='lat' dir='ltr'><strong>nominis</strong></span> <span class='ocrx_word' id='word_1_16' title='bbox 272 364 440 412; x_wconf 87' lang='lat' dir='ltr'><strong>quinque</strong></span> <span class='ocrx_word' id='word_1_17' title='bbox 468 360 648 404; x_wconf 88' lang='lat' dir='ltr'><strong>millibus,</strong></span> <span class='ocrx_word' id='word_1_18' title='bbox 670 359 860 409; x_wconf 87' lang='lat' dir='ltr'><strong>equitibus</strong></span> <span class='ocrx_word' id='word_1_19' title='bbox 891 360 1060 396; x_wconf 88' lang='lat' dir='ltr'><strong>ducentis</strong></span> <span class='ocrx_word' id='word_1_20' title='bbox 1081 361 1191 408; x_wconf 88' lang='lat' dir='ltr'><strong>quin·</strong></span> <span class='ocrx_word' id='word_1_21' title='bbox 1203 346 1243 375; x_wconf 72' lang='lat' dir='ltr'><strong>A·</strong></span> <span class='ocrx_word' id='word_1_22' title='bbox 1260 341 1297 373; x_wconf 73' lang='lat' dir='ltr'><strong>C·</strong></span> <span class='ocrx_word' id='word_1_23' title='bbox 1315 345 1388 374; x_wconf 55' lang='lat'><strong>&#39;⁷⁸&#39;</strong></span> 
     </span>
     <span class='ocr_line' id='line_1_4' title="bbox 77 424 1194 478; baseline -0.003 -14"><span class='ocrx_word' id='word_1_24' title='bbox 77 429 274 478; x_wconf 84' lang='lat' dir='ltr'>quaginta,</span> <span class='ocrx_word' id='word_1_25' title='bbox 304 427 411 463; x_wconf 84' lang='lat' dir='ltr'><strong>Pisas</strong></span> <span class='ocrx_word' id='word_1_26' title='bbox 450 435 490 462; x_wconf 89' lang='lat' dir='ltr'><strong>ut</strong></span> <span class='ocrx_word' id='word_1_27' title='bbox 522 426 784 468; x_wconf 83' lang='lat' dir='ltr'><strong>convenirent,</strong></span> <span class='ocrx_word' id='word_1_28' title='bbox 815 424 1001 469; x_wconf 80' lang='lat' dir='ltr'><strong>ediceret3</strong></span> <span class='ocrx_word' id='word_1_29' title='bbox 1035 436 1194 473; x_wconf 87' lang='lat' dir='ltr'><strong>eamque</strong></span> 
     </span>
     <span class='ocr_line' id='line_1_5' title="bbox 77 487 1191 542; baseline -0.003 -14"><span class='ocrx_word' id='word_1_30' title='bbox 77 491 326 542; x_wconf 83' lang='lat' dir='ltr'><strong>provinciam,</strong></span> <span class='ocrx_word' id='word_1_31' title='bbox 345 490 434 526; x_wconf 92' lang='lat' dir='ltr'><strong>dum</strong></span> <span class='ocrx_word' id='word_1_32' title='bbox 454 488 589 525; x_wconf 91' lang='lat' dir='ltr'><strong>consul</strong></span> <span class='ocrx_word' id='word_1_33' title='bbox 607 488 695 524; x_wconf 93' lang='lat' dir='ltr'><strong>inde</strong></span> <span class='ocrx_word' id='word_1_34' title='bbox 715 487 878 531; x_wconf 87' lang='lat' dir='ltr'><strong>abesset,</strong></span> <span class='ocrx_word' id='word_1_35' title='bbox 897 493 1104 524; x_wconf 86' lang='lat' dir='ltr'><strong>tutaretur:</strong></span> <span class='ocrx_word' id='word_1_36' title='bbox 1132 487 1191 525; x_wconf 88' lang='lat' dir='ltr'><strong>M.</strong></span> 
     </span>
     <span class='ocr_line' id='line_1_6' title="bbox 77 552 1191 605; baseline -0.002 -14"><span class='ocrx_word' id='word_1_37' title='bbox 77 555 244 592; x_wconf 87' lang='lat' dir='ltr'><strong>Titinius</strong></span> <span class='ocrx_word' id='word_1_38' title='bbox 263 561 405 605; x_wconf 85' lang='lat' dir='ltr'><strong>praetor</strong></span> <span class='ocrx_word' id='word_1_39' title='bbox 432 553 623 602; x_wconf 85' lang='lat' dir='ltr'><strong>legionem</strong></span> <span class='ocrx_word' id='word_1_40' title='bbox 643 552 818 603; x_wconf 82' lang='lat' dir='ltr'><strong>primam,</strong></span> <span class='ocrx_word' id='word_1_41' title='bbox 838 564 968 602; x_wconf 83' lang='lat' dir='ltr'><strong>parem</strong></span> <span class='ocrx_word' id='word_1_42' title='bbox 993 565 1191 589; x_wconf 89' lang='lat' dir='ltr'><strong>numerum</strong></span> 
     </span>
     <span class='ocr_line' id='line_1_7' title="bbox 77 617 1193 669; baseline -0.004 -13"><span class='ocrx_word' id='word_1_43' title='bbox 77 620 269 656; x_wconf 88' lang='lat' dir='ltr'><strong>sociorum</strong></span> <span class='ocrx_word' id='word_1_44' title='bbox 287 619 457 669; x_wconf 89' lang='lat' dir='ltr'><strong>peditum</strong></span> <span class='ocrx_word' id='word_1_45' title='bbox 477 618 736 668; x_wconf 83' lang='lat' dir='ltr'><strong>equitumque,</strong></span> <span class='ocrx_word' id='word_1_46' title='bbox 752 617 969 653; x_wconf 84' lang='lat' dir='ltr'><strong>Ariminum</strong></span> <span class='ocrx_word' id='word_1_47' title='bbox 989 617 1193 653; x_wconf 76' lang='lat' dir='ltr'><strong>convenire</strong></span> 
     </span>
     <span class='ocr_line' id='line_1_8' title="bbox 70 681 1194 734; baseline -0.004 -14"><span class='ocrx_word' id='word_1_48' title='bbox 70 683 237 734; x_wconf 85' lang='lat' dir='ltr'><strong>juberet.</strong></span> <span class='ocrx_word' id='word_1_49' title='bbox 292 683 401 720; x_wconf 86' lang='lat' dir='ltr'><strong>Nero</strong></span> <span class='ocrx_word' id='word_1_50' title='bbox 431 682 630 733; x_wconf 87' lang='lat' dir='ltr'><strong>paludatus</strong></span> <span class='ocrx_word' id='word_1_51' title='bbox 661 681 767 718; x_wconf 86' lang='lat' dir='ltr'><strong>Pisas</strong></span> <span class='ocrx_word' id='word_1_52' title='bbox 798 682 837 717; x_wconf 92' lang='lat' dir='ltr'><strong>in</strong></span> <span class='ocrx_word' id='word_1_53' title='bbox 867 681 1102 732; x_wconf 87' lang='lat' dir='ltr'><strong>provinciam</strong></span> <span class='ocrx_word' id='word_1_54' title='bbox 1135 687 1194 717; x_wconf 87' lang='lat' dir='ltr'><strong>est</strong></span> 
     </span>
     <span class='ocr_line' id='line_1_9' title="bbox 75 744 1192 799; baseline -0.003 -15"><span class='ocrx_word' id='word_1_55' title='bbox 75 747 281 799; x_wconf 89' lang='lat' dir='ltr'><strong>profectus.</strong></span> <span class='ocrx_word' id='word_1_56' title='bbox 319 747 499 790; x_wconf 81' lang='lat' dir='ltr'><strong>Titinius,</strong></span> <span class='ocrx_word' id='word_1_57' title='bbox 522 747 566 784; x_wconf 93' lang='lat' dir='ltr'><strong>C.</strong></span> <span class='ocrx_word' id='word_1_58' title='bbox 589 747 724 782; x_wconf 89' lang='lat' dir='ltr'><strong>Cassio</strong></span> <span class='ocrx_word' id='word_1_59' title='bbox 745 746 901 782; x_wconf 87' lang='lat' dir='ltr'><strong>tribuno</strong></span> <span class='ocrx_word' id='word_1_60' title='bbox 921 744 1081 782; x_wconf 89' lang='lat' dir='ltr'><strong>militum</strong></span> <span class='ocrx_word' id='word_1_61' title='bbox 1102 746 1192 781; x_wconf 81' lang='lat' dir='ltr'><strong>Ari-</strong></span> 
     </span>
     <span class='ocr_line' id='line_1_10' title="bbox 76 809 1191 862; baseline -0.003 -14"><span class='ocrx_word' id='word_1_62' title='bbox 76 812 235 856; x_wconf 89' lang='lat' dir='ltr'><strong>minum,</strong></span> <span class='ocrx_word' id='word_1_63' title='bbox 255 812 317 862; x_wconf 88' lang='lat' dir='ltr'><strong>qui</strong></span> <span class='ocrx_word' id='word_1_64' title='bbox 334 818 513 862; x_wconf 65' lang='lat' dir='ltr'><strong>praeesset</strong></span> <span class='ocrx_word' id='word_1_65' title='bbox 528 811 687 860; x_wconf 88' lang='lat' dir='ltr'><strong>legioni,</strong></span> <span class='ocrx_word' id='word_1_66' title='bbox 705 811 836 854; x_wconf 86' lang='lat' dir='ltr'><strong>misso,</strong></span> <span class='ocrx_word' id='word_1_67' title='bbox 854 809 1040 846; x_wconf 89' lang='lat' dir='ltr'><strong>delectum</strong></span> <span class='ocrx_word' id='word_1_68' title='bbox 1055 809 1191 846; x_wconf 87' lang='lat' dir='ltr'><strong>Romae</strong></span> 
     </span>
     <span class='ocr_line' id='line_1_11' title="bbox 75 875 1191 925; baseline -0.002 -13"><span class='ocrx_word' id='word_1_69' title='bbox 75 875 220 913; x_wconf 86' lang='lat' dir='ltr'><strong>habuit.</strong></span> <span class='ocrx_word' id='word_1_70' title='bbox 278 875 335 913; x_wconf 90' lang='lat' dir='ltr'><strong>M.</strong></span> <span class='ocrx_word' id='word_1_71' title='bbox 355 876 492 912; x_wconf 86' lang='lat' dir='ltr'><strong>Junius</strong></span> <span class='ocrx_word' id='word_1_72' title='bbox 513 875 661 919; x_wconf 85' lang='lat' dir='ltr'><strong>consul,</strong></span> <span class='ocrx_word' id='word_1_73' title='bbox 683 889 729 912; x_wconf 78' lang='lat' dir='ltr'><strong>ex</strong></span> <span class='ocrx_word' id='word_1_74' title='bbox 749 875 957 924; x_wconf 82' lang='lat' dir='ltr'><strong>Liguribus</strong></span> <span class='ocrx_word' id='word_1_75' title='bbox 978 876 1015 911; x_wconf 89' lang='lat' dir='ltr'><strong>iu</strong></span> <span class='ocrx_word' id='word_1_76' title='bbox 1036 876 1191 925; x_wconf 86' lang='lat' dir='ltr'><strong>provin-</strong></span> 
     </span>
     <span class='ocr_line' id='line_1_12' title="bbox 76 938 1190 989; baseline -0.002 -13"><span class='ocrx_word' id='word_1_77' title='bbox 76 940 172 976; x_wconf 90' lang='lat' dir='ltr'><strong>ciam</strong></span> <span class='ocrx_word' id='word_1_78' title='bbox 193 939 357 976; x_wconf 82' lang='lat' dir='ltr'><strong>Galliam</strong></span> <span class='ocrx_word' id='word_1_79' title='bbox 385 947 656 988; x_wconf 87' lang='lat' dir='ltr'><strong>transgressus,</strong></span> <span class='ocrx_word' id='word_1_80' title='bbox 679 938 830 976; x_wconf 80' lang='lat' dir='ltr'><strong>auxiliis</strong></span> <span class='ocrx_word' id='word_1_81' title='bbox 851 939 1024 989; x_wconf 87' lang='lat' dir='ltr'><strong>protinus</strong></span> <span class='ocrx_word' id='word_1_82' title='bbox 1044 951 1111 988; x_wconf 87' lang='lat' dir='ltr'><strong>per</strong></span> <span class='ocrx_word' id='word_1_83' title='bbox 1136 939 1190 975; x_wconf 92' lang='lat' dir='ltr'><strong>ci-</strong></span> 
     </span>
     <span class='ocr_line' id='line_1_13' title="bbox 76 1003 1192 1054; baseline -0.002 -12"><span class='ocrx_word' id='word_1_84' title='bbox 76 1006 212 1042; x_wconf 83' lang='lat' dir='ltr'><strong>vitates</strong></span> <span class='ocrx_word' id='word_1_85' title='bbox 233 1005 367 1042; x_wconf 85' lang='lat' dir='ltr'><strong>Galliae</strong></span> <span class='ocrx_word' id='word_1_86' title='bbox 391 1004 651 1054; x_wconf 89' lang='lat' dir='ltr'><strong>militibusque</strong></span> <span class='ocrx_word' id='word_1_87' title='bbox 675 1004 821 1041; x_wconf 89' lang='lat' dir='ltr'><strong>colonis</strong></span> <span class='ocrx_word' id='word_1_88' title='bbox 841 1003 1050 1053; x_wconf 82' lang='lat' dir='ltr'><strong>imperatis,</strong></span> <span class='ocrx_word' id='word_1_89' title='bbox 1069 1004 1192 1053; x_wconf 86' lang='lat' dir='ltr'><strong>Aqui·-</strong></span> 
     </span>
     <span class='ocr_line' id='line_1_14' title="bbox 76 1068 1193 1121; baseline -0.001 -15"><span class='ocrx_word' id='word_1_90' title='bbox 76 1069 186 1106; x_wconf 90' lang='lat' dir='ltr'><strong>leiam</strong></span> <span class='ocrx_word' id='word_1_91' title='bbox 207 1071 390 1121; x_wconf 87' lang='lat' dir='ltr'><strong>pervenit.</strong></span> <span class='ocrx_word' id='word_1_92' title='bbox 448 1069 508 1106; x_wconf 89' lang='lat' dir='ltr'><strong>Ibi</strong></span> <span class='ocrx_word' id='word_1_93' title='bbox 528 1070 668 1106; x_wconf 87' lang='lat' dir='ltr'><strong>certior</strong></span> <span class='ocrx_word' id='word_1_94' title='bbox 696 1069 834 1112; x_wconf 85' lang='lat' dir='ltr'><strong>factus,</strong></span> <span class='ocrx_word' id='word_1_95' title='bbox 856 1068 1064 1105; x_wconf 87' lang='lat' dir='ltr'><strong>exercitum</strong></span> <span class='ocrx_word' id='word_1_96' title='bbox 1082 1068 1193 1105; x_wconf 86' lang='lat' dir='ltr'><strong>inco·-</strong></span> 
     </span>
     <span class='ocr_line' id='line_1_15' title="bbox 77 1133 1192 1185; baseline 0.001 -15"><span class='ocrx_word' id='word_1_97' title='bbox 77 1133 215 1171; x_wconf 88' lang='lat' dir='ltr'><strong>lumem</strong></span> <span class='ocrx_word' id='word_1_98' title='bbox 245 1147 340 1178; x_wconf 86' lang='lat' dir='ltr'><strong>esse,</strong></span> <span class='ocrx_word' id='word_1_99' title='bbox 371 1135 519 1185; x_wconf 86' lang='lat' dir='ltr'><strong>scriptis</strong></span> <span class='ocrx_word' id='word_1_100' title='bbox 548 1135 666 1171; x_wconf 84' lang='lat' dir='ltr'><strong>literis</strong></span> <span class='ocrx_word' id='word_1_101' title='bbox 697 1134 877 1177; x_wconf 86' lang='lat' dir='ltr'><strong>Romam,</strong></span> <span class='ocrx_word' id='word_1_102' title='bbox 903 1146 952 1170; x_wconf 89' lang='lat' dir='ltr'><strong>ne</strong></span> <span class='ocrx_word' id='word_1_103' title='bbox 981 1134 1192 1171; x_wconf 84' lang='lat' dir='ltr'><strong>tumultua-</strong></span> 
     </span>
     <span class='ocr_line' id='line_1_16' title="bbox 79 1198 1192 1250; baseline 0 -15"><span class='ocrx_word' id='word_1_104' title='bbox 79 1207 221 1242; x_wconf 78' lang='lat' dir='ltr'><strong>rentur,</strong></span> <span class='ocrx_word' id='word_1_105' title='bbox 242 1200 336 1250; x_wconf 86' lang='lat' dir='ltr'><strong>ipse,</strong></span> <span class='ocrx_word' id='word_1_106' title='bbox 357 1200 522 1235; x_wconf 88' lang='lat' dir='ltr'><strong>remissis</strong></span> <span class='ocrx_word' id='word_1_107' title='bbox 542 1199 706 1242; x_wconf 81' lang='lat' dir='ltr'><strong>auxiliis,</strong></span> <span class='ocrx_word' id='word_1_108' title='bbox 727 1212 810 1248; x_wconf 84' lang='lat' dir='ltr'><strong>quae</strong></span> <span class='ocrx_word' id='word_1_109' title='bbox 841 1198 960 1234; x_wconf 87' lang='lat' dir='ltr'><strong>Gallis</strong></span> <span class='ocrx_word' id='word_1_110' title='bbox 981 1199 1192 1249; x_wconf 86' lang='lat' dir='ltr'><strong>imperave-</strong></span> 
     </span>
     <span class='ocr_line' id='line_1_17' title="bbox 77 1262 1192 1313; baseline 0.002 -14"><span class='ocrx_word' id='word_1_111' title='bbox 77 1269 149 1305; x_wconf 85' lang='lat' dir='ltr'><strong>rat,</strong></span> <span class='ocrx_word' id='word_1_112' title='bbox 171 1263 217 1299; x_wconf 90' lang='lat' dir='ltr'><strong>ad</strong></span> <span class='ocrx_word' id='word_1_113' title='bbox 245 1262 430 1311; x_wconf 84' lang='lat' dir='ltr'><strong>collegam</strong></span> <span class='ocrx_word' id='word_1_114' title='bbox 461 1269 517 1298; x_wconf 83' lang='lat' dir='ltr'><strong>est</strong></span> <span class='ocrx_word' id='word_1_115' title='bbox 543 1263 751 1313; x_wconf 86' lang='lat' dir='ltr'><strong>profectus.</strong></span> <span class='ocrx_word' id='word_1_116' title='bbox 807 1262 943 1299; x_wconf 87' lang='lat' dir='ltr'><strong>Romae</strong></span> <span class='ocrx_word' id='word_1_117' title='bbox 973 1275 1113 1312; x_wconf 87' lang='lat' dir='ltr'><strong>magna</strong></span> <span class='ocrx_word' id='word_1_118' title='bbox 1144 1277 1192 1302; x_wconf 81' lang='lat' dir='ltr'><strong>ex</strong></span> 
     </span>
     <span class='ocr_line' id='line_1_18' title="bbox 75 1327 1189 1376; baseline 0.001 -13"><span class='ocrx_word' id='word_1_119' title='bbox 75 1327 307 1376; x_wconf 78' lang='lat' dir='ltr'><strong>necopinato</strong></span> <span class='ocrx_word' id='word_1_120' title='bbox 335 1327 469 1363; x_wconf 67' lang='lat' dir='ltr'><strong>laetitia</strong></span> <span class='ocrx_word' id='word_1_121' title='bbox 496 1327 595 1363; x_wconf 81' lang='lat' dir='ltr'><strong>fuit:</strong></span> <span class='ocrx_word' id='word_1_122' title='bbox 629 1327 795 1363; x_wconf 89' lang='lat' dir='ltr'><strong>delectus</strong></span> <span class='ocrx_word' id='word_1_123' title='bbox 826 1327 986 1363; x_wconf 86' lang='lat' dir='ltr'><strong>omissus</strong></span> <span class='ocrx_word' id='word_1_124' title='bbox 1011 1334 1091 1364; x_wconf 90' lang='lat' dir='ltr'><strong>est:</strong></span> <span class='ocrx_word' id='word_1_125' title='bbox 1124 1341 1189 1365; x_wconf 80' lang='lat' dir='ltr'><strong>ex-</strong></span> 
     </span>
     <span class='ocr_line' id='line_1_19' title="bbox 77 1391 1188 1441; baseline 0.001 -14"><span class='ocrx_word' id='word_1_126' title='bbox 77 1392 280 1435; x_wconf 87' lang='lat' dir='ltr'><strong>auctorati,</strong></span> <span class='ocrx_word' id='word_1_127' title='bbox 314 1392 378 1441; x_wconf 86' lang='lat' dir='ltr'><strong>qui</strong></span> <span class='ocrx_word' id='word_1_128' title='bbox 415 1397 654 1428; x_wconf 87' lang='lat' dir='ltr'><strong>sacramento</strong></span> <span class='ocrx_word' id='word_1_129' title='bbox 687 1391 885 1428; x_wconf 76' lang='lat' dir='ltr'><strong>dixerant:</strong></span> <span class='ocrx_word' id='word_1_130' title='bbox 919 1397 957 1427; x_wconf 88' lang='lat' dir='ltr'><strong>et</strong></span> <span class='ocrx_word' id='word_1_131' title='bbox 987 1393 1188 1436; x_wconf 83' lang='lat' dir='ltr'><strong>exercitus,</strong></span> 
     </span>
     <span class='ocr_line' id='line_1_20' title="bbox 75 1454 1188 1505; baseline 0.001 -14"><span class='ocrx_word' id='word_1_132' title='bbox 75 1455 139 1504; x_wconf 89' lang='lat' dir='ltr'><strong>qui</strong></span> <span class='ocrx_word' id='word_1_133' title='bbox 171 1455 335 1491; x_wconf 83' lang='lat' dir='ltr'><strong>Arimini</strong></span> <span class='ocrx_word' id='word_1_134' title='bbox 367 1455 584 1505; x_wconf 85' lang='lat' dir='ltr'><strong>pestilentia</strong></span> <span class='ocrx_word' id='word_1_135' title='bbox 614 1454 783 1492; x_wconf 90' lang='lat' dir='ltr'><strong>adfectus</strong></span> <span class='ocrx_word' id='word_1_136' title='bbox 818 1460 912 1498; x_wconf 87' lang='lat' dir='ltr'><strong>erat,</strong></span> <span class='ocrx_word' id='word_1_137' title='bbox 943 1455 1097 1492; x_wconf 88' lang='lat' dir='ltr'><strong>domum</strong></span> <span class='ocrx_word' id='word_1_138' title='bbox 1131 1456 1188 1492; x_wconf 91' lang='lat' dir='ltr'><strong>di-</strong></span> 
     </span>
     <span class='ocr_line' id='line_1_21' title="bbox 73 1519 1186 1571; baseline 0.001 -16"><span class='ocrx_word' id='word_1_139' title='bbox 73 1520 221 1556; x_wconf 84' lang='lat' dir='ltr'><strong>missus.</strong></span> <span class='ocrx_word' id='word_1_140' title='bbox 269 1519 372 1563; x_wconf 79' lang='lat' dir='ltr'><strong>Isti-i,</strong></span> <span class='ocrx_word' id='word_1_141' title='bbox 394 1520 540 1568; x_wconf 85' lang='lat' dir='ltr'><strong>magnis</strong></span> <span class='ocrx_word' id='word_1_142' title='bbox 559 1520 677 1570; x_wconf 89' lang='lat' dir='ltr'><strong>copiis</strong></span> <span class='ocrx_word' id='word_1_143' title='bbox 698 1531 814 1569; x_wconf 88' lang='lat' dir='ltr'><strong>quum</strong></span> <span class='ocrx_word' id='word_1_144' title='bbox 834 1527 957 1556; x_wconf 87' lang='lat' dir='ltr'><strong>castra</strong></span> <span class='ocrx_word' id='word_1_145' title='bbox 977 1519 1079 1557; x_wconf 83' lang='lat' dir='ltr'><strong>haud</strong></span> <span class='ocrx_word' id='word_1_146' title='bbox 1097 1533 1186 1571; x_wconf 76' lang='lat' dir='ltr'><strong>pro-</strong></span> 
     </span>
     <span class='ocr_line' id='line_1_22' title="bbox 75 1582 1184 1634; baseline 0.003 -15"><span class='ocrx_word' id='word_1_147' title='bbox 75 1582 135 1619; x_wconf 92' lang='lat' dir='ltr'><strong>cul</strong></span> <span class='ocrx_word' id='word_1_148' title='bbox 171 1583 336 1620; x_wconf 84' lang='lat' dir='ltr'><strong>consulis</strong></span> <span class='ocrx_word' id='word_1_149' title='bbox 375 1585 505 1619; x_wconf 87' lang='lat' dir='ltr'><strong>castris</strong></span> <span class='ocrx_word' id='word_1_150' title='bbox 549 1584 748 1627; x_wconf 87' lang='lat' dir='ltr'><strong>haberent,</strong></span> <span class='ocrx_word' id='word_1_151' title='bbox 785 1590 988 1634; x_wconf 85' lang='lat' dir='ltr'><strong>postquam</strong></span> <span class='ocrx_word' id='word_1_152' title='bbox 1025 1584 1184 1622; x_wconf 82' lang='lat' dir='ltr'><strong>alterum</strong></span> 
     </span>
     <span class='ocr_line' id='line_1_23' title="bbox 75 1646 1184 1693; baseline 0.004 -10"><span class='ocrx_word' id='word_1_153' title='bbox 75 1646 268 1684; x_wconf 85' lang='lat' dir='ltr'><strong>consulem</strong></span> <span class='ocrx_word' id='word_1_154' title='bbox 300 1661 383 1685; x_wconf 87' lang='lat' dir='ltr'><strong>cum</strong></span> <span class='ocrx_word' id='word_1_155' title='bbox 413 1649 580 1684; x_wconf 85' lang='lat' dir='ltr'><strong>exercitu</strong></span> <span class='ocrx_word' id='word_1_156' title='bbox 610 1662 710 1685; x_wconf 86' lang='lat' dir='ltr'><strong>novo</strong></span> <span class='ocrx_word' id='word_1_157' title='bbox 745 1649 940 1685; x_wconf 85' lang='lat' dir='ltr'><strong>advenisse</strong></span> <span class='ocrx_word' id='word_1_158' title='bbox 970 1650 1184 1693; x_wconf 87' lang='lat' dir='ltr'><strong>audierunt,</strong></span> 
     </span>
     <span class='ocr_line' id='line_1_24' title="bbox 75 1707 1184 1764; baseline 0.003 -16"><span class='ocrx_word' id='word_1_159' title='bbox 75 1712 214 1762; x_wconf 83' lang='lat' dir='ltr'><strong>passim</strong></span> <span class='ocrx_word' id='word_1_160' title='bbox 251 1712 291 1748; x_wconf 81' lang='lat' dir='ltr'><strong>in</strong></span> <span class='ocrx_word' id='word_1_161' title='bbox 329 1707 499 1748; x_wconf 82' lang='lat' dir='ltr'><strong>civitates</strong></span> <span class='ocrx_word' id='word_1_162' title='bbox 538 1712 672 1764; x_wconf 84' lang='lat' dir='ltr'><strong>dilapsi</strong></span> <span class='ocrx_word' id='word_1_163' title='bbox 710 1720 822 1749; x_wconf 86' lang='lat' dir='ltr'><strong>sunt:</strong></span> <span class='ocrx_word' id='word_1_164' title='bbox 854 1713 1027 1750; x_wconf 86' lang='lat' dir='ltr'><strong>consules</strong></span> <span class='ocrx_word' id='word_1_165' title='bbox 1065 1715 1184 1764; x_wconf 81' lang='lat' dir='ltr'><strong>Aqui-</strong></span> 
     </span>
     <span class='ocr_line' id='line_1_25' title="bbox 75 1775 871 1825; baseline 0.003 -14"><span class='ocrx_word' id='word_1_166' title='bbox 75 1775 186 1812; x_wconf 87' lang='lat' dir='ltr'><strong>leiam</strong></span> <span class='ocrx_word' id='word_1_167' title='bbox 201 1775 245 1811; x_wconf 88' lang='lat' dir='ltr'><strong>in</strong></span> <span class='ocrx_word' id='word_1_168' title='bbox 260 1775 419 1812; x_wconf 84' lang='lat' dir='ltr'><strong>hiberna</strong></span> <span class='ocrx_word' id='word_1_169' title='bbox 438 1775 608 1825; x_wconf 87' lang='lat' dir='ltr'><strong>legiones</strong></span> <span class='ocrx_word' id='word_1_170' title='bbox 628 1777 871 1814; x_wconf 82' lang='lat' dir='ltr'><strong>reduxerunt.</strong></span> 
     </span>
    </p>

    <p class='ocr_par' dir='ltr' id='par_1_3' title="bbox 73 1838 1185 2341">
     <span class='ocr_line' id='line_1_26' title="bbox 127 1838 1185 1883; baseline 0.006 -9"><span class='ocrx_word' id='word_1_171' title='bbox 127 1838 196 1875; x_wconf 92' lang='lat' dir='ltr'><strong>VI.</strong></span> <span class='ocrx_word' id='word_1_172' title='bbox 227 1839 368 1875; x_wconf 89' lang='lat' dir='ltr'><strong>Sedato</strong></span> <span class='ocrx_word' id='word_1_173' title='bbox 396 1839 548 1875; x_wconf 89' lang='lat' dir='ltr'><strong>taudem</strong></span> <span class='ocrx_word' id='word_1_174' title='bbox 578 1839 717 1876; x_wconf 88' lang='lat' dir='ltr'><strong>Istrico</strong></span> <span class='ocrx_word' id='word_1_175' title='bbox 735 1840 915 1883; x_wconf 90' lang='lat' dir='ltr'><strong>tumultu,</strong></span> <span class='ocrx_word' id='word_1_176' title='bbox 936 1848 1185 1880; x_wconf 82' lang='lat' dir='ltr'><strong>senatuscon-</strong></span> 
     </span>
     <span class='ocr_line' id='line_1_27' title="bbox 75 1902 1184 1955; baseline 0.005 -17"><span class='ocrx_word' id='word_1_177' title='bbox 75 1902 212 1939; x_wconf 84' lang='lat' dir='ltr'><strong>sultum</strong></span> <span class='ocrx_word' id='word_1_178' title='bbox 232 1902 375 1939; x_wconf 80' lang='lat' dir='ltr'><strong>factum</strong></span> <span class='ocrx_word' id='word_1_179' title='bbox 392 1909 462 1946; x_wconf 87' lang='lat' dir='ltr'><strong>est,</strong></span> <span class='ocrx_word' id='word_1_180' title='bbox 478 1909 522 1939; x_wconf 91' lang='lat' dir='ltr'><strong>ut</strong></span> <span class='ocrx_word' id='word_1_181' title='bbox 537 1903 710 1940; x_wconf 87' lang='lat' dir='ltr'><strong>consules</strong></span> <span class='ocrx_word' id='word_1_182' title='bbox 730 1904 830 1940; x_wconf 88' lang='lat' dir='ltr'><strong>inter</strong></span> <span class='ocrx_word' id='word_1_183' title='bbox 849 1917 888 1940; x_wconf 89' lang='lat' dir='ltr'><strong>se</strong></span> <span class='ocrx_word' id='word_1_184' title='bbox 904 1915 1184 1955; x_wconf 77' lang='lat' dir='ltr'><strong>compararent,</strong></span> 
     </span>
     <span class='ocr_line' id='line_1_28' title="bbox 74 1966 1184 2006; baseline 0.004 -4"><span class='ocrx_word' id='word_1_185' title='bbox 74 1973 157 2002; x_wconf 91' lang='lat' dir='ltr'><strong>uter</strong></span> <span class='ocrx_word' id='word_1_186' title='bbox 189 1979 320 2003; x_wconf 89' lang='lat' dir='ltr'><strong>eorum</strong></span> <span class='ocrx_word' id='word_1_187' title='bbox 352 1966 398 2003; x_wconf 88' lang='lat' dir='ltr'><strong>ad</strong></span> <span class='ocrx_word' id='word_1_188' title='bbox 436 1967 591 2004; x_wconf 88' lang='lat' dir='ltr'><strong>comitia</strong></span> <span class='ocrx_word' id='word_1_189' title='bbox 621 1967 799 2004; x_wconf 87' lang='lat' dir='ltr'><strong>habenda</strong></span> <span class='ocrx_word' id='word_1_190' title='bbox 829 1967 996 2004; x_wconf 86' lang='lat' dir='ltr'><strong>Romam</strong></span> <span class='ocrx_word' id='word_1_191' title='bbox 1033 1970 1184 2006; x_wconf 87' lang='lat' dir='ltr'><strong>rediret.</strong></span> 
     </span>
     <span class='ocr_line' id='line_1_29' title="bbox 74 2032 1183 2083; baseline 0.001 -13"><span class='ocrx_word' id='word_1_192' title='bbox 74 2035 203 2074; x_wconf 87' lang='lat' dir='ltr'><strong>Quum</strong></span> <span class='ocrx_word' id='word_1_193' title='bbox 232 2033 429 2070; x_wconf 87' lang='lat' dir='ltr'><strong>absentem</strong></span> <span class='ocrx_word' id='word_1_194' title='bbox 453 2032 644 2069; x_wconf 63' lang='lat' dir='ltr'><strong>BIanlium</strong></span> <span class='ocrx_word' id='word_1_195' title='bbox 675 2033 820 2070; x_wconf 87' lang='lat' dir='ltr'><strong>tribuni</strong></span> <span class='ocrx_word' id='word_1_196' title='bbox 844 2033 979 2083; x_wconf 88' lang='lat' dir='ltr'><strong>plebis,</strong></span> <span class='ocrx_word' id='word_1_197' title='bbox 1009 2035 1057 2071; x_wconf 92' lang='lat' dir='ltr'><strong>A.</strong></span> <span class='ocrx_word' id='word_1_198' title='bbox 1077 2035 1183 2071; x_wconf 80' lang='lat' dir='ltr'><strong>Lici-</strong></span> 
     </span>
     <span class='ocr_line' id='line_1_30' title="bbox 73 2096 1185 2147; baseline 0.004 -15"><span class='ocrx_word' id='word_1_199' title='bbox 73 2096 158 2133; x_wconf 89' lang='lat' dir='ltr'><strong>nius</strong></span> <span class='ocrx_word' id='word_1_200' title='bbox 188 2097 319 2133; x_wconf 87' lang='lat' dir='ltr'><strong>Nerva</strong></span> <span class='ocrx_word' id='word_1_201' title='bbox 346 2104 384 2134; x_wconf 90' lang='lat' dir='ltr'><strong>et</strong></span> <span class='ocrx_word' id='word_1_202' title='bbox 413 2097 458 2134; x_wconf 89' lang='lat' dir='ltr'><strong>C.</strong></span> <span class='ocrx_word' id='word_1_203' title='bbox 477 2096 650 2147; x_wconf 88' lang='lat' dir='ltr'><strong>Papirius</strong></span> <span class='ocrx_word' id='word_1_204' title='bbox 679 2096 844 2140; x_wconf 85' lang='lat' dir='ltr'><strong>Turdus,</strong></span> <span class='ocrx_word' id='word_1_205' title='bbox 864 2098 904 2133; x_wconf 86' lang='lat' dir='ltr'><strong>in</strong></span> <span class='ocrx_word' id='word_1_206' title='bbox 933 2099 1185 2136; x_wconf 68' lang='lat' dir='ltr'><strong>concionibus</strong></span> 
     </span>
     <span class='ocr_line' id='line_1_31' title="bbox 75 2160 1180 2213; baseline 0.005 -17"><span class='ocrx_word' id='word_1_207' title='bbox 75 2160 297 2204; x_wconf 86' lang='lat' dir='ltr'><strong>lacerarent,</strong></span> <span class='ocrx_word' id='word_1_208' title='bbox 317 2162 630 2213; x_wconf 69' lang='lat' dir='ltr'><strong>rogationemque</strong></span> <span class='ocrx_word' id='word_1_209' title='bbox 658 2161 958 2212; x_wconf 85' lang='lat' dir='ltr'><strong>promulgarent,</strong></span> <span class='ocrx_word' id='word_1_210' title='bbox 988 2175 1037 2199; x_wconf 84' lang='lat' dir='ltr'><strong>ne</strong></span> <span class='ocrx_word' id='word_1_211' title='bbox 1064 2163 1180 2201; x_wconf 84' lang='lat' dir='ltr'><strong>Man-</strong></span> 
     </span>
     <span class='ocr_line' id='line_1_32' title="bbox 76 2224 1183 2276; baseline 0.004 -16"><span class='ocrx_word' id='word_1_212' title='bbox 76 2224 147 2261; x_wconf 86' lang='lat' dir='ltr'><strong>lius</strong></span> <span class='ocrx_word' id='word_1_213' title='bbox 173 2230 263 2275; x_wconf 86' lang='lat' dir='ltr'><strong>post</strong></span> <span class='ocrx_word' id='word_1_214' title='bbox 281 2224 370 2260; x_wconf 83' lang='lat' dir='ltr'><strong>Idus</strong></span> <span class='ocrx_word' id='word_1_215' title='bbox 397 2225 558 2262; x_wconf 86' lang='lat' dir='ltr'><strong>Martias</strong></span> <span class='ocrx_word' id='word_1_216' title='bbox 581 2226 815 2276; x_wconf 87' lang='lat' dir='ltr'><strong>(prorogatae</strong></span> <span class='ocrx_word' id='word_1_217' title='bbox 834 2239 997 2276; x_wconf 85' lang='lat' dir='ltr'><strong>namque</strong></span> <span class='ocrx_word' id='word_1_218' title='bbox 1016 2228 1183 2264; x_wconf 80' lang='lat' dir='ltr'><strong>consuli-</strong></span> 
     </span>
     <span class='ocr_line' id='line_1_33' title="bbox 74 2287 1183 2341; baseline 0.005 -17"><span class='ocrx_word' id='word_1_219' title='bbox 74 2288 144 2325; x_wconf 86' lang='lat' dir='ltr'><strong>bus</strong></span> <span class='ocrx_word' id='word_1_220' title='bbox 167 2287 250 2339; x_wconf 84' lang='lat' dir='ltr'><strong>jam</strong></span> <span class='ocrx_word' id='word_1_221' title='bbox 278 2288 319 2324; x_wconf 86' lang='lat' dir='ltr'><strong>in</strong></span> <span class='ocrx_word' id='word_1_222' title='bbox 344 2301 485 2326; x_wconf 89' lang='lat' dir='ltr'><strong>annum</strong></span> <span class='ocrx_word' id='word_1_223' title='bbox 502 2290 707 2340; x_wconf 84' lang='lat' dir='ltr'><strong>provinciae</strong></span> <span class='ocrx_word' id='word_1_224' title='bbox 726 2292 852 2337; x_wconf 86' lang='lat' dir='ltr'><strong>erant)</strong></span> <span class='ocrx_word' id='word_1_225' title='bbox 874 2291 1074 2341; x_wconf 86' lang='lat' dir='ltr'><strong>imperium</strong></span> <span class='ocrx_word' id='word_1_226' title='bbox 1093 2293 1183 2329; x_wconf 75' lang='lat' dir='ltr'><strong>reti=</strong></span> 
     </span>
    </p>
   </div>
   <div class='ocr_carea' id='block_1_3' title="bbox 74 2352 1183 2453">
    <p class='ocr_par' dir='ltr' id='par_1_4' title="bbox 74 2352 1183 2453">
     <span class='ocr_line' id='line_1_34' title="bbox 74 2352 1183 2403; baseline 0.004 -15"><span class='ocrx_word' id='word_1_227' title='bbox 74 2358 194 2396; x_wconf 80' lang='lat' dir='ltr'><strong>neret,</strong></span> <span class='ocrx_word' id='word_1_228' title='bbox 226 2352 281 2389; x_wconf 84' lang='lat' dir='ltr'><strong>uti</strong></span> <span class='ocrx_word' id='word_1_229' title='bbox 311 2364 483 2389; x_wconf 82' lang='lat' dir='ltr'><strong>caussam</strong></span> <span class='ocrx_word' id='word_1_230' title='bbox 510 2353 703 2403; x_wconf 86' lang='lat' dir='ltr'><strong>extemplo</strong></span> <span class='ocrx_word' id='word_1_231' title='bbox 730 2354 870 2395; x_wconf 81' lang='lat' dir='ltr'><strong>dicere.</strong></span> <span class='ocrx_word' id='word_1_232' title='bbox 899 2367 1015 2403; x_wconf 86' lang='lat' dir='ltr'><strong>quum</strong></span> <span class='ocrx_word' id='word_1_233' title='bbox 1045 2354 1183 2394; x_wconf 69' lang='lat' dir='ltr'><strong>abisset</strong></span> 
     </span>
     <span class='ocr_line' id='line_1_35' title="bbox 596 2416 675 2453; baseline 0.038 -3"><span class='ocrx_word' id='word_1_234' title='bbox 596 2416 632 2451; x_wconf 87' lang='grc' dir='ltr'>Ο</span> <span class='ocrx_word' id='word_1_235' title='bbox 652 2417 675 2453; x_wconf 85' lang='grc'>2</span> 
     </span>
    </p>
   </div>
  </div>
 </body>
</html>
