1546 2648
389 437 752 486 EP‘ITOME
791 430 1018 484 LIBRI
1066 435 1318 485 XXXIX.

767 581 967 605 ...Φ-..-

446 675 697 713 AEMILIUS
715 675 848 718 consul,
876 673 1069 722 Liguribus
1092 673 1257 715 subactis,
1277 672 1374 709 viam
1391 683 1416 709 a

415 745 427 758 ⁸
458 741 649 777 Placentia
663 752 771 788 usque
781 741 985 776 Ariminum
1002 741 1214 788 perductam
1230 739 1417 776 Flaminiae

295 802 431 851 junxit.
476 804 589 841 Initia
610 805 771 847 luxuriae,
788 805 992 840 introducta
1012 804 1055 839 ab
1069 804 1224 839 exercitu
1241 804 1415 846 Asiatico,

300 867 518 917 referuntur.
550 869 714 916 Ligures,
732 870 939 916 quicumque
950 870 1042 904 citra
1061 869 1284 915 Apenninum
1297 871 1414 910 erant,

299 932 438 969 subacti
455 937 549 969 sunt.
583 932 842 976 Bacchanalia,
862 946 1002 970 sacrum
1027 934 1200 976 Graecum,
1221 939 1257 969 et
1275 934 1418 981 quidem

299 1003 528 1041 nocturnum,
543 998 712 1034 scelerum
732 1000 889 1034 omnium
907 1000 1151 1041 seminarium,
1169 1010 1277 1046 quum
1293 999 1342 1034 (ιά
1357 999 1413 1034 in-

297 1063 415 1109 gentis
434 1061 543 1098 turbae
561 1060 841 1107 conjurationem
855 1063 1081 1110 pervenisset,
1102 1074 1123 1096 a
1143 1062 1283 1097 consule
1301 1062 1413 1097 inves-

300 1127 469 1173 rigatum,
490 1130 525 1162 et
543 1127 738 1162 multorum
761 1138 868 1174 poena
890 1126 1069 1162 sublatum
1091 1130 1153 1161 est.
1209 1126 1246 1160 A
1264 1126 1414 1161 censori-

298 1188 362 1225 bus
380 1189 425 1225 L.
447 1188 588 1225 Valerio
610 1190 740 1226 Flacco
766 1194 800 1225 et
825 1189 882 1226 M.
898 1190 1027 1225 Porcio
1049 1188 1197 1231 Catone,
1223 1192 1259 1224 et
1280 1188 1362 1224 belli
1379 1193 1416 1224 et

297 1255 401 1303 pacis
425 1254 563 1290 artibus
589 1256 758 1297 maximo,
789 1259 906 1290 motus
934 1259 985 1290 est
1012 1259 1137 1290 senatu
1162 1253 1207 1289 L.
1230 1254 1416 1294 Quinctius

298 1319 537 1362 Flamininus,
564 1319 604 1355 T.
623 1319 783 1360 Quinctii
788 1319 929 1368 frater,
947 1330 985 1354 eo
1000 1319 1108 1366 quod,
1125 1330 1233 1366 quum
1254 1318 1415 1354 Galliam

294 1384 520 1432 provinciam
535 1383 656 1420 consul
670 1383 884 1426 obtinuerat,
899 1387 1048 1430 rogatus
1063 1385 1097 1418 in
1114 1383 1272 1418 convivio
1286 1392 1308 1417 a
1323 1382 1413 1418 Phi-

297 1446 398 1496 lippo
419 1448 542 1490 Poeno,
556 1460 659 1495 quem
677 1444 835 1490 amabat,
851 1452 966 1484 scorto
980 1446 1102 1489 nobili,
1126 1446 1273 1482 Gallum
1293 1457 1414 1494 quem-

298 1511 386 1547 dam
403 1522 469 1547 sua
486 1523 597 1547 manu
616 1512 815 1548 occiderat:
839 1513 924 1553 sive,
945 1515 986 1546 ut
1005 1511 1152 1558 quidam
1173 1511 1414 1554 tradiderunt,

296 1587 408 1612 unum
426 1587 470 1611 ex
494 1576 675 1611 damnatis
698 1576 813 1611 securi
836 1578 1072 1623 percusserat,
1092 1577 1241 1621 rogatus
1259 1586 1282 1609 α
1299 1585 1413 1610 mere-

297 1641 388 1676 trice
402 1639 629 1682 Placentina,
646 1637 745 1685 cujus
757 1651 878 1675 amore
894 1638 1088 1687 deperibat.
1133 1638 1265 1674 Exstat
1282 1640 1319 1674 in
1335 1650 1415 1674 eum

296 1703 353 1740 M.
376 1703 525 1739 Catonis
542 1705 671 1739 oratio.
729 1703 852 1751 Scipio
870 1703 1014 1739 Literni
1029 1703 1184 1738 decessit.
1232 1702 1296 1743 Et,
1318 1705 1411 1737 tam·

296 1779 407 1816 quam
423 1766 600 1815 jungente
610 1767 771 1817 fortuna
793 1769 890 1804 circa
913 1768 1007 1803 idem
1033 1771 1170 1814 tempus
1188 1766 1257 1802 duo
1269 1764 1412 1814 funera

293 1833 534 1868 maximorum
568 1833 741 1874 virorum,
775 1831 975 1873 Hannibal,
1015 1842 1037 1865 a
1069 1830 1202 1865 Prusia
1233 1829 1413 1876 Bithynice

293 1905 390 1942 rege,
417 1896 466 1931 acl
494 1906 609 1943 quem,
632 1896 725 1931 victo
747 1894 940 1936 Antiocho,
968 1891 1191 1941 confugerat,
1219 1904 1325 1940 quum
1349 1893 1412 1928 de-

294 1959 441 1994 deretur
462 1958 647 2001 Romanis,
669 1960 730 2007 qui
748 1959 796 1994 ad
815 1957 1070 2006 exposcendum
1090 1957 1194 1992 illum
1220 1956 1259 1992 T.
1278 1956 1411 1997 Quinc-

295 2023 387 2058 tium
406 2022 650 2059 Flamininum
668 2024 851 2065 miserant,
871 2032 1002 2057 veneno
1021 2020 1085 2057 sibi
1106 2024 1257 2055 mortem
1275 2021 1409 2056 consci-

290 2087 358 2123 vit.
414 2086 661 2134 Philopaemen
686 2097 836 2135 quoque,
858 2087 931 2121 dux
959 2084 1185 2126 Achaeorum,
1215 2085 1271 2119 vir
1295 2085 1410 2119 maxi-

291 2162 385 2193 ·mus,
406 2163 428 2186 a
458 2150 642 2187 Messeniis
667 2153 870 2186 interemtus
890 2161 1036 2191 veneno,
1064 2160 1172 2196 quum
1195 2147 1238 2183 ab
1258 2149 1300 2183 iis
1317 2147 1409 2184 bello

292 2219 420 2263 captus
437 2220 536 2251 essct.
594 2215 749 2251 Coloniae
774 2215 957 2256 Potentia,
979 2217 1013 2248 et
1036 2209 1242 2254 Pisaurum,
1263 2216 1299 2247 et
1319 2211 1405 2247 Mu-

295 2283 385 2323 tina,
406 2284 440 2317 et
460 2281 596 2318 Parma
615 2281 776 2317 deductoe
800 2284 893 2316 sunt.
951 2279 1134 2314 Praeterea
1157 2289 1213 2313 res
1239 2277 1405 2313 adversus
