1546 2648
347 190 500 218 LIBER
523 188 665 218 xmv.
698 188 806 217 cAP.
832 189 976 218 XXIV.
1130 185 1210 232 451

102 276 285 326 ciperem,
323 278 385 327 qui
424 277 606 314 Rhodum
639 277 738 314 irent
767 289 852 313 cum
888 276 1027 326 Illyriis
1063 276 1213 326 legatis,
1228 282 1270 312 U.
1284 281 1320 312 C.
1336 288 1409 314 584.

102 339 382 377 Thessalonicae
415 342 670 378 conscendere
695 340 808 392 jussi.
874 339 933 376 lbi
966 339 1212 378 Metrodorus
1226 327 1266 356 Δ·
1281 326 1410 384 ΟῙῙὸΘ·

102 411 196 447 erat,
220 405 284 452 qui
307 418 427 455 nuper
459 406 507 442 ab
536 405 678 442 Rhodo
708 410 889 441 venerat:
921 405 1215 455 auctoribusque
1227 379 1422 453 ξ’ἒ-,ςέἔιςὲῗῖ

101 468 256 506 Dinone
276 477 314 506 et
326 470 545 519 Polyarato,
562 468 795 519 principibus
809 468 972 504 civitatis
991 467 1086 518 ejus,
1106 469 1216 505 adfir-
1230 466 1265 495 tii
1281 467 1333 513 ad·

103 532 247 576 mahat,
269 533 442 570 Rhodios
463 540 616 584 paratos
636 533 684 569 ad
702 531 844 569 bellum
864 544 944 568 esse
962 547 969 568 :
993 532 1023 568 is
1043 533 1216 584 princeps
1229 509 1386 540 RhOdlos'

94 595 241 646 junctae
262 612 347 635 cum
368 598 507 648 Illyriis
528 597 729 647 legationis
750 597 859 633 datus
880 603 949 634 est.

154 662 308 700 XXIV.
350 664 496 700 Eodem
516 669 689 713 tempore
708 662 756 699 ad
774 663 985 698 Eumenem
1009 667 1046 697 et
1070 661 1116 698 ad
1135 662 1217 697 An·
1229 664 1329 696 Persei
1342 674 1434 695 man-

101 725 273 762 tiochum
294 728 512 763 communia
531 726 725 770 mandata,
744 739 826 775 quae
843 726 1029 776 subjicere
1048 725 1218 761 conditio
1230 709 1360 782 {²33¹}ss
1362 760 1378 780 e
1381 759 1416 781 m

102 803 227 828 rerum
246 798 409 842 poterat.
468 793 615 828 Natura
637 793 783 827 inimica
806 792 900 827 inter
927 803 963 828 se
982 803 1053 827 esse
1075 791 1220 827 liberam
1232 802 1263 825 et
1277 795 1391 825 Antio-

103 857 285 892 civitatem
321 862 357 893 et
392 869 525 904 regem.
599 857 768 904 Singulos
804 857 979 905 populum
1017 856 1223 892 Romanum
1233 839 1349 869 chum.

103 920 269 967 adgredi,
289 926 337 964 et,
360 923 453 969 quod
473 923 655 969 indignius
672 923 731 964 sit,
752 933 876 969 regum
894 921 1027 957 viribus
1044 932 1143 969 reges
1162 920 1222 957 ob-

97 996 273 1032 pugnare.
330 986 460 1020 Attalo
485 984 664 1031 adjutore,
688 990 836 1034 patrem
862 997 966 1021 suum
994 985 1194 1033 obpressum
1210 1000 1224 1021 .-

104 1048 266 1085 Eumene
285 1048 491 1096 adjuvante,
509 1055 545 1086 et
563 1051 720 1099 quadam
739 1062 782 1086 ex·
795 1054 904 1098 parte
919 1051 1029 1085 etiam
1049 1049 1225 1097 Philippo

102 1118 211 1161 patre
234 1126 311 1158 suo,
332 1115 548 1151 Antiochum
574 1115 817 1163 obpugnatum
834 1131 845 1151 .·
875 1116 913 1150 in
929 1126 965 1150 se
981 1126 1078 1150 nunc
1096 1118 1131 1149 et
1148 1114 1226 1149 Eu-

104 1189 243 1214 menem
261 1184 297 1215 et
316 1180 485 1215 Prusiam
513 1184 672 1216 armatos
696 1191 778 1217 esse.
836 1179 879 1214 Si
897 1178 1121 1215 Macedoniae
1143 1190 1227 1225 reg-

105 1255 192 1279 num
210 1244 392 1280 sublatum
400 1244 518 1293 foret,
537 1246 739 1293 proximam
757 1245 884 1280 Asiam
903 1255 973 1280 esse
984 1260 997 1287 ,-
1027 1255 1134 1291 quam
1145 1241 1228 1289 jam

108 1319 150 1343 ex
164 1312 285 1356 parte,
305 1309 366 1344 sub
383 1311 500 1357 specie
520 1310 786 1345 liberandarum
806 1310 1020 1351 civitatium,
1040 1320 1143 1344 suam
1160 1306 1228 1356 fe·

108 1374 222 1408 cerint
237 1389 249 1409 .·
265 1374 392 1409 deinde
412 1374 569 1421 Syriam.
625 1374 710 1410 Jam
737 1375 906 1410 Prusiam
929 1373 1080 1409 Eumeni
1097 1372 1229 1408 honore

102 1436 285 1486 praeferri,
310 1437 391 1485 jczm
425 1438 645 1475 Antiochum
676 1440 844 1474 victorem
879 1439 1029 1486 praemio
1067 1437 1150 1472 belli
1186 1435 1230 1472 ab

107 1502 273 1550 AEgypto
291 1505 418 1540 arceri.
475 1504 565 1540 Hoec
589 1505 807 1551 cogitantem
832 1502 1022 1551 providere
1047 1500 1227 1551 jubebat,

108 1571 152 1602 ut
170 1571 235 1602 aut
253 1568 301 1603 ad
326 1580 453 1615 pacem
470 1580 588 1604 secum
605 1568 822 1617 faciendam
843 1567 1071 1616 compelleret
1090 1566 1229 1601 Roma-

110 1641 186 1673 nos,
203 1635 268 1666 aut
280 1636 540 1679 perseverantes
555 1633 591 1667 in
610 1632 701 1668 bello
716 1631 847 1678 injusto
866 1643 1066 1668 communes
1085 1618 1237 1665 duceret(

112 1695 270 1730 omnium
289 1707 413 1743 regum
435 1695 560 1731 hostes.
616 1695 678 1732 Ad
697 1695 933 1732 Antiochum
961 1701 1093 1745 aperta
1121 1705 1229 1729 man-

112 1757 202 1794 data
224 1765 355 1804 erant5
389 1758 435 1794 ad
460 1758 672 1795 Eumenem
698 1772 767 1810 per
798 1759 962 1809 speciem
995 1758 1233 1807 captivorum

111 1820 416 1858 redimendorum
432 1823 566 1858 missus
579 1822 726 1872 legatus
748 1829 850 1859 erat:
870 1834 1000 1858 verum
1020 1820 1233 1858 occultiora

112 1884 281 1933 quaedam
299 1885 524 1934 agebantur,
537 1899 622 1935 quae
636 1887 673 1922 in
689 1887 891 1937 praesentia
907 1886 1070 1922 invisum
1082 1885 1233 1934 quidem

116 1954 155 1984 et
172 1955 388 1999 suspectum
411 1949 599 1986 Romanis
626 1950 838 1986 Eumenem
864 1949 969 1986 falsis
996 1948 1233 1997 gravioribus

114 2012 140 2034 ¹*
158 2014 196 2050 ἃ.
251 2013 432 2050 Proditor
461 2015 563 2050 enim
583 2027 627 2051 ac
652 2027 773 2065 prope
800 2015 922 2050 hostis
945 2012 1114 2055 habitus,
1144 2011 1235 2048 dum

117 2076 217 2113 inter
241 2090 281 2114 se
304 2078 378 2115 duo
403 2091 511 2127 reges
542 2085 737 2129 captantes
767 2078 900 2115 fraude
919 2084 957 2114 et
976 2077 1134 2114 avaritia
1153 2088 1234 2112 cer-

119 2145 216 2177 tant.
271 2142 395 2191 Cydas
427 2151 508 2180 erat
540 2143 748 2187 Cretensis,
782 2156 829 2180 ex
857 2143 1000 2180 intimis
1021 2141 1203 2178 Eumenis
1222 2155 1231 2175 τ

118 2204 181 2240 hic
199 2205 301 2255 prius
321 2206 368 2242 ad
386 2207 649 2259 Amphipolim
668 2221 754 2245 cum
771 2208 955 2245 Chimaro
981 2206 1145 2255 quodam
1164 2217 1233 2255 po-

117 2267 239 2317 pulari
266 2281 349 2313 suo,
375 2271 564 2308 militante
594 2272 694 2323 apud
722 2272 876 2316 Persea,
909 2270 997 2308 inde
1025 2276 1159 2320 postea
1190 2267 1237 2304 ad

118 2331 418 2379 Demetriadem,
445 2336 561 2373 semel
590 2350 676 2374 cum
704 2336 927 2374 Menecrate
957 2334 1136 2384 quodam,
1166 2333 1236 2368 ite-
