1546 2648
336 157 416 199 168
491 178 495 185 =
793 169 842 199 T.
862 168 999 199 mvn

139 259 182 289 U.
194 259 230 290 C.
249 258 430 295 566·alios
465 258 606 295 indices
643 258 807 309 praemiis
844 259 1005 294 invitare
1034 255 1198 307 jubent:
1230 258 1442 296 sacerdotes

137 302 230 334 A'C’
249 309 321 335 ¹⁸⁶·
332 335 463 358 eorum
495 335 702 366 sacrorum,
732 335 797 358 seu
826 322 896 357 viri
925 334 991 358 seu
1017 321 1168 359 feminae
1197 329 1336 366 essent,
1363 335 1445 360 nou

329 385 466 422 Romae
482 387 613 430 modo,
629 385 694 422 sed
706 398 773 435 per
786 385 916 421 omnia
929 385 1014 421 fora
1028 392 1066 422 et
1078 385 1331 423 conciliabula
1345 398 1438 423 con-

326 452 442 500 quiri,
456 457 498 487 ut
512 451 551 487 in
567 449 765 487 consulum
777 456 966 500 potestate
979 456 1105 486 essent
1119 465 1127 487 :
1150 450 1246 486 edici
1258 457 1442 501 praeterea

326 516 368 553 in
387 516 480 553 urbe
498 516 638 559 Roma,
659 522 697 552 et
715 528 782 565 per
800 521 923 551 totam
939 514 1232 551 Italiamedicta
1251 515 1366 558 mitti,
1383 515 1442 551 Ne
1539 560 1541 562 q

325 583 417 630 quis,
447 583 508 629 qui
527 581 680 617 Bacchis
706 582 871 616 initiatus
895 585 996 622 esset,
1018 581 1132 616 coisse
1151 584 1216 616 aut
1243 580 1443 616 convenisse
1511 619 1518 630 ,Ι

324 658 449 682 caussa
466 657 650 681 sacrorum
667 645 767 686 velit,
784 656 850 679 neu
867 645 953 692 quid
970 645 1053 680 talis
1070 646 1124 680 rei
1143 642 1413 692 divinaefecisse
1427 657 1436 681 τ
1511 575 1542 709 ξ

323 716 413 746 ante
432 710 574 752 omnia,
592 715 635 745 ut
649 709 809 758 quaestio
825 708 870 744 de
884 709 942 744 his
958 708 1158 752 habeatur,
1175 709 1239 758 qui
1258 709 1434 753 coierint,

322 772 408 824 conj
416 774 666 817 uraverintve,
683 786 758 822 quo
779 780 951 824 stuprum
970 773 1202 823 flagitiumve
1220 772 1434 812 inferretur.

319 839 417 876 Haec
437 845 588 875 senatus
609 839 786 875 decrevit.
844 838 1029 875 Consules
1051 837 1220 874 aedilibus
1241 837 1432 876 curulibus

318 904 566 954 imperarunt,
588 910 630 939 ut
656 903 869 940 sacerdotes
891 901 971 952 ejus
998 903 1094 939 sacri
1113 915 1244 939 omnes
1271 903 1431 953 conqui-

315 974 458 1012 rerent,
482 969 850 1018 comprehensosque
869 967 989 1004 libero
1005 967 1175 1004 conclavi
1190 968 1237 1004 ad
1251 969 1431 1018 quaestio-

315 1045 403 1069 nem
423 1038 636 1077 servarent3
671 1031 794 1068 aediles
810 1031 930 1082 plebis
947 1031 1085 1075 videre,
1105 1044 1154 1067 ne
1169 1045 1244 1081 qua
1262 1045 1369 1069 sacra
1386 1033 1427 1070 in

314 1102 448 1146 operto
481 1097 626 1132 fierent.
681 1091 904 1131 Tri‘umviris
941 1093 1166 1144 capitalibus
1202 1095 1423 1133 mandatum

311 1167 383 1204 est,
406 1168 447 1196 nt
465 1160 612 1209 vigilias
633 1159 876 1209 disponerent
892 1171 958 1209 per
978 1158 1122 1203 urbem,
1143 1164 1424 1209 servarentque,

311 1237 359 1261 ne
384 1226 448 1274 qui
472 1225 650 1261 nocturni
678 1230 798 1261 coetus
828 1223 984 1270 fierent5
1017 1230 1133 1274 utque
1161 1223 1209 1261 ab
1238 1223 1423 1261 incendiis

312 1295 519 1332 caveretur,
550 1287 741 1339 adjutores
778 1289 982 1326 triumviris
1012 1289 1250 1338 quinqueviri
1282 1289 1339 1325 uti
1367 1288 1420 1326 cis

310 1352 480 1389 Tiberim
500 1366 576 1389 suae
596 1353 754 1402 quisque
772 1353 939 1402 regionis
960 1352 1124 1389 aedificiis
1145 1359 1360 1403 praeessent.

362 1417 452 1454 XV.
481 1417 542 1454 Ad
560 1418 641 1453 haec
661 1417 784 1453 officia
803 1417 964 1453 dimissis
993 1417 1294 1466 magistratibus,
1325 1430 1417 1455 con-

307 1480 405 1517 sules
426 1482 464 1518 in
485 1481 629 1518 Rostra
643 1481 892 1518 escenderunt
904 1497 915 1527 3
947 1487 999 1525 et,
1017 1482 1200 1518 concione
1220 1481 1417 1528 advocata,

306 1557 423 1594 quum
453 1545 634 1582 sollemne
667 1558 818 1581 carmen
846 1546 1090 1595 precationis,
1118 1546 1220 1595 quod
1247 1546 1412 1596 praefari,

303 1611 520 1660 priusquam
538 1611 717 1662 populum
735 1610 1000 1660 adloquantur,
1014 1611 1257 1660 magistratus
1274 1610 1413 1656 solent,

108 1674 219 1724 Oratio
233 1675 292 1706 Po·
301 1676 509 1724 peregisset
528 1675 675 1718 consul,
688 1676 743 1712 ita
761 1676 900 1725 coepit:
933 1676 1039 1711 Nulli
1057 1687 1228 1723 umquam
1243 1677 1413 1721 concioni,

109 1720 275 1793 {Kapan-ie
305 1739 474 1782 Quirites,
500 1752 570 1775 non
600 1740 716 1775 solum
743 1744 845 1788 opta,
874 1741 937 1775 sed
964 1741 1073 1775 etiam
1100 1741 1309 1782 necessaria,
1339 1739 1412 1776 hoec

107 1805 247 1836 nalibus.
299 1804 481 1840 sollemnis
500 1806 665 1840 Deorum
685 1806 920 1852 comprecatio
928 1803 1012 1852 fait
1022 1820 1036 1848 ‚·
1065 1816 1142 1852 quae
1159 1815 1219 1840 vos
1239 1805 1409 1840 admone·

296 1873 367 1910 ret,
399 1868 460 1904 hos
488 1880 558 1904 esse
586 1869 699 1911 Deos,
729 1881 814 1916 quos
842 1869 966 1911 colere,
999 1870 1171 1911 venerari,
1198 1871 1410 1917 precarique

296 1931 449 1978 majores
466 1935 574 1969 vestri
593 1934 849 1969 instituissent:
877 1945 948 1969 non
966 1934 1059 1976 iilos,
1080 1934 1141 1981 qui
1156 1935 1280 1981 pravis
1298 1938 1332 1970 et
1347 1946 1407 1970 ex·

292 1998 406 2032 ternis
423 1998 650 2044 religionibus
660 2003 785 2046 captas
799 2003 942 2039 mentes,
956 1997 1263 2046 velutfurialibus
1279 2000 1405 2035 stimu-

294 2059 352 2102 lis,
382 2062 432 2096 ad
459 2072 560 2096 omne
590 2063 703 2097 scelus
730 2067 765 2098 et
793 2063 843 2098 ad
870 2074 1007 2098 omnem
1037 2062 1217 2098 libidinem
1245 2068 1403 2110 agerent.

293 2124 487 2171 Equidem,
518 2137 580 2161 nec
608 2128 694 2174 quid
723 2128 874 2169 taceam,
903 2139 966 2162 nec
994 2131 1168 2175 quatenus
1192 2128 1402 2176 proloquar,

288 2188 452 2224 invenio:
477 2190 508 2224 si
536 2190 674 2237 aliquid
702 2192 922 2238 ignorabitis,
955 2203 999 2227 ne
1035 2192 1151 2227 locum
1178 2193 1402 2240 negligentia·

290 2251 369 2286 dem
382 2268 395 2295 ‚·
423 2253 454 2287 si
467 2255 587 2288 onmia
604 2255 796 2298 nndavero,
814 2267 858 2291 ne
876 2257 1023 2291 nimium
1042 2257 1187 2291 terroris
1203 2255 1399 2305 olgfundam

286 2314 394 2359 vobis,
414 2327 560 2354 vereor:
589 2319 762 2367 quidquid
781 2320 917 2363 dixero,
938 2321 1066 2363 minus,
1087 2332 1195 2369 quam
1210 2332 1279 2369 pro
1297 2325 1396 2358 atro-

1514 467 1536 495 φῆ

1517 495 1532 515 ,1

1515 525 1529 537 Α,
