1546 2648
119 259 163 291 U.
177 258 215 290 C.
230 263 302 290 562.

121 303 161 335 A.
174 302 214 334 C.
231 309 303 335 190.

123 699 306 732 Antiochus

124 744 164 774 de
180 752 257 783 pace
272 752 306 774 a·

122 788 180 828 git.

129 2106 249 2139 Reum(

129 2150 294 2180 Aimilius.

315 165 370 207 24
777 165 824 194 T.
858 165 991 195 mvn

315 266 426 304 opem
445 253 601 298 ferrent,
618 252 764 290 Elaeam
783 253 830 290 ab
851 254 964 291 Samo
983 262 1179 291 venerunt.
1226 254 1334 294 Quos
1355 252 1417 290 ubi

314 319 535 369 exposuisse
554 319 682 369 copias
697 317 827 361 Elaeae,-
845 325 883 355 et
898 326 957 355 tot
977 318 1112 355 classes
1133 321 1172 355 in
1192 332 1309 356 unum
1327 331 1420 356 con-

314 384 462 420 venisse
481 391 648 434 portum,
664 382 859 419 Antiocho
878 383 1044 420 adlatum
1066 390 1145 428 est3
1179 390 1218 420 et
1235 383 1304 420 sub
1325 384 1424 419 idem

313 453 463 498 tempus
483 447 640 490 audivit,
660 446 854 483 consulem
874 459 958 484 cum
979 449 1146 484 exercitu
1168 447 1252 499 jam
1277 446 1424 483 inMa-

314 511 476 548 cedonia
500 523 595 553 esse,
615 510 828 560 pararique,
849 523 931 559 quae
960 511 1007 547 ad
1035 512 1237 547 transitum
1272 509 1424 547 Helles-

314 574 426 625 ponti
461 585 556 624 opus
589 578 738 618 essent3
783 578 930 623 tempus
952 574 1114 610 ·venisse
1150 580 1268 617 ratus,
1304 574 1424 623 prius,

316 650 430 687 quam
466 644 567 674 terra
603 637 772 686 marique
807 636 920 673 simul
956 644 1165 686 urgeretur,
1204 637 1340 687 agendi
1380 637 1427 673 de

318 714 424 752 pace,
457 700 647 738 tumulum
679 700 878 749 quemdam
910 701 1084 737 adversus
1113 701 1259 737 Elaeatn
1292 701 1424 737 castris

318 767 440 816 cepit:
489 764 544 801 ibi
579 763 749 815 peditum
782 763 957 801 omnibus
995 764 1114 816 copiis
1151 763 1306 808 relictis,
1341 777 1426 802 cum

318 828 490 878 equitatu
512 829 638 877 (erant
662 835 788 864 autem
815 840 881 864 sex
905 828 1024 864 millia
1049 828 1236 877 equitum)
1259 828 1298 864 in
1324 840 1425 864 cam·

315 905 386 943 pos
406 892 475 929 sub
495 893 578 942 ipsa
596 891 710 928 Elaeae
730 892 871 929 moenia
886 892 1092 936 descendit,
1111 892 1226 928 misso
1242 891 1424 928 caducea-

315 962 401 993 tore
419 956 466 993 ad
483 955 698 999 AEmilium,
718 955 813 992 velle
832 968 871 992 se
891 956 936 992 de
954 968 1046 1006 pace
1066 968 1189 1005 agere.

371 1019 488 1056 XIX,
513 1018 708 1062 AEmilius,
734 1018 906 1055 Eumene
935 1032 957 1055 a
985 1019 1172 1067 Pergamo
1202 1019 1342 1063 adcito,
1359 1019 1425 1055 ad-

317 1083 449 1120 hibitis
470 1090 508 1120 et
525 1083 702 1127 Rhodiis,
723 1083 922 1119 consilium
952 1083 1098 1121 habuit.
1153 1082 1297 1120 Rhodii
1326 1084 1428 1119 haud

319 1147 537 1197 adspernari
562 1160 717 1197 pacem:
748 1147 953 1190 Eumenes,
974 1160 1037 1183 nec
1063 1144 1253 1183 lionestum'
1268 1159 1350 1190 esse,
1371 1147 1428 1183 di-

317 1223 416 1254 cere,
439 1223 479 1248 eo
510 1216 666 1259 tempore
695 1212 738 1247 de
759 1223 850 1259 pace
877 1212 938 1258 agi
946 1227 958 1255 ‚·
987 1223 1052 1247 uec
1075 1213 1207 1248 exitum
1232 1214 1284 1248 rei
1308 1214 1430 1260 inponi

312 1286 426 1324 posse.
485 1275 557 1316 Qui
575 1276 681 1318 enim,
702 1275 840 1324 inquit,
861 1280 925 1311 aut
945 1275 1099 1317 honeste,
1121 1276 1247 1311 inclusi
1263 1275 1430 1311 moenibus

317 1343 354 1375 et
381 1339 506 1376 obsessi
531 1340 639 1382 velut,
662 1340 752 1386 leges
774 1341 874 1387 pacis
902 1340 1149 1387 accipiemus?
1176 1344 1241 1375 aut
1264 1341 1321 1375 cui
1344 1345 1430 1375 rata

319 1404 390 1438 ista
404 1414 480 1450 pax
499 1403 580 1445 erit,
601 1414 708 1450 quam
726 1403 801 1438 sine
819 1403 972 1444 consule,
993 1414 1062 1438 non
1082 1415 1123 1438 ex
1142 1406 1357 1440 auctoritate
1375 1415 1429 1439 se-

318 1470 437 1508 natus,
457 1477 527 1501 uon
542 1465 646 1512 jussu
671 1467 798 1514 populi
822 1465 978 1501 Romani
1001 1467 1272 1514 pepigerimus?
1303 1468 1430 1508 Quaero

319 1530 414 1566 enim
428 1541 518 1577 pace
532 1541 599 1578 per
619 1533 652 1565 te
659 1528 786 1577 fucta,
801 1530 1024 1565 rediturusne
1039 1531 1214 1577 extemplo
1229 1531 1266 1565 in
1282 1530 1432 1566 Italiam

318 1594 380 1636 sis,
401 1595 548 1630 classem
571 1595 833 1641 exercitumque
860 1594 1107 1629 deducturus?
1138 1606 1184 1629 an
1209 1600 1430 1642 exspectatu-

319 1669 393 1700 rus,
410 1658 497 1705 quid
513 1658 556 1693 de
569 1669 611 1693 ea
631 1669 668 1693 re
686 1658 820 1693 consuli
837 1658 996 1705 placeat,
1014 1658 1099 1705 quid
1116 1662 1259 1693 senatus
1277 1663 1429 1700 censeat,

321 1726 384 1757 aut
400 1723 558 1770 populus
566 1720 724 1768 jubeat?
743 1722 870 1758 Restat
889 1734 985 1770 ergo,
1003 1727 1042 1758 ut
1060 1733 1204 1757 maneas
1223 1724 1258 1757 in
1278 1723 1380 1764 Asia,
1398 1728 1434 1759 et

320 1798 443 1822 rursus
461 1788 498 1823 in
518 1785 663 1821 hiberna
682 1787 791 1834 copiae
808 1787 977 1828 reductae,
995 1788 1120 1822 omisso
1138 1786 1242 1828 bello,
1263 1787 1431 1823 exhauri-

322 1855 387 1886 ant
406 1850 657 1887 commeatibus
672 1851 870 1898 praebenclis
886 1852 1017 1887 socios:
1037 1852 1162 1886 deinde
1183 1852 1229 1897 (si
1249 1853 1300 1887 ita
1318 1854 1433 1888 visum

320 1916 367 1953 sit
385 1916 439 1956 iis,
456 1926 560 1961 penes
574 1927 658 1962 quos
673 1914 976 1963 potestasfuerit)
996 1916 1232 1951 instauremus
1247 1927 1372 1952 novum
1390 1918 1434 1952 de

323 1980 462 2026 integro
481 1979 631 2015 bellum:
656 1980 750 2026 quod
767 1991 962 2027 possumus,
982 1981 1012 2014 si
1031 1991 1072 2014 ex
1090 1979 1155 2015 lioc
1173 1981 1295 2028 inpetu
1315 1992 1434 2016 rerum

322 2042 415 2078 nillil
429 2043 652 2090 prolatando
671 2045 879 2086 remittitur,
901 2048 983 2079 ante
1001 2044 1164 2087 hiemem,
1182 2044 1268 2079 Diis
1285 2045 1432 2080 volenti-

324 2105 397 2148 bus,
417 2105 615 2154 perfecisse.
672 2106 769 2143 Haec
799 2108 987 2143 sententia
1013 2108 1116 2150 vicit,
1138 2120 1434 2157 responsumque

322 2169 518 2207 Antiocho
546 2176 615 2212 est,
644 2176 731 2207 ante
758 2170 922 2207 consulis
949 2171 1148 2207 adventum
1177 2170 1221 2206 ‹le
1252 2183 1343 2220 pace
1370 2172 1432 2220 agi

323 2245 403 2270 non
433 2245 554 2282 posse.
611 2235 841 2278 Antiochus,
868 2247 960 2284 paee
989 2235 1241 2284 nequidquam
1270 2241 1428 2277 tentata,

322 2297 499 2335 evastatis
517 2297 746 2336 Elaeensium
766 2299 943 2350 primum,
961 2299 1093 2338 deinde
1113 2300 1433 2354 Pergamenorum,
