1546 2648
364 179 520 210 cumn
543 177 661 208 xcv.
695 176 802 206 CAP.
825 177 908 206 111.
1113 165 1196 222 483

83 268 188 318 tique
213 266 339 311 turba,
358 279 437 304 non
463 267 630 303 virorum
653 264 783 308 modo,
803 264 870 301 sed
895 264 1010 301 etiam
1035 263 1196 303 femina-
1210 278 1302 310 uc,
1320 285 1391 311 ⁵84.

84 345 183 376 rum,
204 331 376 370 conferta
394 338 478 368 tota
497 330 590 367 urbe
618 331 790 368 Deorum
820 330 1081 367 inmortalium
1100 337 1196 369 tem·
1209 323 1250 354 Α·
1265 323 1302 354 C·
1320 327 1391 354 ¹⁶⁸·

84 397 160 448 pla.
216 397 392 440 Senatus,
420 402 618 433 revocatus
641 396 681 432 in
705 395 863 438 curiam,
883 395 1196 446 supplicationes,

84 461 134 498 ob
160 474 240 498 rem
265 462 416 511 egregie
446 467 593 510 gestam
622 460 670 497 ab
699 459 747 497 L.
766 459 928 497 AEmilio
957 461 1126 505 consule,
1157 463 1198 500 in

82 526 249 576 quinque
279 526 357 563 dies
387 526 486 563 circa
514 525 644 563 omnia
668 524 882 576 pulvinaria
906 525 1086 570 decrevit,
1106 526 1197 563 hos-

83 591 223 640 tiisque
243 589 451 642 majoribus
475 591 677 628 sacrificari
696 589 825 641 jussit.
882 589 1028 634 Naves‚
1049 603 1132 641 quae
1157 592 1196 633 in

81 654 213 692 Tiberi
230 662 371 705 paratae
387 656 657 704 instructaeque
676 653 844 697 stabant,
858 660 915 696 ut,
933 654 964 690 si
983 667 1050 691 rex
1068 662 1199 705 posset

80 719 270 762 resistere,
300 719 338 755 in
370 718 640 755 Macedoniam
669 719 924 762 mitterentur,
955 717 1127 762 subduci,
1158 727 1198 756 ct

80 783 121 819 in
139 782 336 820 navalibus
358 783 577 820 conlocari:
611 783 735 820 socios
763 782 930 826 navales,
951 783 1041 820 dato
1067 797 1196 821 annuo

81 848 286 898 stipendio,
304 848 459 891 dimitti,
480 854 518 884 et
537 861 624 885 cum
642 849 701 885 his
721 860 869 892 omneS,
886 848 951 898 qui
970 849 1009 885 in
1030 848 1194 885 consulis
1218 899 1223 902 q

79 912 195 949 verba
206 911 432 963 juraverant
449 927 457 948 ε
489 920 528 949 et
547 913 649 962 quod
668 912 832 949 militum
855 913 1047 962 Corcyrae,
1067 912 1195 949 Brun-

81 977 181 1022 disii,
198 978 246 1014 ad
265 990 368 1014 mare
397 990 588 1028 superum,
609 984 676 1014 aut
704 979 742 1014 in
763 990 857 1026 agro
885 977 1061 1014 Larinati
1081 985 1195 1022 esset,

83 1041 278 1089 (omnibus
298 1042 356 1078 his
379 1042 474 1079 locis
503 1043 710 1093 dispositus
736 1043 923 1079 exercitus
949 1041 1088 1086 fuerat,
1109 1055 1195 1079 cum

81 1119 171 1155 quo,
199 1108 230 1142 si
259 1120 317 1143 res
346 1113 534 1157 posceret,
566 1108 610 1145 C.
629 1107 802 1144 Licinius
833 1106 988 1156 collegae
1017 1107 1133 1144 ferret
1153 1120 1195 1143 o-

81 1170 185 1221 pem)
207 1171 277 1207 hos
298 1184 429 1207 omnes
452 1171 591 1208 milites
614 1172 755 1208 dimitti
783 1169 939 1221 placuit.
996 1171 1196 1222 Supplica-

80 1234 137 1270 tio
166 1247 236 1284 pro
263 1236 449 1272 concione
478 1235 609 1286 populi
637 1236 783 1272 indicta
811 1241 881 1278 est,
910 1248 956 1272 ex
979 1242 1069 1272 ante
1096 1236 1196 1276 diem

78 1298 255 1347 quintum
275 1298 365 1335 Idus
386 1298 574 1337 Octobres
591 1313 676 1336 cum
696 1312 742 1336 eo
762 1299 822 1335 die
841 1300 881 1335 in
902 1300 1068 1348 quinque
1089 1300 1179 1337 dies.

132 1362 209 1400 III.
238 1363 299 1399 Ex
318 1363 473 1413 Illyrico
495 1364 570 1400 duo
595 1363 725 1413 legati,
751 1365 795 1400 C.
814 1363 987 1400 Licinius
1008 1364 1137 1401 Nerva
1156 1371 1194 1401 et

75 1426 120 1464 P.
141 1426 297 1471 Decius,
318 1428 562 1471 nunciarunt,
583 1430 778 1465 exer-citum
801 1428 1013 1477 Illyriorum
1038 1442 1165 1467 caesum
1182 1446 1193 1465 .-

81 1492 251 1528 Gentium
278 1504 398 1540 regem
425 1497 586 1541 captum,
606 1494 644 1529 in
674 1494 809 1529 ditione
834 1494 964 1542 populi
983 1492 1139 1530 Romani
1158 1499 1194 1530 et

77 1555 267 1604 Illyricum
285 1568 367 1593 esse.
405 1555 467 1592 Ob
488 1569 550 1593 eas
571 1569 644 1600 res,
667 1564 791 1606 gestas
811 1557 926 1594 ductu
946 1558 1192 1608 auspicioque

75 1618 122 1656 L.
135 1620 262 1655 Anicii
278 1621 464 1670 praetoris,
482 1628 634 1658 senatus
651 1622 690 1658 in
709 1622 876 1659 triduum
893 1622 1190 1673 supplicationes

75 1682 254 1726 decrevit,
286 1690 328 1720 ut
355 1683 507 1721 Latinae
537 1685 669 1721 edictae
699 1699 721 1721 a
750 1685 906 1722 consule
935 1687 1083 1724 suntin
1103 1693 1192 1722 ante

73 1756 249 1797 quartum
269 1755 306 1784 et
327 1750 480 1786 tertium
501 1756 539 1786 et
557 1750 678 1800 pridie
697 1750 786 1786 Idus
807 1751 1059 1800 NovembreS.
1093 1750 1189 1787 Tra-

73 1811 199 1849 didere
228 1813 395 1862 quidam,
429 1813 577 1862 legatos
607 1814 798 1858 Rhodios,
829 1816 1000 1853 nondum
1037 1815 1188 1857 missos,
1206 1831 1310 1870 Legati

71 1884 161 1927 post
180 1877 378 1914 victoriam
398 1880 633 1922 nunciatam,
656 1880 757 1916 velut
783 1881 830 1917 ad
855 1880 1060 1917 ludibrium
1080 1880 1188 1920 stoli·
1202 1874 1386 1949 glquiihlu-

73 1943 130 1980 dae
157 1944 357 1994 superbiae,
378 1946 417 1980 in
445 1952 618 1982 senatum
641 1953 797 1982 vocatos
821 1958 915 1984 esse.
971 1946 1032 1989 Ibi
1051 1947 1188 1995 Agesi-
1203 1928 1305 1993 bztino
1345 1929 1378 1949 a*

71 2007 188 2057 polim
209 2008 420 2058 principem
448 2021 580 2046 eorum
598 2010 654 2046 ita
672 2009 842 2046 locutum
860 2025 866 2045 :
900 2011 1029 2047 Missos
1047 2022 1118 2047 esse
1137 2011 1189 2046 le-

70 2080 176 2121 gatos
203 2076 247 2110 ab
267 2076 421 2112 Rhodiis
437 2077 487 2113 ad
512 2089 640 2125 pacem
664 2079 767 2118 inter,
787 2077 972 2114 Romanos
1000 2082 1036 2114 et
1055 2078 1190 2114 Persea

61 2136 275 2186 faciendam
290 2155 303 2182 ‚·
331 2141 427 2187 quod
442 2142 487 2176 id
512 2141 644 2177 bellum
669 2153 781 2189 grave
799 2147 908 2190 atque
926 2143 1190 2178 incommodum

78 2203 224 2238 Graeciae
244 2205 354 2246 omni,
373 2210 593 2242 sumtuosum
619 2219 662 2242 ac
681 2208 892 2242 damnosum
911 2208 995 2255 ipsis
1014 2206 1192 2243 Romanis

72 2272 173 2303 esset.
230 2267 426 2304 Fortunam
439 2270 592 2317 perbene
605 2270 752 2318 fecisse,
773 2272 930 2319 quando,
949 2272 1063 2320 finito
1083 2272 1191 2307 aliter

69 2330 174 2375 bello,
193 2332 407 2379 gratulandi
431 2333 497 2369 sibi
516 2334 559 2369 de
582 2335 736 2370 victoria
761 2336 904 2383 egregia
930 2334 1106 2371 Romanis
1124 2347 1188 2383 ορ-

584 2395 666 2433 Y2
