1546 2648
378 146 533 176 LIBER
558 145 716 174 xmn.
749 141 859 174 οΑΡί
880 146 989 175 xx1.
1148 147 1232 190 419

123 234 270 284 ingenti
287 235 435 272 tandem
453 240 714 285 pervenerunt.
752 233 851 270 Lissi
869 246 934 272 rex
951 233 1110 271 Gentius
1127 243 1225 272 erat:

124 312 172 336 eo
193 300 306 336 adciti
326 299 454 349 legati,
472 299 649 335 mandata
665 305 912 348 exponentes,
929 299 1093 348 benigne
1109 300 1228 336 auditi

121 370 232 400 sunt:
255 365 318 413 qui
339 375 560 414 responsum
579 364 660 400 sine
681 363 816 399 effectu
836 363 1026 410 tulerunt3
1055 365 1227 402 Volunta-

119 433 189 464 tem
205 429 270 464 sibi
288 441 358 465 non
377 430 492 465 deesse
510 430 559 464 ad
577 428 780 464 bellandum
804 441 884 465 cum
909 428 1083 465 Romanis
1095 446 1107 466 .·
1135 435 1226 467 cete-

116 504 198 528 rum
225 494 276 529 ad
302 494 504 530 conandum
531 494 584 535 id,
611 494 706 541 quod
732 493 832 536 velit,
854 495 1047 542 pecuniam
1073 496 1230 531 maxime

117 557 245 594 deesse.
303 558 399 595 Haec
429 557 627 595 Stuberam
656 556 818 594 retulere
846 559 940 608 regi,
959 565 1042 595 tum
1067 559 1230 596 maxime

118 622 288 672 captivos
308 635 354 659 ex
378 621 531 671 Illyrico
551 621 741 659 vendenti,
797 620 1003 673 Extemplo
1032 623 1145 659 iidem
1174 623 1230 660 le·

120 687 215 734 gati,
235 686 362 723 addito
382 685 543 722 Glaucia
561 698 608 722 ex
632 698 792 722 numero
818 687 1018 724 custodum
1044 689 1229 738 corporiS‚

119 751 365 788 remittuntur
384 751 465 787 sine
484 751 679 787 mentione
697 751 882 801 pecuniae,
902 765 977 802 qua
998 765 1074 788 una
1091 751 1230 788 barba-

117 827 181 851 rus
200 815 310 865 inops
331 815 461 865 inpelli
481 815 527 851 ad
547 815 688 852 bellum
712 822 875 866 poterat.
930 817 1123 866 Ancyram
1141 817 1230 853 inde

117 879 321 930 populatus
353 880 528 923 Perseus,
557 880 598 916 in
630 880 813 917 Penestas
842 894 990 918 rursum
1023 882 1231 918 exercitum

117 943 286 981 reducit:
334 944 570 993 firmatisque
617 944 795 988 Uscanae,
834 952 872 981 et
909 946 1010 982 circa
1046 958 1128 982 eam
1163 957 1231 995 per

116 1009 247 1044 omnia
274 1008 442 1052 castella,
463 1021 546 1058 quae
574 1014 783 1059 receperat,
811 1010 1010 1059 praesidiis,
1030 1009 1069 1045 in
1097 1009 1230 1046 Mace-

118 1072 271 1109 doniam
289 1085 370 1109 sese
388 1073 535 1123 recipit.

173 1136 290 1174 XXI.
313 1137 359 1174 L.
376 1137 535 1180 Coelius,
555 1137 703 1186 legatus
723 1136 937 1180 Romanus,
958 1143 1118 1188 praeerat
1137 1137 1228 1187 Illy-

117 1200 221 1236 rico:
254 1201 332 1250 qui,
353 1202 496 1237 moveri
522 1213 600 1236 non
626 1212 753 1244 ausus,
775 1213 890 1250 quum
915 1201 954 1236 in
979 1201 1024 1237 iis
1051 1201 1144 1237 locis
1163 1213 1229 1237 rex

117 1270 229 1308 esset,
246 1271 335 1314 post
354 1265 632 1314 profectionem
648 1265 798 1301 demum
819 1263 898 1314 ejus
919 1271 1078 1301 conatus
1097 1265 1137 1301 in
1155 1265 1228 1301 Pe-

115 1329 233 1365 nestis
251 1329 443 1365 Uscanam
459 1329 639 1378 recipere,
657 1342 679 1365 a
697 1329 888 1379 praesidio,
906 1329 1006 1378 quod
1025 1329 1080 1366 ibi
1096 1327 1229 1366 Mace-

116 1393 259 1430 donum
280 1400 374 1437 erat,
395 1406 481 1429 cum
500 1392 628 1429 multis
650 1392 868 1429 vulneribus
895 1392 1080 1444 repulsus,
1101 1393 1230 1443 Lycha

114 1457 246 1494 nidum
276 1458 404 1508 copias
434 1457 597 1494 reduxit.
653 1457 748 1493 Inde
776 1465 865 1508 post
893 1459 971 1495 dies
1001 1471 1141 1509 paucos
1170 1458 1229 1497 M.

115 1520 348 1558 Trebellium
377 1523 641 1571 Fregellanum
670 1536 756 1559 cum
783 1525 873 1560 satis
900 1524 1024 1561 valida
1049 1537 1162 1561 manu
1188 1525 1229 1560 in

1242 240 1282 271 U.
1294 239 1331 271 C.
1350 246 1423 273 583.

1241 285 1278 314 Α.
1292 283 1330 314 C.
1348 288 1422 317 169.

1241 366 1376 396 Gentius
1389 375 1445 407 pe·

1240 418 1374 440 cumam

1239 459 1351 493 poscit.

1243 1147 1305 1178 Res
1329 1153 1423 1186 gestae

1242 1200 1260 1220 a
1276 1190 1372 1221 Rom.
1389 1191 1422 1220 in

1241 1233 1380 1274 illyrico.

116 1585 296 1622 Penestas
323 1587 426 1622 misit
451 1587 498 1622 ad
524 1587 674 1622 obsides
704 1587 752 1624 ab
782 1588 840 1624 his
870 1588 1041 1632 urbibus,
1073 1601 1155 1638 quae
1188 1589 1243 1625 ins

117 1651 285 1687 amicitia
304 1663 389 1687 cum
409 1651 481 1687 fide
504 1658 804 1701 permanserant,
825 1653 1076 1703 accipiendos,
1131 1651 1227 1688 Pro-

114 1713 246 1751 cedere
271 1715 386 1751 etiam
413 1716 451 1751 in
478 1715 681 1752 Parthinos
711 1716 754 1763 (ii
784 1729 935 1766 quoque
960 1717 1110 1753 obsides
1139 1716 1227 1752 dare

114 1779 354 1828 pepigerant)
380 1777 521 1829 jussit:
553 1779 600 1815 ab
630 1787 790 1829 utraque
815 1787 929 1828 gente
956 1782 1038 1816 sine
1061 1780 1227 1816 tumultu

115 1843 227 1891 exigi.
283 1843 532 1880 Penestarum
563 1843 712 1880 obsides
738 1844 1000 1895 Apolloniam,
1021 1845 1226 1881 Parthino-

112 1918 196 1943 rum
215 1907 469 1957 Dyrrachium
491 1911 589 1956 (tum
614 1908 820 1958 Epidamni
844 1910 965 1957 magis
990 1908 1136 1945 celebre
1154 1920 1226 1944 no-

113 1983 200 2008 men
220 1972 363 2010 Graecis
384 1973 481 2020 erat)
504 1973 621 2010 missi.
664 1974 738 2024 Ap.
756 1974 951 2016 Claudius,
972 1980 1166 2023 acceptam
1184 1973 1226 2009 in

115 2034 268 2085 Illyrico
298 2038 547 2086 ignominiam
578 2038 775 2086 contigere
807 2038 976 2087 cupiens,
1010 2037 1227 2073 Phanotem

115 2098 224 2149 Epiri
243 2101 438 2138 castellum
457 2101 611 2138 adortus
630 2101 867 2152 obpugnare,
885 2109 923 2138 et
941 2100 1082 2138 auxilia
1101 2101 1224 2137 Atha-

117 2175 270 2199 manum
287 2164 677 2216 Thesprotorumque,
694 2172 832 2216 praeter
846 2165 1065 2202 Romanum
1082 2165 1224 2202 exerci-

114 2231 210 2270 tum,
232 2227 278 2263 ad
298 2240 360 2264 sex
381 2229 498 2265 millia
514 2230 712 2266 hominum
735 2242 862 2266 secum
889 2230 1070 2266 adduxit:
1102 2240 1225 2277 neque

114 2302 238 2341 eperae
267 2292 428 2342 pretium
459 2292 564 2336 fecit,
597 2292 726 2336 eleva,
756 2294 820 2343 qui
848 2293 1001 2330 relictus
1032 2306 1055 2329 a
1084 2292 1224 2329 Perseo

629 2355 714 2392 T6
