1546 2648
373 105 1211 160 Llnnnx111.cAf·.11.v.367

104 219 261 257 tumque
280 213 509 246 conveneiat
529 206 575 243 ad
597 206 872 254 defendendum
891 208 1081 244 decretum
1102 208 1214 258 regiae
1228 210 1272 242 U.
1284 211 1321 242 C.
1335 216 1409 243 581.

104 271 320 310 societatis:
366 271 430 307 sed
467 270 684 309 constantia
729 271 957 322 principum,
996 255 1268 309 docentiumA
1286 254 1312 285 C
1335 260 1407 290 ¹⁷¹

103 335 272 381 cladibus
300 334 468 384 Philippi
497 334 769 384 Antiochique,
795 340 938 384 quanta
967 341 1065 371 esset
1093 336 1148 371 vis
1177 342 1216 372 et

101 399 255 437 fortuna
280 399 428 449 imperii
454 398 637 443 Romani,
657 400 758 436 victa
778 399 917 436 eadem.
935 398 1140 444 multitudo
1161 406 1213 444 et,

101 469 143 504 ut
162 462 358 501 tolleretur
376 463 481 512 regia
500 464 676 506 societas,
694 463 874 507 decrevit,
891 469 931 498 et
948 474 1026 506 eos,
1044 463 1108 511 qui
1125 475 1214 499 auc-

98 532 200 563 tores
230 526 463 576 paciscendae
493 527 670 564 amicitiae
701 526 867 570 fuerant,
897 526 946 563 ad
976 525 1214 579 satisfacien—

99 590 188 628 dum
223 591 359 640 legatis
393 591 613 628 Chalcidem
649 592 767 634 misit,
802 590 962 641 fideique
998 589 1215 640 legatorum

100 654 356 693 commendari
376 655 567 695 civitatem
576 654 705 706 jussit.
761 654 967 693 Thebanos
985 653 1154 705 Marcius
1176 660 1213 691 et

99 718 240 769 Atilius
268 718 345 759 laeti
371 719 585 763 audierunt,
607 727 855 771 auctoresque
875 727 913 756 et
931 720 990 756 his
1009 719 1213 770 separatim

100 783 257 832 singulis
277 783 433 824 fuerunt
450 784 496 821 ad
522 784 779 833 renovandam
804 784 1011 832 amicitiam
1037 782 1214 821 mittendi

96 844 264 893 Romam
282 846 441 896 legatos.
488 848 591 884 Ante
610 849 740 895 omnia
759 847 904 886 exsules
925 848 1074 884 restitui
1085 846 1214 898 jusse-

95 915 197 954 runt,
219 918 257 947 et
283 919 456 948 auctores
482 912 596 961 regiae
622 912 817 948 societatis
843 911 996 953 decreto
1016 924 1085 948 suo
1105 911 1211 948 dam·

95 980 247 1020 narunt.
302 974 378 1020 Ita,
399 975 501 1025 quod
526 976 690 1021 maxime
709 974 906 1018 volebant,
926 975 1096 1011 discusso
1115 974 1208 1011 Boe·
1224 978 1406 1011 Boeoticum

93 1039 197 1081 otico
235 1041 412 1085 concilio,
446 1041 756 1092 Peloponnesum
786 1040 1092 1092 proficiscuntur,
1128 1040 1208 1080 Ser,
1222 1024 1414 1099 ἓξξὲῗέὲζῗῐζ

95 1102 276 1142 Cornelio
297 1104 517 1154 Chalcidem
535 1105 728 1142 arcessito.
784 1105 899 1154 Argis
926 1104 1129 1155 piaebitum
1152 1111 1210 1142 est

94 1166 139 1202 iis
157 1167 384 1216 concilium:
409 1168 473 1206 ubi
492 1169 587 1218 nihil
603 1168 705 1216 aliut}
725 1181 747 1206 a
765 1175 880 1220 geute
893 1169 1124 1212 Achaeorum
1141 1181 1209 1221 pe-

92 1230 249 1278 tierunt,
269 1245 383 1281 quam
402 1239 443 1269 ut
465 1233 567 1270 mille
586 1232 725 1284 milites
746 1234 903 1273 darent:
935 1233 974 1269 id
992 1233 1210 1284 praesidium

93 1294 141 1331 ad
161 1295 380 1333 Chalcidem
399 1297 593 1341 tuendam,
614 1297 704 1334 dum
728 1297 928 1334 Romanus
955 1298 1141 1334 exercitus
1168 1298 1208 1335 in

93 1358 280 1407 Graeciam
300 1361 552 1412 trajiceretur,
573 1364 728 1405 missum
749 1368 818 1400 est.
873 1361 1042 1399 Marcius
1063 1370 1101 1399 et
1119 1362 1207 1398 Ati-

91 1422 177 1471 lius,
193 1426 369 1475 peractis,
387 1439 470 1475 quae
489 1427 665 1477 agenda
655 1439 695 1470 ln
711 1426 861 1466 Graecia
879 1432 1000 1470 er‚ant
1017 1426 1206 1478 principio

90 1488 224 1534 hiemis
244 1488 410 1534 Romam
429 1491 550 1527 led1e1
554 1498 633 1529 unt

146 1553 271 1597 XLV.
302 1554 397 1592 Inde
424 1554 567 1604 legatio
596 1555 666 1594 sub
695 1555 796 1593 idem
822 1561 971 1606 tempus
1001 1556 1042 1592 in
1071 1555 1204 1594 Asiam
1218 1563 1325 1604 Legati

92 1618 232 1655 circum
252 1618 394 1664 insulas
413 1621 548 1661 missa:
570 1626 646 1663 tres
662 1627 771 1660 erant
785 1619 916 1669 legati,
933 1619 992 1657 Ti.
1007 1619 1202 1664 Claudius,
1216 1607 1313 1685 {gi}
1316 1610 1368 1684 ig:

91 1682 134 1719 P.
154 1682 387 1728 Postumius,
416 1684 474 1722 M.
494 1685 656 1722 Junius:
703 1685 731 1721 ii
763 1684 1038 1721 ciicumeuntes
1072 1684 1203 1722 horta·
1215 1693 1313 1728 sulas,

89 1746 230 1783 bantur
249 1749 372 1785 socios
393 1749 441 1785 ad
463 1749 744 1799 suscipiendum
769 1750 842 1786 adv
832 1762 946 1786 ersus
970 1749 1108 1787 Persea
1133 1763 1205 1802 pro

89 1810 274 1854 Romanis
290 1812 430 1854 bellum
443 1830 455 1859 3
488 1819 540 1857 et,·
562 1827 638 1864 quo
658 1826 816 1863 quaeque
835 1812 1053 1864 opulentior
1071 1815 1204 1852 civitas

91 1881 185 1919 erat,
205 1888 252 1912 eo
277 1876 492 1922 adcuratius
518 1877 699 1926 agebant,
720 1878 808 1928 quia
832 1878 998 1914 minores
1019 1886 1205 1916 secuturae

90 1939 277 1990 majorum
303 1943 576 1987 *auctoritatem
606 1948 726 1980 erant.
783 1942 930 1979 Rhodii
965 1943 1204 1980 maximiiad

89 2005 219 2046 omnia
243 2007 429 2048 momenti
456 2006 711 2051 habebantur,
738 2007 828 2056 quia
855 2019 934 2044 non
963 2006 1090 2043 favere
1117 2012 1203 2044 tan-

89 2073 184 2110 tum,
218 2069 283 2113 sed
319 2069 498 2121 adjuvare
530 2071 643 2107 etiam
675 2070 818 2107 viribus
848 2071 925 2106 suis
957 2069 1100 2107 bellum
1132 2083 1202 2122 po·

89 2136 230 2174 terant,
267 2135 516 2185 quadraginta
551 2136 710 2173 navibus
748 2142 904 2176 auctore
940 2135 1202 2186 Hegesilocho

88 2198 340 2246 comparatis:
373 2202 452 2249 qui,
472 2214 588 2250 quum
608 2202 647 2238 in
672 2214 821 2238 summo
840 2202 1067 2251 magistratu
1087 2208 1199 2244 esset,

89 2259 291 2310 (Prytanin
318 2263 390 2314 ipsi
410 2266 564 2314 vocant)
593 2265 721 2302 multis
748 2265 959 2303 rationibus
990 2266 1201 2318 pervicerat

599 2327 638 2364 R
657 2329 680 2364 4
