1546 2648
336 209 492 239 nmen
513 208 596 237 xi..
626 207 735 236 cAr.
757 208 865 235 x1x.
1081 210 1159 250 241

49 298 216 342 dabant,
247 299 456 336 maritimos
491 310 603 347 agros
637 296 797 334 infestos
825 298 1164 336 transmarinarum
1177 308 1220 339 U.
1234 307 1271 338 C.
1286 314 1358 342 571.

49 364 201 399 navium
216 363 425 399 latrociniis
453 374 535 398 esse
551 377 558 398 :
591 361 723 398 eadem
751 360 1011 398 Massilienses
1031 362 1078 398 de
1096 363 1164 400 Li·
1179 353 1217 382 A·
1231 351 1269 382 C'
1287 357 1359 381 ²⁸¹*

48 439 183 476 gurum
196 427 354 464 navibus
372 426 638 476 querebantur.
681 425 882 461 Exercitus
896 426 982 461 inde
997 426 1138 463 decreti
1154 444 1161 465 :

50 499 214 542 quatuor
239 490 409 540 legiones
440 488 675 531 consulibus,
699 489 833 538 (quina
861 487 979 525 millia
998 490 1165 528 ducenos

48 555 246 593 Romanos
262 555 421 605 pedites,
434 561 608 590 trecenos
622 552 808 589 haberent
822 553 986 602 equites)
1001 561 1039 590 et
1054 556 1169 604 quina

49 620 171 664 decim
191 619 309 656 millia
337 618 484 655 socifim
505 630 548 654 ac
576 616 709 653 Latini
742 617 922 661 nominis,
953 619 1166 668 octingenti

49 685 206 734 equites.
263 683 309 719 In
331 682 527 732 Hispaniis
548 688 796 732 prorogatum
815 681 1003 718 veteribus
1023 690 1164 733 praeto-

50 748 154 786 ribus
173 748 373 798 imperium
392 753 450 783 est
468 759 554 782 cum
577 745 820 789 exercitibus,
841 758 935 794 quos
955 746 1165 788 haberent:

39 812 144 856 etin
159 811 462 861 supplementum
479 809 632 845 decreta
645 809 720 845 tria
735 808 854 845 millia
866 810 1004 846 civium
1019 810 1166 848 Roma-

48 887 200 917 norum,
229 874 383 910 ducenti
402 873 570 922 equites:
603 879 641 908 et
663 871 810 908 socium
840 872 971 909 Latini
999 876 1165 912 nominis

51 950 117 975 tex
136 937 254 975 millia
273 937 457 987 peditum,
478 937 639 973 trecenti
656 937 814 985 equites.
871 936 955 972 Nec
975 938 1030 974 rei
1049 951 1165 975 nava-

0 1025 1 1028 =
49 1002 95 1039 lis
125 1015 215 1038 cura
247 1002 409 1037 omissa:
443 1001 660 1037 duumviros
691 1001 731 1036 in
768 1013 852 1037 eam
880 1013 958 1036 rem
990 1002 1166 1039 consules

0 1056 1 1064 ἵ
51 1079 178 1103 creare
190 1065 303 1116 jussi,
331 1078 397 1115 per
417 1077 511 1114 quos
531 1077 644 1101 naves
668 1065 805 1113 viginti
826 1064 995 1101 deductae
1021 1066 1167 1102 navali-

48 1130 120 1167 bus
133 1131 245 1166 sociis
262 1129 404 1166 civibus
417 1129 618 1172 Romanis,
636 1130 700 1178 qui
715 1130 935 1166 servitutem
948 1130 1166 1174 servissent,

49 1194 353 1243 complerentu1·;
376 1194 530 1241 ingenui
551 1199 703 1228 tantum
719 1198 759 1228 ut
775 1193 820 1228 iis
840 1199 1058 1242 praeessent.
1099 1193 1167 1230 In-

48 1263 106 1294 ter
125 1257 341 1294 duumviros
361 1257 415 1292 ita
435 1257 554 1292 divisa
583 1256 723 1292 tuenda
743 1256 847 1292 denis
873 1255 1032 1292 navibus
1052 1258 1167 1294 mari-

51 1321 145 1356 tima
164 1332 244 1362 ora,
259 1326 301 1356 ut
318 1320 625 1369 promontorium
638 1319 682 1354 iis
695 1318 895 1362 Minervae,
913 1318 1017 1355 velut
1036 1321 1166 1364 cardo,

52 1385 91 1420 in
111 1383 239 1420 medio
270 1390 390 1419 esset:
424 1382 519 1419 alter
538 1383 576 1418 iu
607 1382 780 1419 dextram
808 1390 954 1432 partem
986 1372 1102 1432 usque
1122 1385 1170 1422 ad

52 1447 280 1490 Massiliam,
300 1446 431 1482 laevam
452 1446 547 1482 alter
568 1458 684 1494 usque
704 1446 752 1482 ad
770 1445 928 1482 Barium
946 1452 1130 1485 tueretur.

104 1509 222 1546 XIX.
251 1509 432 1558 Prodigia
465 1509 584 1546 multa
612 1509 718 1546 foeda
746 1515 785 1545 et
814 1509 951 1546 Romae
985 1523 1030 1546 eo
1065 1524 1167 1548 anno

52 1577 145 1618 visa,
167 1582 205 1611 et
223 1574 403 1610 nunciata
421 1587 586 1624 peregre.
644 1574 693 1611 In
715 1587 803 1610 area
821 1573 985 1610 Vulcani
1005 1584 1042 1611 et
1063 1577 1168 1613 Con-

54 1639 190 1675 cordiae
209 1639 432 1686 sanguinem
458 1638 578 1687 pluit3
612 1644 649 1674 et
670 1638 868 1688 pontifices
888 1638 1017 1674 hastas
1044 1647 1168 1676 motas

51 1703 293 1745 nunciavere,
315 1710 352 1738 et
372 1701 537 1738 Lanuvii
556 1701 800 1738 simulacrum
818 1701 983 1737 Junonis
1005 1689 1167 1754 Sospitae

47 1766 288 1805 lacrimasse:
322 1772 360 1801 et
378 1765 595 1816 pestilentia
615 1766 653 1801 in
681 1766 796 1814 agris,
815 1765 997 1815 forisque,
1018 1776 1056 1804 et
1076 1781 1168 1805 con-

51 1829 251 1872 ciliabulis,
272 1837 310 1865 et
328 1830 367 1865 in
387 1829 480 1866 urbe
494 1836 603 1865 tanta
622 1836 715 1872 erat,
737 1834 780 1865 ut
799 1828 1083 1867 Libitinartunc
1104 1833 1166 1869 vix

54 1894 265 1931 subiiceret.
323 1893 396 1930 His
426 1894 608 1943 prodigiis
638 1893 884 1943 cladibusque
912 1895 1015 1930 anxii
1034 1895 1167 1933 Patres

53 1958 310 2000 decreverunt,
338 1964 380 1993 ut
408 1965 447 1992 et
475 1957 664 2000 consules,
685 1957 820 2005 quibus
846 1957 932 1992 Diis
963 1958 1167 2003 videretur,

54 2022 188 2058 hostiis
211 2021 420 2073 majoribus
450 2021 721 2064 sacrificarent,
752 2027 789 2056 et
818 2021 1018 2057 decemviri
1049 2023 1167 2060 libros·

55 2085 210 2123 adirent.
267 2085 412 2122 Eorum
449 2085 600 2122 decreto
639 2084 866 2135 supplicatio
904 2086 1003 2121 circa
1039 2088 1170 2124 omnia

53 2148 263 2199 pulvinaria
279 2148 415 2185 Romae
436 2150 475 2184 in
495 2149 593 2185 diem
613 2162 730 2184 unum
756 2149 901 2185 indicta
920 2155 999 2185 est:
1032 2151 1167 2188 iisdem

56 2212 276 2248 auctoribus
297 2220 334 2248 et
354 2220 506 2250 senatus
528 2216 690 2257 censuit,
708 2220 746 2249 et
766 2213 939 2250 consules
957 2214 1169 2258 edixerunt,

59 2283 100 2312 ut
126 2289 193 2326 per
220 2283 343 2313 totam
372 2278 524 2314 Italiam
552 2279 718 2314 triduum
752 2278 980 2328 supplicatio
1010 2286 1048 2315 et
1068 2280 1172 2317 feriae

24 2342 38 2373 '.
58 2348 196 2376 essent.
244 2339 476 2377 Pestilentiae
495 2347 604 2379 tanta
618 2342 673 2377 vis
695 2349 789 2385 erat,
811 2348 867 2385 ut,
883 2355 999 2392 quum
1018 2350 1174 2394 propter

55 2427 61 2432 ·
114 2403 214 2440 VoL.
238 2399 304 2440 IV.
599 2405 645 2442 M
