1546 2648
301 186 457 219 mmm
482 185 712 217 xxxvu1.
745 186 852 216 CAP.
875 187 995 218 vm.
1151 179 1204 236 85

88 275 136 314 ab
156 277 329 315 hostibus
350 291 473 322 muro,
504 283 775 328 pervenerunt:
808 276 860 314 ibi
881 279 1091 315 commissis
1112 294 1203 331 ope·
1217 292 1260 322 U,
1273 292 1308 323 c,
1325 298 1399 326 562.

87 341 206 385 ribus,
228 355 343 392 quum
374 355 393 378 e
422 342 525 378 fossa
554 342 592 378 in
614 340 828 377 cuniculum
853 348 1001 392 pateret
1021 344 1106 387 iter,
1127 347 1204 394 pri-
1217 337 1255 365 Α·
1269 338 1306 366 C.
1324 344 1397 370 189.

85 418 151 443 mo
171 407 260 457 ipsis
281 407 533 447 ferramentis.
555 405 689 455 quibus
711 406 750 442 in
770 418 884 455 opere
905 407 960 442 usi
977 414 1099 450 erant,
1119 408 1203 445 <lein
1217 418 1393 459 Repeuun-

88 471 260 507 celeriter
275 471 409 507 armati
427 471 542 507 etiam
557 469 761 506 subeuntes
776 469 964 506 occultam
982 471 1050 507 sub
1065 479 1206 511 terram
1218 471 1278 496 tur.

87 534 285 571 ediderunt
304 548 491 585 pugnam:
526 534 679 583 segnior
698 534 831 570 deinde
852 546 896 569 ea
910 532 1011 571 facta
1033 542 1113 582 est3
1146 537 1206 574 in-

86 598 378 649 tersepientibus
409 597 640 640 cuniculum,
668 597 733 633 ubi
764 597 918 640 vellent,
945 610 1047 634 nunc
1074 599 1205 637 ciliciis

86 663 297 712 praetentis,
318 676 419 699 nunc
439 662 584 699 foribus
605 662 742 712 raptim
757 661 931 711 objectis.
962 662 1075 699 Nova
1092 665 1208 702 etiam

87 726 187 763 haud
221 728 349 776 magni
377 727 501 778 operis
533 727 709 762 adversus
748 738 827 768 eos,
863 727 927 775 qui
957 727 996 763 in
1031 729 1207 765 cuniculo

89 796 210 834 erant,
233 792 450 840 excogitata
470 803 527 826 res
550 797 629 826 est:
653 789 795 826 dolium
817 803 838 826 a
857 790 975 827 fundo
996 798 1206 841 pertusum,

88 866 162 903 qua
182 854 308 890 fistula
327 855 476 891 modica
500 855 613 890 inseri
641 861 784 904 posset,
807 862 843 890 et
863 854 1027 892 fistulam
1047 857 1208 895 ferream

88 921 384 971 operculumque
404 922 496 957 dolii
515 921 692 963 ferreum,
714 928 752 956 et
780 921 904 971 ipsum
924 922 1093 972 pluribus
1114 924 1207 960 locis

86 985 335 1036 perforatum,
363 986 553 1023 feceruut:
587 986 661 1021 hoc
689 986 795 1021 tenui
820 985 949 1035 pluma
978 988 1210 1038 completum

88 1049 232 1085 dolium
268 1063 333 1086 ore
367 1050 406 1086 in
444 1049 659 1087 cuniculum
696 1062 806 1085 verso
843 1060 1065 1100 posuerunt.
1135 1053 1210 1089 Per

89 1116 258 1166 operculi
293 1117 483 1153 foramina
520 1116 722 1167 praelongae
757 1116 890 1159 hastae,
922 1129 1013 1165 quas
1053 1117 1206 1153 sarissas

86 1187 240 1223 vocant,
273 1181 320 1216 ad
354 1180 633 1217 submovendos
667 1180 795 1216 hostes
827 1180 1072 1216 eminebant:
1106 1182 1206 1217 scin-

87 1243 209 1280 tillam
242 1244 363 1281 levem
396 1245 494 1293 ignis
525 1245 684 1282 inditam
710 1244 863 1294 plumae,
888 1244 980 1280 folle
1005 1245 1132 1281 fabrili
1160 1247 1206 1282 ad

89 1317 203 1359 caput
240 1309 375 1345 fistulae
413 1309 597 1359 inposit0‚
636 1309 762 1346 flando
796 1310 1069 1345 accenderunt:
1119 1311 1206 1347 inde

89 1385 167 1409 non
200 1373 323 1409 solnm
347 1386 488 1422 magna
513 1374 568 1409 vis
592 1374 700 1416 fumi,
723 1373 787 1409 sed
813 1375 936 1410 acrior
958 1375 1072 1410 etiam
1100 1375 1206 1412 foedo

88 1437 252 1486 quodam
273 1437 405 1474 nidore
433 1450 478 1474 ex
499 1437 632 1474 adusta
652 1437 794 1487 pluma,
816 1451 930 1486 quum
953 1444 1076 1474 totum
1097 1439 1204 1475 cuni-

30 1522 34 1525 -
88 1501 216 1548 culum,
244 1501 485 1553 complesset,
507 1502 568 1538 vix
595 1502 730 1539 durare
761 1503 961 1552 quisquam
991 1504 1092 1539 intus
1116 1510 1203 1554 pot-

87 1572 180 1602 erat.

140 1630 254 1667 VIII.
284 1631 413 1670 Quum
427 1631 466 1666 in
481 1631 555 1667 hoc
572 1636 673 1667 statu
694 1643 750 1666 res
768 1631 815 1667 ad
830 1631 1074 1668 Ambraciam
1088 1639 1201 1676 esset,

85 1693 203 1743 legati
223 1695 270 1731 ab
290 1695 434 1731 AEtolis
454 1695 637 1732 Phaeneas
660 1702 697 1731 et
716 1695 954 1740 Damoteles,
969 1710 1054 1733 cum
1073 1697 1201 1734 liberis
1240 1738 1245 1742 „

86 1760 289 1803 mandatis,
304 1760 454 1797 decreto
467 1762 606 1811 gentis,
621 1762 668 1797 ad
681 1761 875 1798 consulem
889 1769 1072 1798 venerunt
1087 1777 1094 1797 :
1113 1775 1201 1798 nam

85 1831 226 1875 praetor
245 1837 390 1868 eorum,
412 1838 527 1874 quum
554 1825 629 1862 alia
654 1832 760 1875 parte
783 1826 1029 1863 Ambraciam
1052 1827 1200 1877 obpug-

86 1890 168 1926 nari
191 1897 375 1933 cerneret,
404 1889 479 1926 alia
501 1890 679 1926 infestam
709 1904 816 1927 oram
841 1892 1000 1927 navibus
1031 1893 1202 1928 hostium

86 1967 181 1999 esse,
196 1954 270 1991 alia
289 1955 565 2005 Amphilochos
581 1955 865 2005 Dolopiamque
881 1970 903 1992 a
919 1956 1200 1993 Macedonibus

86 2023 238 2065 vastari,
261 2034 330 2058 ncc
355 2021 512 2058 AEtoios
539 2021 650 2057 simul
677 2022 724 2057 ad
747 2023 821 2058 tria
846 2023 991 2058 diversa
1011 2022 1109 2058 bella
1131 2022 1201 2059 ob·-

86 2093 279 2122 cursantes
297 2086 494 2128 subficere,
509 2092 722 2122 convocato
738 2087 916 2130 concilio,
927 2087 1083 2124 AEtolos
1097 2089 1201 2138 prifl-

85 2150 200 2199 cipes,
221 2150 310 2199 quid
336 2150 523 2199 agendum
551 2157 662 2193 esset,
691 2150 893 2187 consuluit.
951 2151 1134 2188 Omnium
1156 2165 1201 2188 co

78 2214 283 2250 senteutiae
316 2215 575 2257 decurrerunt,
609 2220 648 2251 ut
676 2228 763 2263 pax,
793 2218 824 2251 si
853 2222 982 2264 posse-t,
1010 2219 1138 2265 oeqzci83
1171 2219 1202 2253 si

84 2281 212 2322 minus,
235 2280 429 2316 tolerandis
448 2281 704 2317 conditionibus
719 2286 913 2329 peteretur.
970 2283 1139 2318 Antio-chi
1146 2283 1200 2331 st·
1214 2282 1314 2313 AEtoli
1331 2293 1387 2323 pa-

81 2345 192 2381 ducia
217 2344 347 2381 bellum
367 2351 580 2395 susceptum.
636 2348 814 2385 Antiocho
834 2353 933 2385 terra
957 2351 1119 2399 marique
1139 2362 1200 2387 su·
1214 2335 1359 2400 {eape-
