1546 2648
340 187 422 219 212
797 182 844 216 'l'-
867 186 1001 217 leu

143 276 187 307 U.
201 276 238 307 C.
257 283 329 311 ⁵69.
340 275 482 326 piabile
501 275 629 312 odium
645 275 684 312 in
702 287 742 312 se
757 288 928 319 cernens,
943 281 982 311 et
993 274 1079 311 fidei
1095 286 1224 323 regum
1245 274 1340 312 nihil
1358 279 1464 312 sane⁴

144 320 186 351 A*
199 320 236 351 C‘
257 327 330 352 ¹⁸³⁹
342 339 519 376 confisus.
549 339 692 376 Prusiae
707 352 798 376 vero
817 339 1009 375 levitatem
1031 339 1144 375 etiam
1160 345 1335 389 expertus
1355 343 1448 375 erat.

340 403 547 440 Flaminini
566 417 716 453 quoque
736 404 938 440 adventum
957 403 1059 439 velut
1083 402 1237 439 fatalem
1262 403 1334 439 sibi
1357 402 1449 438 hor-

341 474 480 505 ruerat.
536 469 598 505 Ad
626 469 755 505 omnia
783 468 948 517 undique
977 467 1129 511 infesta,
1150 474 1192 504 ut
1211 468 1282 503 iter
1304 478 1450 517 semper

342 531 496 581 aliquod
518 539 769 583 praeparatum
800 532 900 581 fugae
930 532 1102 576 haberet,
1123 538 1266 582 septem
1290 532 1411 568 exitus
1431 543 1453 567 e

342 595 456 632 domo
475 595 617 632 fecerat
632 612 643 641 3
666 603 704 632 et
722 609 769 632 ex
787 596 833 631 iis
853 595 1034 644 quosdam
1056 595 1241 638 occultos,
1261 608 1308 631 ne
1325 600 1452 631 custo-

344 658 407 694 dia
425 659 649 708 sepirentur.
690 658 764 695 Sed
784 671 895 707 grave
915 659 1113 708 imperium
1132 671 1263 707 regum
1281 657 1378 694 nihil
1395 659 1455 694 in·

343 721 598 772 exploratum,
628 722 730 772 quod
756 723 977 771 investigari
1001 722 1148 766 volunt,
1169 722 1305 759 efficit:
1337 722 1456 758 totius

344 786 545 823 circuitum
577 787 711 823 domus
748 788 803 823 ita
839 787 1020 823 custodiis
1058 787 1246 837 complexi
1283 792 1385 829 sunt,
1415 791 1458 822 ut

344 862 458 887 nemo
490 851 578 887 inde
607 851 706 887 elabi
737 857 877 901 posset.
934 851 1145 895 Hannibal,
1173 857 1375 902 postquam
1401 855 1458 887 est

345 915 582 957 nunciatum,
600 914 739 951 milites
760 915 883 963 regios
904 915 941 951 in
961 915 1150 952 vestibulo
1175 928 1270 958 esse,
1291 915 1455 964 postico,

345 978 450 1027 quod
465 979 615 1015 devium
637 980 799 1014 maxime
819 985 932 1027 atque
954 979 1200 1015 occultissimi
1219 979 1342 1015 exitus
1361 984 1457 1021 erat,

344 1041 480 1090 'fugere
504 1049 683 1086 conatus,
713 1048 755 1078 ut
784 1042 818 1078 id
849 1055 999 1091 quoque
1024 1042 1186 1078 obcursu
1206 1042 1367 1078 militum
1389 1041 1459 1078 ob·

348 1113 497 1156 septum
513 1107 644 1149 sensit,
665 1114 703 1142 et
722 1107 850 1143 omnia
866 1107 965 1143 circa
985 1106 1111 1142 clausa
1130 1106 1311 1142 custodiis
1331 1105 1460 1155 dispo-

349 1170 431 1206 sitis
461 1182 556 1213 esse,
577 1183 763 1207 venenum
795 1171 914 1220 (quod
943 1170 1063 1207 multo
1093 1177 1181 1206 ante
1210 1176 1461 1220 praeparatum

343 1235 396 1271 'ad
414 1234 509 1271 tales
528 1235 696 1271 habebat
715 1236 840 1283 casus)
864 1236 1051 1285 poposcit.
1085 1236 1302 1278 Liberemus,
1323 1235 1459 1283 inquit,

349 1300 524 1337 diuturna
542 1312 630 1336 cura
645 1301 821 1348 populum
849 1300 1068 1343 Romanum,
1085 1301 1225 1348 quando
1242 1304 1390 1335 mortem
1407 1311 1462 1335 se-

348 1364 407 1399 m's
425 1369 626 1411 exspectare
645 1365 790 1411 longum
809 1370 958 1401 censent.
1010 1366 1088 1401 Nec
1104 1377 1289 1412 magnam,
1308 1375 1371 1400 nec
1388 1374 1463 1400 me-

350 1428 560 1464 morabilem
578 1441 620 1464 ex
637 1430 763 1465 inermi
787 1431 1002 1477 proditoque
1029 1430 1251 1465 Flamininus
1277 1429 1464 1465 victoriam

341 1491 445 1541 seret
460 1508 472 1528 .·
501 1504 614 1528 mores
632 1493 775 1540 quidem
790 1494 919 1540 populi
938 1493 1095 1529 Romani
1113 1498 1284 1541 quantum
1304 1496 1465 1528 mutave-

351 1556 440 1598 rint,
460 1556 516 1591 vel
535 1556 591 1592 hic
610 1557 683 1591 dies
701 1561 912 1603 argumento
932 1559 1010 1593 erit.
1068 1557 1210 1592 Horum
1226 1561 1351 1604 patres
1370 1556 1464 1604 Pyr-

351 1618 419 1655 rho
442 1622 532 1667 regi,
554 1621 647 1656 hosti.
671 1626 827 1663 armato,
849 1625 1041 1658 exercitum
1062 1624 1097 1658 in
1118 1623 1230 1659 Italia
1249 1622 1405 1664 habenti,
1425 1626 1467 1657 ut

353 1695 378 1719 a
395 1695 525 1720 veneno
540 1690 693 1727 caveret,
710 1687 956 1733 praedixerunt
971 1703 983 1723 .·
1003 1687 1040 1722 hz'
1057 1672 1212 1734 legatnin
1232 1687 1465 1728 consularem,

354 1749 416 1796 qui
444 1753 570 1785 auctor
597 1754 685 1785 esset
714 1750 853 1787 Prusiae
879 1763 945 1799 per
972 1752 1083 1787 scelus
1101 1751 1285 1787 occidendi
1306 1750 1465 1797 hospitis,

353 1813 539 1849 miserunt.
592 1812 821 1849 Exsecratus
860 1814 994 1850 deinde
1024 1816 1063 1850 in
1094 1820 1207 1864 caput
1231 1825 1466 1862 regnumque

354 1874 512 1919 Prusiae,
534 1882 572 1912 et
590 1876 797 1927 hospitales
818 1877 922 1913 Deos
942 1877 1092 1913 violatae
1113 1878 1160 1914 ab
1181 1890 1226 1913 eo
1245 1877 1331 1913 fidei
1350 1882 1465 1912 testes

354 1939 551 1983 invocans,
572 1941 751 1990 poculum
780 1941 967 1979 exhausit.
1024 1942 1101 1978 Hic
1132 1943 1217 1977 vitae
1246 1942 1369 1977 exitus
1394 1940 1469 1977 fuit

355 2002 608 2041 Hannibalis.

407 2066 500 2103 LII.
530 2068 749 2118 Scipionem
764 2075 802 2105 et
817 2068 1014 2118 Polybius,
1031 2075 1069 2105 et
1087 2068 1257 2105 Rutilius
1276 2068 1350 2104 hoc
1367 2080 1468 2104 anno

354 2138 546 2167 mortuum
569 2132 751 2169 scribunt.
807 2133 894 2182 Ego
911 2146 1033 2183 neque
1062 2134 1136 2176 his,
1164 2145 1286 2181 neque
1314 2131 1467 2168 Valerio

355 2193 571 2231 adsentior:
597 2196 670 2239 his,
697 2198 811 2245 quod,
829 2198 1048 2234 censoribus
1067 2197 1125 2233 M.
1142 2197 1293 2239 Porcio,
1319 2195 1367 2233 L.
1387 2195 1466 2232 Va-

355 2255 463 2300 lerio,
484 2260 692 2310 principem
712 2268 863 2298 senatus
893 2263 1016 2312 ipsum
1048 2261 1094 2298 L.
1111 2261 1302 2298 Valerium
1331 2272 1466 2297 censo-

349 2332 433 2357 :em
455 2321 594 2360 lectum
613 2324 766 2362 invenio
782 2342 793 2372 3
826 2338 940 2376 quum
970 2325 1225 2377 superioribus
1247 2323 1366 2362 tribus
1386 2322 1470 2372 lus-
