<?xml version="1.0" encoding="UTF-8"?>
<!DOCTYPE html PUBLIC "-//W3C//DTD XHTML 1.0 Transitional//EN"
    "http://www.w3.org/TR/xhtml1/DTD/xhtml1-transitional.dtd">
<html xmlns="http://www.w3.org/1999/xhtml" xml:lang="en" lang="en">
 <head>
  <title>
</title>
<meta http-equiv="Content-Type" content="text/html;charset=utf-8" />
  <meta name='ocr-system' content='tesseract 3.04.00' />
  <meta name='ocr-capabilities' content='ocr_page ocr_carea ocr_par ocr_line ocrx_word'/>
</head>
<body>
  <div class='ocr_page' id='page_1' title='image "./historiarumquaes04livyuoft/historiarumquaes04livyuoft_0103.png"; bbox 0 0 1546 2648; ppageno 0'>
   <div class='ocr_carea' id='block_1_1' title="bbox 294 151 1185 210">
    <p class='ocr_par' dir='ltr' id='par_1_1' title="bbox 294 151 1185 210">
     <span class='ocr_line' id='line_1_1' title="bbox 294 151 1185 210; baseline -0.004 -12"><span class='ocrx_word' id='word_1_1' title='bbox 294 168 450 198; x_wconf 68' lang='lat' dir='ltr'><strong><em>mmm</em></strong></span> <span class='ocrx_word' id='word_1_2' title='bbox 472 151 706 196; x_wconf 71' lang='lat' dir='ltr'><strong><em>xx&#39;xvru.</em></strong></span> <span class='ocrx_word' id='word_1_3' title='bbox 721 171 723 173; x_wconf 95' lang='lat'>·</span> <span class='ocrx_word' id='word_1_4' title='bbox 741 164 851 195; x_wconf 75' lang='lat' dir='ltr'><strong><em>cAP.</em></strong></span> <span class='ocrx_word' id='word_1_5' title='bbox 872 167 956 198; x_wconf 71' lang='lat' dir='ltr'><strong><em>xv.</em></strong></span> <span class='ocrx_word' id='word_1_6' title='bbox 1133 167 1185 210; x_wconf 82' lang='lat'><strong><em>93</em></strong></span> 
     </span>
    </p>
   </div>
   <div class='ocr_carea' id='block_1_2' title="bbox 69 254 1381 1200">
    <p class='ocr_par' dir='ltr' id='par_1_2' title="bbox 69 254 1381 1200">
     <span class='ocr_line' id='line_1_2' title="bbox 75 254 1381 311; baseline -0.002 -15"><span class='ocrx_word' id='word_1_7' title='bbox 75 264 209 311; x_wconf 81' lang='lat' dir='ltr'><strong><em>praeter</em></strong></span> <span class='ocrx_word' id='word_1_8' title='bbox 227 257 421 308; x_wconf 87' lang='lat' dir='ltr'>Cibyram,</span> <span class='ocrx_word' id='word_1_9' title='bbox 442 262 481 293; x_wconf 89' lang='lat' dir='ltr'><strong><em>et</em></strong></span> <span class='ocrx_word' id='word_1_10' title='bbox 499 255 666 306; x_wconf 89' lang='lat' dir='ltr'><strong><em>Syleum‚</em></strong></span> <span class='ocrx_word' id='word_1_11' title='bbox 687 261 726 292; x_wconf 90' lang='lat' dir='ltr'><strong><em>et</em></strong></span> <span class='ocrx_word' id='word_1_12' title='bbox 743 254 897 292; x_wconf 87' lang='lat' dir='ltr'><strong><em>Alimne</em></strong></span> <span class='ocrx_word' id='word_1_13' title='bbox 917 268 999 306; x_wconf 85' lang='lat' dir='ltr'><strong><em>quae</em></strong></span> <span class='ocrx_word' id='word_1_14' title='bbox 1019 254 1186 308; x_wconf 86' lang='lat' dir='ltr'><strong><em>adpella-</em></strong></span> <span class='ocrx_word' id='word_1_15' title='bbox 1199 267 1241 297; x_wconf 83' lang='lat' dir='ltr'><strong><em>U.</em></strong></span> <span class='ocrx_word' id='word_1_16' title='bbox 1255 267 1291 298; x_wconf 88' lang='lat' dir='ltr'><strong><em>c.</em></strong></span> <span class='ocrx_word' id='word_1_17' title='bbox 1307 272 1381 300; x_wconf 78' lang='lat'><strong>⁵63.</strong></span> 
     </span>
     <span class='ocr_line' id='line_1_3' title="bbox 76 310 1380 370; baseline -0.004 -9"><span class='ocrx_word' id='word_1_18' title='bbox 76 332 157 361; x_wconf 88' lang='lat' dir='ltr'><strong><em>tur:</em></strong></span> <span class='ocrx_word' id='word_1_19' title='bbox 187 336 234 360; x_wconf 88' lang='lat' dir='ltr'><strong><em>ex</em></strong></span> <span class='ocrx_word' id='word_1_20' title='bbox 252 323 326 366; x_wconf 84' lang='lat' dir='ltr'><strong><em>his,</em></strong></span> <span class='ocrx_word' id='word_1_21' title='bbox 348 329 390 359; x_wconf 91' lang='lat' dir='ltr'><strong><em>ut</em></strong></span> <span class='ocrx_word' id='word_1_22' title='bbox 419 335 460 359; x_wconf 90' lang='lat' dir='ltr'><strong><em>se</em></strong></span> <span class='ocrx_word' id='word_1_23' title='bbox 489 333 652 370; x_wconf 88' lang='lat' dir='ltr'><strong><em>suosque</em></strong></span> <span class='ocrx_word' id='word_1_24' title='bbox 672 320 866 370; x_wconf 87' lang='lat' dir='ltr'><strong><em>spoliaret,</em></strong></span> <span class='ocrx_word' id='word_1_25' title='bbox 888 321 1054 370; x_wconf 90' lang='lat' dir='ltr'><strong><em>quinque</em></strong></span> <span class='ocrx_word' id='word_1_26' title='bbox 1074 326 1111 357; x_wconf 89' lang='lat' dir='ltr'><strong><em>et</em></strong></span> <span class='ocrx_word' id='word_1_27' title='bbox 1130 322 1185 358; x_wconf 89' lang='lat' dir='ltr'><strong><em>vi·</em></strong></span> <span class='ocrx_word' id='word_1_28' title='bbox 1198 311 1240 342; x_wconf 76' lang='lat' dir='ltr'><strong><em>A·</em></strong></span> <span class='ocrx_word' id='word_1_29' title='bbox 1253 310 1290 342; x_wconf 83' lang='lat' dir='ltr'><strong><em>C·</em></strong></span> <span class='ocrx_word' id='word_1_30' title='bbox 1307 317 1380 344; x_wconf 79' lang='lat'>¹⁸⁹·</span> 
     </span>
     <span class='ocr_line' id='line_1_4' title="bbox 76 385 1185 439; baseline -0.005 -14"><span class='ocrx_word' id='word_1_31' title='bbox 76 389 172 439; x_wconf 83' lang='lat' dir='ltr'><strong><em>giuti</em></strong></span> <span class='ocrx_word' id='word_1_32' title='bbox 205 388 351 424; x_wconf 87' lang='lat' dir='ltr'><strong><em>talenta</em></strong></span> <span class='ocrx_word' id='word_1_33' title='bbox 387 400 426 423; x_wconf 90' lang='lat' dir='ltr'><strong><em>se</em></strong></span> <span class='ocrx_word' id='word_1_34' title='bbox 460 386 736 429; x_wconf 89' lang='lat' dir='ltr'><strong><em>confecturum,</em></strong></span> <span class='ocrx_word' id='word_1_35' title='bbox 770 397 889 436; x_wconf 83' lang='lat' dir='ltr'>prope</span> <span class='ocrx_word' id='word_1_36' title='bbox 925 391 968 421; x_wconf 87' lang='lat' dir='ltr'><strong><em>ut</em></strong></span> <span class='ocrx_word' id='word_1_37' title='bbox 1001 385 1185 428; x_wconf 87' lang='lat' dir='ltr'><strong><em>diffidens,</em></strong></span> 
     </span>
     <span class='ocr_line' id='line_1_5' title="bbox 75 448 1186 506; baseline -0.005 -16"><span class='ocrx_word' id='word_1_38' title='bbox 75 452 335 506; x_wconf 88' lang='lat' dir='ltr'>pollicebatur.</span> <span class='ocrx_word' id='word_1_39' title='bbox 391 453 598 495; x_wconf 83' lang='lat' dir='ltr'><strong><em>Enimvero,</em></strong></span> <span class='ocrx_word' id='word_1_40' title='bbox 616 451 740 500; x_wconf 90' lang='lat' dir='ltr'><strong><em>inquit</em></strong></span> <span class='ocrx_word' id='word_1_41' title='bbox 759 449 905 493; x_wconf 92' lang='lat' dir='ltr'><strong><em>consul,</em></strong></span> <span class='ocrx_word' id='word_1_42' title='bbox 916 449 1018 499; x_wconf 80' lang='lat' dir='ltr'><strong><em>ferri</em></strong></span> <span class='ocrx_word' id='word_1_43' title='bbox 1027 448 1108 496; x_wconf 82' lang='lat' dir='ltr'><strong><em>jam</em></strong></span> <span class='ocrx_word' id='word_1_44' title='bbox 1129 451 1186 486; x_wconf 65' lang='lat' dir='ltr'><strong><em>lic-2</em></strong></span> 
     </span>
     <span class='ocr_line' id='line_1_6' title="bbox 74 515 1185 569; baseline -0.005 -14"><span class='ocrx_word' id='word_1_45' title='bbox 74 519 229 569; x_wconf 66' lang='lat' dir='ltr'><strong><em>dificatio</em></strong></span> <span class='ocrx_word' id='word_1_46' title='bbox 248 520 316 555; x_wconf 77' lang='lat' dir='ltr'><strong><em>ista</em></strong></span> <span class='ocrx_word' id='word_1_47' title='bbox 331 530 401 554; x_wconf 84' lang='lat' dir='ltr'><strong><em>non</em></strong></span> <span class='ocrx_word' id='word_1_48' title='bbox 415 522 545 566; x_wconf 81' lang='lat' dir='ltr'><strong><em>potest.</em></strong></span> <span class='ocrx_word' id='word_1_49' title='bbox 601 518 742 553; x_wconf 82' lang='lat' dir='ltr'><strong><em>Parum</em></strong></span> <span class='ocrx_word' id='word_1_50' title='bbox 759 520 824 558; x_wconf 78' lang='lat' dir='ltr'><strong><em>est,</em></strong></span> <span class='ocrx_word' id='word_1_51' title='bbox 844 527 914 551; x_wconf 82' lang='lat' dir='ltr'><strong><em>non</em></strong></span> <span class='ocrx_word' id='word_1_52' title='bbox 933 516 1107 551; x_wconf 81' lang='lat' dir='ltr'><strong><em>erubuisse</em></strong></span> <span class='ocrx_word' id='word_1_53' title='bbox 1122 515 1185 550; x_wconf 85' lang='lat' dir='ltr'><strong><em>ab·</em></strong></span> 
     </span>
     <span class='ocr_line' id='line_1_7' title="bbox 71 580 1187 632; baseline -0.004 -12"><span class='ocrx_word' id='word_1_54' title='bbox 71 588 216 626; x_wconf 77' lang='lat' dir='ltr'><strong><em>sentem,</em></strong></span> <span class='ocrx_word' id='word_1_55' title='bbox 250 595 360 632; x_wconf 84' lang='lat' dir='ltr'><strong><em>quum</em></strong></span> <span class='ocrx_word' id='word_1_56' title='bbox 388 595 456 631; x_wconf 85' lang='lat' dir='ltr'><strong><em>per</em></strong></span> <span class='ocrx_word' id='word_1_57' title='bbox 489 583 625 629; x_wconf 87' lang='lat' dir='ltr'><strong><em>legatos</em></strong></span> <span class='ocrx_word' id='word_1_58' title='bbox 645 580 884 630; x_wconf 77' lang='lat' dir='ltr'><strong><em>frustrareris</em></strong></span> <span class='ocrx_word' id='word_1_59' title='bbox 919 592 982 616; x_wconf 81' lang='lat' dir='ltr'><strong><em>nos</em></strong></span> <span class='ocrx_word' id='word_1_60' title='bbox 995 596 1007 616; x_wconf 93' lang='lat'><em>:</em></span> <span class='ocrx_word' id='word_1_61' title='bbox 1031 591 1187 629; x_wconf 78' lang='lat' dir='ltr'><strong><em>praesens</em></strong></span> 
     </span>
     <span class='ocr_line' id='line_1_8' title="bbox 72 645 1186 698; baseline -0.004 -14"><span class='ocrx_word' id='word_1_62' title='bbox 72 660 208 698; x_wconf 80' lang='lat' dir='ltr'><strong><em>quoque</em></strong></span> <span class='ocrx_word' id='word_1_63' title='bbox 233 649 270 684; x_wconf 82' lang='lat' dir='ltr'><strong><em>in</em></strong></span> <span class='ocrx_word' id='word_1_64' title='bbox 294 649 418 685; x_wconf 82' lang='lat' dir='ltr'><strong><em>eadem</em></strong></span> <span class='ocrx_word' id='word_1_65' title='bbox 442 647 654 697; x_wconf 77' lang='lat' dir='ltr'><strong><em>inpudentia</em></strong></span> <span class='ocrx_word' id='word_1_66' title='bbox 668 647 838 694; x_wconf 75' lang='lat' dir='ltr'><strong><em>persistis.</em></strong></span> <span class='ocrx_word' id='word_1_67' title='bbox 898 645 1061 693; x_wconf 81' lang='lat' dir='ltr'><em>Quinque</em></span> <span class='ocrx_word' id='word_1_68' title='bbox 1079 650 1115 681; x_wconf 81' lang='lat' dir='ltr'><strong><em>et</em></strong></span> <span class='ocrx_word' id='word_1_69' title='bbox 1132 646 1186 681; x_wconf 80' lang='lat' dir='ltr'><strong><em>vi-</em></strong></span> 
     </span>
     <span class='ocr_line' id='line_1_9' title="bbox 69 711 1186 763; baseline -0.004 -13"><span class='ocrx_word' id='word_1_70' title='bbox 69 715 165 763; x_wconf 75' lang='lat' dir='ltr'><strong><em>giuti</em></strong></span> <span class='ocrx_word' id='word_1_71' title='bbox 179 714 314 750; x_wconf 82' lang='lat' dir='ltr'><strong><em>talenta</em></strong></span> <span class='ocrx_word' id='word_1_72' title='bbox 330 715 555 762; x_wconf 75' lang='lat' dir='ltr'><em>tyrannidem</em></span> <span class='ocrx_word' id='word_1_73' title='bbox 576 717 676 749; x_wconf 79' lang='lat' dir='ltr'><strong><em>tuam</em></strong></span> <span class='ocrx_word' id='word_1_74' title='bbox 696 712 960 748; x_wconf 74' lang='lat' dir='ltr'><strong><em>exhaurirent?</em></strong></span> <span class='ocrx_word' id='word_1_75' title='bbox 980 711 1186 759; x_wconf 80' lang='lat' dir='ltr'><strong><em>Quingenta</em></strong></span> 
     </span>
     <span class='ocr_line' id='line_1_10' title="bbox 72 777 1184 828; baseline -0.005 -12"><span class='ocrx_word' id='word_1_76' title='bbox 72 791 156 828; x_wconf 84' lang='lat' dir='ltr'><strong><em>ergo</em></strong></span> <span class='ocrx_word' id='word_1_77' title='bbox 175 780 309 816; x_wconf 81' lang='lat' dir='ltr'><strong><em>talenta</em></strong></span> <span class='ocrx_word' id='word_1_78' title='bbox 323 780 391 815; x_wconf 77' lang='lat' dir='ltr'><strong><em>nisi</em></strong></span> <span class='ocrx_word' id='word_1_79' title='bbox 408 779 529 815; x_wconf 80' lang='lat' dir='ltr'><strong><em>triduo</em></strong></span> <span class='ocrx_word' id='word_1_80' title='bbox 543 789 722 818; x_wconf 77' lang='lat' dir='ltr'><strong><em>numeras,</em></strong></span> <span class='ocrx_word' id='word_1_81' title='bbox 736 777 1005 825; x_wconf 78' lang='lat' dir='ltr'><strong><em>populationem</em></strong></span> <span class='ocrx_word' id='word_1_82' title='bbox 1020 777 1056 811; x_wconf 76' lang='lat' dir='ltr'><strong><em>in</em></strong></span> <span class='ocrx_word' id='word_1_83' title='bbox 1072 777 1184 824; x_wconf 79' lang='lat' dir='ltr'><strong><em>agris,</em></strong></span> 
     </span>
     <span class='ocr_line' id='line_1_11' title="bbox 74 839 1184 890; baseline -0.005 -10"><span class='ocrx_word' id='word_1_84' title='bbox 74 843 284 880; x_wconf 78' lang='lat' dir='ltr'><strong><em>obsidionem</em></strong></span> <span class='ocrx_word' id='word_1_85' title='bbox 304 845 341 879; x_wconf 81' lang='lat' dir='ltr'><strong><em>in</em></strong></span> <span class='ocrx_word' id='word_1_86' title='bbox 360 842 445 879; x_wconf 84' lang='lat' dir='ltr'><strong><em>urbe</em></strong></span> <span class='ocrx_word' id='word_1_87' title='bbox 463 846 637 890; x_wconf 65' lang='lat' dir='ltr'><strong><em>exspecta.</em></strong></span> <span class='ocrx_word' id='word_1_88' title='bbox 671 840 758 876; x_wconf 87' lang='lat' dir='ltr'><strong><em>Hac</em></strong></span> <span class='ocrx_word' id='word_1_89' title='bbox 778 839 1071 876; x_wconf 85' lang='lat' dir='ltr'>denunciatione</span> <span class='ocrx_word' id='word_1_90' title='bbox 1091 851 1184 875; x_wconf 88' lang='lat' dir='ltr'><strong><em>con-</em></strong></span> 
     </span>
     <span class='ocr_line' id='line_1_12' title="bbox 70 902 1183 957; baseline -0.004 -15"><span class='ocrx_word' id='word_1_91' title='bbox 70 907 236 950; x_wconf 88' lang='lat' dir='ltr'><strong><em>territus,</em></strong></span> <span class='ocrx_word' id='word_1_92' title='bbox 256 912 424 957; x_wconf 87' lang='lat' dir='ltr'><strong><em>perstare</em></strong></span> <span class='ocrx_word' id='word_1_93' title='bbox 443 915 573 942; x_wconf 86' lang='lat' dir='ltr'><strong><em>tamen</em></strong></span> <span class='ocrx_word' id='word_1_94' title='bbox 592 905 631 940; x_wconf 84' lang='lat' dir='ltr'><strong><em>in</em></strong></span> <span class='ocrx_word' id='word_1_95' title='bbox 657 903 842 954; x_wconf 83' lang='lat' dir='ltr'><strong><em>pertinaci</em></strong></span> <span class='ocrx_word' id='word_1_96' title='bbox 862 902 1105 939; x_wconf 83' lang='lat' dir='ltr'><strong><em>simulatione</em></strong></span> <span class='ocrx_word' id='word_1_97' title='bbox 1123 903 1183 939; x_wconf 90' lang='lat' dir='ltr'><strong><em>in-</em></strong></span> 
     </span>
     <span class='ocr_line' id='line_1_13' title="bbox 72 966 1184 1022; baseline -0.004 -14"><span class='ocrx_word' id='word_1_98' title='bbox 72 972 187 1022; x_wconf 84' lang='lat' dir='ltr'><strong><em>opiae:</em></strong></span> <span class='ocrx_word' id='word_1_99' title='bbox 220 977 258 1007; x_wconf 89' lang='lat' dir='ltr'><strong><em>et</em></strong></span> <span class='ocrx_word' id='word_1_100' title='bbox 285 971 484 1022; x_wconf 88' lang='lat' dir='ltr'><strong>paullatim</strong></span> <span class='ocrx_word' id='word_1_101' title='bbox 511 967 700 1006; x_wconf 83' lang='lat' dir='ltr'><strong><em>inliberali</em></strong></span> <span class='ocrx_word' id='word_1_102' title='bbox 729 966 956 1018; x_wconf 72' lang='lat' dir='ltr'><strong><em>adJectione,</em></strong></span> <span class='ocrx_word' id='word_1_103' title='bbox 985 980 1087 1004; x_wconf 89' lang='lat' dir='ltr'><strong><em>nunc</em></strong></span> <span class='ocrx_word' id='word_1_104' title='bbox 1115 979 1184 1018; x_wconf 89' lang='lat' dir='ltr'><strong><em>per</em></strong></span> 
     </span>
     <span class='ocr_line' id='line_1_14' title="bbox 70 1030 1181 1085; baseline -0.004 -14"><span class='ocrx_word' id='word_1_105' title='bbox 70 1034 361 1079; x_wconf 84' lang='lat' dir='ltr'><strong><em>cavillationem,</em></strong></span> <span class='ocrx_word' id='word_1_106' title='bbox 382 1038 483 1071; x_wconf 77' lang='lat' dir='ltr'><strong><em>nunc</em></strong></span> <span class='ocrx_word' id='word_1_107' title='bbox 511 1032 685 1085; x_wconf 86' lang='lat' dir='ltr'><strong><em>precibus</em></strong></span> <span class='ocrx_word' id='word_1_108' title='bbox 715 1037 753 1068; x_wconf 89' lang='lat' dir='ltr'><strong><em>et</em></strong></span> <span class='ocrx_word' id='word_1_109' title='bbox 782 1031 966 1068; x_wconf 85' lang='lat' dir='ltr'><strong><em>simulatis</em></strong></span> <span class='ocrx_word' id='word_1_110' title='bbox 989 1030 1181 1081; x_wconf 77' lang='lat' dir='ltr'><strong><em>lacrymis,</em></strong></span> 
     </span>
     <span class='ocr_line' id='line_1_15' title="bbox 72 1096 1183 1148; baseline -0.004 -12"><span class='ocrx_word' id='word_1_111' title='bbox 72 1100 119 1136; x_wconf 86' lang='lat' dir='ltr'><strong><em>ad</em></strong></span> <span class='ocrx_word' id='word_1_112' title='bbox 155 1106 306 1136; x_wconf 88' lang='lat' dir='ltr'><strong><em>centum</em></strong></span> <span class='ocrx_word' id='word_1_113' title='bbox 341 1099 487 1135; x_wconf 85' lang='lat' dir='ltr'><strong><em>talenta</em></strong></span> <span class='ocrx_word' id='word_1_114' title='bbox 519 1104 577 1134; x_wconf 88' lang='lat' dir='ltr'><strong><em>est</em></strong></span> <span class='ocrx_word' id='word_1_115' title='bbox 609 1097 832 1148; x_wconf 83' lang='lat' dir='ltr'><strong><em>perductus:</em></strong></span> <span class='ocrx_word' id='word_1_116' title='bbox 869 1096 1016 1148; x_wconf 82' lang='lat' dir='ltr'><strong><em>adjecta</em></strong></span> <span class='ocrx_word' id='word_1_117' title='bbox 1053 1097 1183 1133; x_wconf 86' lang='lat' dir='ltr'><strong><em>decem</em></strong></span> 
     </span>
     <span class='ocr_line' id='line_1_16' title="bbox 72 1160 1183 1200; baseline -0.001 -1"><span class='ocrx_word' id='word_1_118' title='bbox 72 1162 188 1200; x_wconf 89' lang='lat' dir='ltr'><strong><em>millia</em></strong></span> <span class='ocrx_word' id='word_1_119' title='bbox 207 1162 441 1199; x_wconf 65' lang='lat' dir='ltr'><strong><em>medimnum</em></strong></span> <span class='ocrx_word' id='word_1_120' title='bbox 468 1161 662 1199; x_wconf 83' lang='lat' dir='ltr'><strong><em>frumenti.</em></strong></span> <span class='ocrx_word' id='word_1_121' title='bbox 718 1160 814 1197; x_wconf 85' lang='lat' dir='ltr'><strong><em>Haec</em></strong></span> <span class='ocrx_word' id='word_1_122' title='bbox 835 1161 964 1197; x_wconf 88' lang='lat' dir='ltr'><strong><em>omnia</em></strong></span> <span class='ocrx_word' id='word_1_123' title='bbox 990 1161 1090 1197; x_wconf 80' lang='lat' dir='ltr'><strong><em>intra</em></strong></span> <span class='ocrx_word' id='word_1_124' title='bbox 1116 1173 1183 1198; x_wconf 80' lang='lat' dir='ltr'><strong><em>sex</em></strong></span> 
     </span>
    </p>
   </div>
   <div class='ocr_carea' id='block_1_3' title="bbox 70 1226 1181 1340">
    <p class='ocr_par' dir='ltr' id='par_1_3' title="bbox 70 1226 1181 1340">
     <span class='ocr_line' id='line_1_17' title="bbox 70 1226 310 1263; baseline -0.004 0"><span class='ocrx_word' id='word_1_125' title='bbox 70 1226 147 1263; x_wconf 87' lang='lat' dir='ltr'><strong><em>dies</em></strong></span> <span class='ocrx_word' id='word_1_126' title='bbox 165 1233 310 1263; x_wconf 89' lang='lat' dir='ltr'><strong><em>exacta.</em></strong></span> 
     </span>
     <span class='ocr_line' id='line_1_18' title="bbox 120 1287 1181 1340; baseline -0.002 -14"><span class='ocrx_word' id='word_1_127' title='bbox 120 1289 209 1326; x_wconf 92' lang='lat' dir='ltr'><strong><em>XV.</em></strong></span> <span class='ocrx_word' id='word_1_128' title='bbox 237 1291 275 1326; x_wconf 96' lang='lat' dir='ltr'><strong>A</strong></span> <span class='ocrx_word' id='word_1_129' title='bbox 309 1289 450 1339; x_wconf 88' lang='lat' dir='ltr'><strong><em>Cibyra</em></strong></span> <span class='ocrx_word' id='word_1_130' title='bbox 482 1301 550 1340; x_wconf 88' lang='lat' dir='ltr'><strong><em>per</em></strong></span> <span class='ocrx_word' id='word_1_131' title='bbox 577 1300 689 1337; x_wconf 85' lang='lat' dir='ltr'><strong><em>agros</em></strong></span> <span class='ocrx_word' id='word_1_132' title='bbox 720 1287 962 1324; x_wconf 85' lang='lat' dir='ltr'><strong><em>Sindensium</em></strong></span> <span class='ocrx_word' id='word_1_133' title='bbox 994 1289 1181 1325; x_wconf 81' lang='lat' dir='ltr'><strong><em>exercitus</em></strong></span> 
     </span>
    </p>
   </div>
   <div class='ocr_carea' id='block_1_4' title="bbox 53 1351 1231 2379">
    <p class='ocr_par' dir='ltr' id='par_1_4' title="bbox 53 1351 1231 2379">
     <span class='ocr_line' id='line_1_19' title="bbox 68 1351 1183 1402; baseline -0.001 -12"><span class='ocrx_word' id='word_1_134' title='bbox 68 1354 214 1397; x_wconf 84' lang='lat' dir='ltr'><strong><em>ductus,</em></strong></span> <span class='ocrx_word' id='word_1_135' title='bbox 252 1360 584 1402; x_wconf 85' lang='lat' dir='ltr'><strong><em>transgressusque</em></strong></span> <span class='ocrx_word' id='word_1_136' title='bbox 621 1351 822 1387; x_wconf 86' lang='lat' dir='ltr'><strong><em>Caularem</em></strong></span> <span class='ocrx_word' id='word_1_137' title='bbox 857 1363 1020 1395; x_wconf 86' lang='lat' dir='ltr'><strong><em>amnem,</em></strong></span> <span class='ocrx_word' id='word_1_138' title='bbox 1053 1353 1183 1402; x_wconf 82' lang='lat' dir='ltr'><strong><em>posuit</em></strong></span> 
     </span>
     <span class='ocr_line' id='line_1_20' title="bbox 69 1415 1183 1467; baseline -0.001 -12"><span class='ocrx_word' id='word_1_139' title='bbox 69 1423 201 1455; x_wconf 85' lang='lat' dir='ltr'><strong><em>castra.</em></strong></span> <span class='ocrx_word' id='word_1_140' title='bbox 255 1417 418 1455; x_wconf 85' lang='lat' dir='ltr'><strong><em>Postero</em></strong></span> <span class='ocrx_word' id='word_1_141' title='bbox 448 1417 508 1454; x_wconf 90' lang='lat' dir='ltr'><strong><em>die</em></strong></span> <span class='ocrx_word' id='word_1_142' title='bbox 537 1423 594 1453; x_wconf 86' lang='lat' dir='ltr'><strong><em>est</em></strong></span> <span class='ocrx_word' id='word_1_143' title='bbox 622 1423 760 1467; x_wconf 66' lang='lat' dir='ltr'><strong><em>praeter</em></strong></span> <span class='ocrx_word' id='word_1_144' title='bbox 791 1415 975 1452; x_wconf 79' lang='lat' dir='ltr'><strong><em>Caralitin</em></strong></span> <span class='ocrx_word' id='word_1_145' title='bbox 1005 1417 1183 1466; x_wconf 83' lang='lat' dir='ltr'><strong><em>paludem</em></strong></span> 
     </span>
     <span class='ocr_line' id='line_1_21' title="bbox 70 1479 1181 1532; baseline -0.003 -13"><span class='ocrx_word' id='word_1_146' title='bbox 70 1495 204 1532; x_wconf 81' lang='lat' dir='ltr'><strong><em>agmen</em></strong></span> <span class='ocrx_word' id='word_1_147' title='bbox 223 1482 400 1519; x_wconf 87' lang='lat' dir='ltr'><strong><em>ductum:</em></strong></span> <span class='ocrx_word' id='word_1_148' title='bbox 433 1482 480 1518; x_wconf 90' lang='lat' dir='ltr'><strong><em>ad</em></strong></span> <span class='ocrx_word' id='word_1_149' title='bbox 505 1479 794 1531; x_wconf 86' lang='lat' dir='ltr'><strong><em>Mandropolim</em></strong></span> <span class='ocrx_word' id='word_1_150' title='bbox 819 1487 1062 1517; x_wconf 85' lang='lat' dir='ltr'><strong><em>manserunt:</em></strong></span> <span class='ocrx_word' id='word_1_151' title='bbox 1095 1481 1181 1517; x_wconf 84' lang='lat' dir='ltr'><strong><em>inde</em></strong></span> 
     </span>
     <span class='ocr_line' id='line_1_22' title="bbox 67 1544 1181 1598; baseline -0.001 -15"><span class='ocrx_word' id='word_1_152' title='bbox 67 1546 392 1598; x_wconf 86' lang='lat' dir='ltr'><strong><em>progredientibus</em></strong></span> <span class='ocrx_word' id='word_1_153' title='bbox 420 1546 468 1582; x_wconf 88' lang='lat' dir='ltr'><strong><em>ad</em></strong></span> <span class='ocrx_word' id='word_1_154' title='bbox 495 1545 648 1593; x_wconf 80' lang='lat' dir='ltr'><strong><em>Lagon,</em></strong></span> <span class='ocrx_word' id='word_1_155' title='bbox 676 1545 889 1595; x_wconf 84' lang='lat' dir='ltr'><strong><em>proximam</em></strong></span> <span class='ocrx_word' id='word_1_156' title='bbox 909 1544 1055 1588; x_wconf 86' lang='lat' dir='ltr'><strong><em>urbem,</em></strong></span> <span class='ocrx_word' id='word_1_157' title='bbox 1076 1551 1181 1582; x_wconf 83' lang='lat' dir='ltr'><strong><em>metu</em></strong></span> 
     </span>
     <span class='ocr_line' id='line_1_23' title="bbox 66 1610 1180 1660; baseline 0.002 -13"><span class='ocrx_word' id='word_1_158' title='bbox 66 1610 199 1648; x_wconf 81' lang='lat' dir='ltr'><strong><em>incolae</em></strong></span> <span class='ocrx_word' id='word_1_159' title='bbox 219 1610 410 1660; x_wconf 81' lang='lat' dir='ltr'><strong><em>fugerunt.</em></strong></span> <span class='ocrx_word' id='word_1_160' title='bbox 467 1611 641 1648; x_wconf 88' lang='lat' dir='ltr'><strong><em>Vacuum</em></strong></span> <span class='ocrx_word' id='word_1_161' title='bbox 669 1611 904 1655; x_wconf 86' lang='lat' dir='ltr'><strong><em>hominibus,</em></strong></span> <span class='ocrx_word' id='word_1_162' title='bbox 932 1618 970 1648; x_wconf 88' lang='lat' dir='ltr'><strong><em>et</em></strong></span> <span class='ocrx_word' id='word_1_163' title='bbox 998 1611 1180 1649; x_wconf 85' lang='lat' dir='ltr'><strong><em>refertum</em></strong></span> 
     </span>
     <span class='ocr_line' id='line_1_24' title="bbox 64 1676 1178 1728; baseline 0.003 -17"><span class='ocrx_word' id='word_1_164' title='bbox 64 1687 187 1712; x_wconf 88' lang='lat' dir='ltr'><strong><em>rerum</em></strong></span> <span class='ocrx_word' id='word_1_165' title='bbox 218 1677 388 1712; x_wconf 87' lang='lat' dir='ltr'><strong><em>omnium</em></strong></span> <span class='ocrx_word' id='word_1_166' title='bbox 418 1677 543 1726; x_wconf 87' lang='lat' dir='ltr'><strong><em>copia,</em></strong></span> <span class='ocrx_word' id='word_1_167' title='bbox 583 1676 764 1727; x_wconf 89' lang='lat' dir='ltr'><strong><em>oppidum</em></strong></span> <span class='ocrx_word' id='word_1_168' title='bbox 799 1677 1057 1728; x_wconf 85' lang='lat' dir='ltr'><strong><em>diripuerunt:</em></strong></span> <span class='ocrx_word' id='word_1_169' title='bbox 1089 1677 1178 1714; x_wconf 89' lang='lat' dir='ltr'><strong><em>inde</em></strong></span> 
     </span>
     <span class='ocr_line' id='line_1_25' title="bbox 67 1739 1179 1792; baseline 0.002 -15"><span class='ocrx_word' id='word_1_170' title='bbox 67 1739 114 1777; x_wconf 84' lang='lat' dir='ltr'><strong><em>ab</em></strong></span> <span class='ocrx_word' id='word_1_171' title='bbox 133 1739 242 1790; x_wconf 89' lang='lat' dir='ltr'><strong><em>Lysis</em></strong></span> <span class='ocrx_word' id='word_1_172' title='bbox 270 1741 435 1778; x_wconf 87' lang='lat' dir='ltr'><strong><em>fluminis</em></strong></span> <span class='ocrx_word' id='word_1_173' title='bbox 461 1741 584 1785; x_wconf 83' lang='lat' dir='ltr'><strong><em>fonte,</em></strong></span> <span class='ocrx_word' id='word_1_174' title='bbox 604 1747 760 1792; x_wconf 87' lang='lat' dir='ltr'><strong><em>postero</em></strong></span> <span class='ocrx_word' id='word_1_175' title='bbox 790 1741 849 1777; x_wconf 83' lang='lat' dir='ltr'><strong><em>die</em></strong></span> <span class='ocrx_word' id='word_1_176' title='bbox 879 1742 927 1777; x_wconf 88' lang='lat' dir='ltr'><strong><em>ad</em></strong></span> <span class='ocrx_word' id='word_1_177' title='bbox 947 1741 1179 1779; x_wconf 83' lang='lat' dir='ltr'><strong><em>Cobulatum</em></strong></span> 
     </span>
     <span class='ocr_line' id='line_1_26' title="bbox 67 1806 1231 1858; baseline 0.003 -17"><span class='ocrx_word' id='word_1_178' title='bbox 67 1817 214 1842; x_wconf 85' lang='lat' dir='ltr'><strong><em>amnem</em></strong></span> <span class='ocrx_word' id='word_1_179' title='bbox 231 1806 434 1858; x_wconf 86' lang='lat' dir='ltr'><strong><em>progressi.</em></strong></span> <span class='ocrx_word' id='word_1_180' title='bbox 490 1806 777 1843; x_wconf 84' lang='lat' dir='ltr'><strong><em>Termessenses</em></strong></span> <span class='ocrx_word' id='word_1_181' title='bbox 799 1819 843 1842; x_wconf 83' lang='lat' dir='ltr'><strong><em>eo</em></strong></span> <span class='ocrx_word' id='word_1_182' title='bbox 864 1812 1034 1856; x_wconf 86' lang='lat' dir='ltr'><strong><em>tempore</em></strong></span> <span class='ocrx_word' id='word_1_183' title='bbox 1051 1806 1177 1843; x_wconf 76' lang='lat' dir='ltr'><strong><em>Ision·</em></strong></span> <span class='ocrx_word' id='word_1_184' title='bbox 1224 1840 1231 1845; x_wconf 37' lang='lat' dir='ltr'><strong><em>s</em></strong></span> 
     </span>
     <span class='ocr_line' id='line_1_27' title="bbox 65 1868 1173 1920; baseline 0.002 -15"><span class='ocrx_word' id='word_1_185' title='bbox 65 1868 233 1905; x_wconf 87' lang='lat' dir='ltr'><strong><em>densium</em></strong></span> <span class='ocrx_word' id='word_1_186' title='bbox 261 1882 398 1912; x_wconf 87' lang='lat' dir='ltr'><strong><em>arcem,</em></strong></span> <span class='ocrx_word' id='word_1_187' title='bbox 420 1869 513 1906; x_wconf 87' lang='lat' dir='ltr'><strong><em>urbe</em></strong></span> <span class='ocrx_word' id='word_1_188' title='bbox 543 1877 666 1920; x_wconf 78' lang='lat' dir='ltr'><strong><em>capta,</em></strong></span> <span class='ocrx_word' id='word_1_189' title='bbox 690 1870 989 1920; x_wconf 59' lang='lat' dir='ltr'><strong><em>obpugnabaut:</em></strong></span> <span class='ocrx_word' id='word_1_190' title='bbox 1022 1870 1173 1914; x_wconf 83' lang='lat' dir='ltr'><strong><em>inclusi,</em></strong></span> 
     </span>
     <span class='ocr_line' id='line_1_28' title="bbox 66 1932 1176 1985; baseline 0.003 -18"><span class='ocrx_word' id='word_1_191' title='bbox 66 1944 181 1982; x_wconf 86' lang='lat' dir='ltr'><strong><em>quum</em></strong></span> <span class='ocrx_word' id='word_1_192' title='bbox 199 1932 272 1970; x_wconf 88' lang='lat' dir='ltr'><strong><em>alia</em></strong></span> <span class='ocrx_word' id='word_1_193' title='bbox 290 1946 373 1985; x_wconf 83' lang='lat' dir='ltr'><strong><em>spes</em></strong></span> <span class='ocrx_word' id='word_1_194' title='bbox 396 1933 527 1971; x_wconf 76' lang='lat' dir='ltr'><strong><em>auxilii</em></strong></span> <span class='ocrx_word' id='word_1_195' title='bbox 546 1934 651 1971; x_wconf 80' lang='lat' dir='ltr'><strong><em>nulla</em></strong></span> <span class='ocrx_word' id='word_1_196' title='bbox 670 1941 782 1978; x_wconf 56' lang='lat' dir='ltr'><strong><em>esset,</em></strong></span> <span class='ocrx_word' id='word_1_197' title='bbox 804 1934 950 1983; x_wconf 81' lang='lat' dir='ltr'><strong><em>legatos</em></strong></span> <span class='ocrx_word' id='word_1_198' title='bbox 972 1934 1018 1970; x_wconf 82' lang='lat' dir='ltr'><strong><em>ad</em></strong></span> <span class='ocrx_word' id='word_1_199' title='bbox 1038 1947 1176 1972; x_wconf 83' lang='lat' dir='ltr'><strong><em>consu-</em></strong></span> 
     </span>
     <span class='ocr_line' id='line_1_29' title="bbox 65 1998 1176 2050; baseline 0.004 -15"><span class='ocrx_word' id='word_1_200' title='bbox 65 1998 152 2041; x_wconf 82' lang='lat' dir='ltr'><strong><em>lem,</em></strong></span> <span class='ocrx_word' id='word_1_201' title='bbox 171 2004 317 2035; x_wconf 83' lang='lat' dir='ltr'><strong><em>orantes</em></strong></span> <span class='ocrx_word' id='word_1_202' title='bbox 339 2012 464 2050; x_wconf 84' lang='lat' dir='ltr'><strong><em>opem,</em></strong></span> <span class='ocrx_word' id='word_1_203' title='bbox 486 2001 688 2037; x_wconf 84' lang='lat' dir='ltr'><strong><em>miserunt:</em></strong></span> <span class='ocrx_word' id='word_1_204' title='bbox 713 2013 791 2037; x_wconf 60' lang='lat' dir='ltr'><strong><em>calm</em></strong></span> <span class='ocrx_word' id='word_1_205' title='bbox 813 2000 1017 2049; x_wconf 67' lang='lat' dir='ltr'><strong><em>conjugibus</em></strong></span> <span class='ocrx_word' id='word_1_206' title='bbox 1031 2014 1074 2038; x_wconf 77' lang='lat' dir='ltr'><strong><em>ac</em></strong></span> <span class='ocrx_word' id='word_1_207' title='bbox 1090 2001 1176 2039; x_wconf 74' lang='lat' dir='ltr'><strong><em>libe-</em></strong></span> 
     </span>
     <span class='ocr_line' id='line_1_30' title="bbox 63 2064 1176 2114; baseline 0.002 -14"><span class='ocrx_word' id='word_1_208' title='bbox 63 2064 112 2100; x_wconf 79' lang='lat' dir='ltr'><strong><em>ris</em></strong></span> <span class='ocrx_word' id='word_1_209' title='bbox 139 2064 177 2101; x_wconf 78' lang='lat' dir='ltr'><strong><em>in</em></strong></span> <span class='ocrx_word' id='word_1_210' title='bbox 203 2076 283 2101; x_wconf 85' lang='lat' dir='ltr'><strong><em>arce</em></strong></span> <span class='ocrx_word' id='word_1_211' title='bbox 307 2066 460 2101; x_wconf 74' lang='lat' dir='ltr'><strong><em>inclusos</em></strong></span> <span class='ocrx_word' id='word_1_212' title='bbox 486 2079 522 2102; x_wconf 79' lang='lat' dir='ltr'><strong><em>se</em></strong></span> <span class='ocrx_word' id='word_1_213' title='bbox 552 2072 699 2101; x_wconf 66' lang='lat' dir='ltr'><strong><em>mortem</em></strong></span> <span class='ocrx_word' id='word_1_214' title='bbox 726 2068 759 2101; x_wconf 80' lang='lat' dir='ltr'><strong><em>in</em></strong></span> <span class='ocrx_word' id='word_1_215' title='bbox 789 2067 876 2108; x_wconf 76' lang='lat' dir='ltr'><strong><em>dies,</em></strong></span> <span class='ocrx_word' id='word_1_216' title='bbox 897 2071 962 2101; x_wconf 73' lang='lat' dir='ltr'><strong><em>aut</em></strong></span> <span class='ocrx_word' id='word_1_217' title='bbox 982 2065 1092 2114; x_wconf 77' lang='lat' dir='ltr'><strong><em>ferro</em></strong></span> <span class='ocrx_word' id='word_1_218' title='bbox 1111 2071 1176 2105; x_wconf 61' lang='lat' dir='ltr'><strong><em>aut</em></strong></span> 
     </span>
     <span class='ocr_line' id='line_1_31' title="bbox 53 2127 1175 2179; baseline 0.006 -17"><span class='ocrx_word' id='word_1_219' title='bbox 53 2127 161 2178; x_wconf 79' lang='lat' dir='ltr'><strong><em>fame</em></strong></span> <span class='ocrx_word' id='word_1_220' title='bbox 181 2130 402 2176; x_wconf 74' lang='lat' dir='ltr'><strong><em>patiendam,</em></strong></span> <span class='ocrx_word' id='word_1_221' title='bbox 423 2136 635 2179; x_wconf 76' lang='lat' dir='ltr'><strong><em>exspectare.</em></strong></span> <span class='ocrx_word' id='word_1_222' title='bbox 694 2130 849 2166; x_wconf 83' lang='lat' dir='ltr'><strong><em>Volenti</em></strong></span> <span class='ocrx_word' id='word_1_223' title='bbox 875 2130 1021 2169; x_wconf 89' lang='lat' dir='ltr'><strong><em>consuli</em></strong></span> <span class='ocrx_word' id='word_1_224' title='bbox 1043 2143 1175 2169; x_wconf 80' lang='lat' dir='ltr'><strong><em>caussa</em></strong></span> 
     </span>
     <span class='ocr_line' id='line_1_32' title="bbox 62 2191 1174 2244; baseline 0.004 -16"><span class='ocrx_word' id='word_1_225' title='bbox 62 2192 102 2228; x_wconf 89' lang='lat' dir='ltr'><strong><em>in</em></strong></span> <span class='ocrx_word' id='word_1_226' title='bbox 121 2191 380 2244; x_wconf 84' lang='lat' dir='ltr'><strong><em>Pamphyliam</em></strong></span> <span class='ocrx_word' id='word_1_227' title='bbox 401 2196 610 2235; x_wconf 78' lang='lat' dir='ltr'><strong><em>divertendi</em></strong></span> <span class='ocrx_word' id='word_1_228' title='bbox 630 2194 761 2233; x_wconf 83' lang='lat' dir='ltr'><strong><em>oblata</em></strong></span> <span class='ocrx_word' id='word_1_229' title='bbox 777 2201 833 2231; x_wconf 86' lang='lat' dir='ltr'><strong><em>est</em></strong></span> <span class='ocrx_word' id='word_1_230' title='bbox 850 2211 856 2232; x_wconf 77' lang='grc' dir='ltr'><strong><em>ι</em></strong></span> <span class='ocrx_word' id='word_1_231' title='bbox 881 2195 1083 2232; x_wconf 78' lang='lat' dir='ltr'><strong><em>adveniens</em></strong></span> <span class='ocrx_word' id='word_1_232' title='bbox 1104 2195 1174 2233; x_wconf 81' lang='lat' dir='ltr'><strong><em>ob·</em></strong></span> 
     </span>
     <span class='ocr_line' id='line_1_33' title="bbox 61 2255 1172 2311; baseline 0.005 -20"><span class='ocrx_word' id='word_1_233' title='bbox 61 2255 205 2292; x_wconf 80' lang='lat' dir='ltr'><strong><em>sidione</em></strong></span> <span class='ocrx_word' id='word_1_234' title='bbox 225 2257 463 2299; x_wconf 85' lang='lat' dir='ltr'><strong><em>Isiondenses</em></strong></span> <span class='ocrx_word' id='word_1_235' title='bbox 485 2261 637 2298; x_wconf 79' lang='lat' dir='ltr'><strong><em>exemit.</em></strong></span> <span class='ocrx_word' id='word_1_236' title='bbox 681 2260 884 2299; x_wconf 81' lang='lat' dir='ltr'><strong><em>Termesso</em></strong></span> <span class='ocrx_word' id='word_1_237' title='bbox 904 2273 1035 2311; x_wconf 79' lang='lat' dir='ltr'><strong><em>pacem</em></strong></span> <span class='ocrx_word' id='word_1_238' title='bbox 1057 2260 1172 2304; x_wconf 82' lang='lat' dir='ltr'><strong><em>dedit,</em></strong></span> 
     </span>
     <span class='ocr_line' id='line_1_34' title="bbox 62 2320 1174 2379; baseline 0.004 -18"><span class='ocrx_word' id='word_1_239' title='bbox 62 2320 331 2376; x_wconf 82' lang='lat' dir='ltr'><strong><em>quinquaginta</em></strong></span> <span class='ocrx_word' id='word_1_240' title='bbox 350 2324 503 2364; x_wconf 86' lang='lat' dir='ltr'><strong><em>talentis</em></strong></span> <span class='ocrx_word' id='word_1_241' title='bbox 525 2326 674 2379; x_wconf 78' lang='lat' dir='ltr'><strong><em>argenti</em></strong></span> <span class='ocrx_word' id='word_1_242' title='bbox 694 2326 880 2379; x_wconf 83' lang='lat' dir='ltr'><strong><em>acceptis:</em></strong></span> <span class='ocrx_word' id='word_1_243' title='bbox 912 2326 1005 2365; x_wconf 86' lang='lat' dir='ltr'><strong><em>item</em></strong></span> <span class='ocrx_word' id='word_1_244' title='bbox 1024 2326 1174 2378; x_wconf 76' lang='lat' dir='ltr'><strong><em>Aspen·</em></strong></span> 
     </span>
    </p>
   </div>
  </div>
 </body>
</html>
