1546 2648
327 166 485 197 LIBER
509 163 713 194 XXXVII.
746 163 854 194 CAP.
876 163 1047 194 XXVII.
1192 162 1246 207 33

132 259 346 296 certamInis
374 257 570 294 fortunam
597 256 728 298 misso,
748 255 829 305 ipse
857 255 985 305 copias
1013 254 1061 291 ad
1082 253 1244 290 Notium
1261 259 1351 290 U.C.
1369 263 1446 290 562.

132 322 257 359 ducit:
304 323 342 358 id
374 320 556 372 oppidum
587 319 886 368 Colophonium,
918 319 1012 353 mari
1041 319 1244 360 inminens,
1258 305 1298 333 A·
1314 303 1351 334 C·
1370 308 1440 335 ¹9⁰·

131 387 239 425 abest
257 401 278 424 a
293 393 419 424 vetere
437 385 664 435 Colophone
681 383 756 419 duo
773 383 890 419 ferme
907 382 1024 419 millia
1041 395 1217 433 passuum
1235 397 1243 418 z

130 459 169 489 et
196 454 316 503 ipsam
346 451 478 488 urbem
507 462 583 486 suae
613 461 694 484 esse
723 449 925 498 potestatis
953 447 1120 491 volebat,
1151 447 1246 483 adeo

128 517 382 568 propinquam
410 514 581 565 Epheso,
606 519 649 548 ut
677 512 774 548 nihil
803 518 904 548 terra
932 513 1072 548 marive
1101 518 1245 561 ageret,

131 581 232 630 quod
257 593 334 616 non
358 577 572 629 subjectum
601 576 719 613 oculis
742 575 1088 627 Colophoniorum,
1110 589 1153 612 ae
1180 587 1247 625 per

130 657 193 680 eos
225 650 358 680 notum
388 641 580 692 extemplo
609 640 796 677 Romanis
827 647 949 677 esset:
983 653 1093 690 quo&
1115 640 1247 677 audita

129 708 343 751 obsidione,
363 719 443 743 non
472 705 672 742 dubitabat
699 705 746 742 ad
769 717 880 755 opem
910 704 1102 741 ferendam
1132 704 1245 740 soeiae

127 773 213 809 urbi
248 772 405 809 classem
437 785 460 808 a
495 771 608 807 Samo
643 777 839 809 moturos:
887 783 968 806 eam
1003 770 1246 806 occasionem

127 836 369 886 Polyxenidae
395 837 440 872 ad
469 849 546 871 rem
574 836 779 884 gerendam
805 834 898 871 fore.
957 834 1094 883 Igitur,
1119 834 1244 884 operi-

127 902 198 939 bus
221 902 443 953 obpugnare
470 900 602 937 urbem
628 899 841 948 adgressus,
865 905 901 934 et
928 899 974 935 ad
1001 911 1102 935 mare
1124 896 1419 949 parti-C0109h0·

128 966 198 1003 bus
219 966 362 1003 duabus
383 966 525 1017 pariter
551 962 828 1000 munitionibus
849 963 1033 1006 deductis,
1056 963 1244 1012 utrimque
1257 941 1406 1024 ἓῖῐέῃὲἵ

127 1032 254 1068 vineas
272 1038 309 1068 et
324 1043 501 1080 aggerem
519 1042 626 1065 muro
643 1027 824 1079 injunxit,
843 1036 880 1064 et
897 1027 1151 1064 testudinibus
1169 1028 1244 1064 ari-

130 1102 208 1132 etes
228 1095 407 1132 admovit.
457 1093 608 1132 Quibus
629 1092 751 1129 territi
772 1091 879 1127 malis
903 1091 1135 1142 Colophonii
1158 1105 1244 1128 ora-

130 1166 231 1196 tores
253 1160 406 1196 Samum
427 1159 475 1195 ad
499 1158 544 1195 L.
562 1157 776 1200 AEmilium‚
798 1156 908 1193 fidem
928 1157 1100 1207 praetoris
1122 1170 1244 1207 popu-

124 1222 230 1272 lique
255 1223 422 1259 Romani
451 1222 701 1272 inplorantes,
722 1221 917 1257 miserunt.
974 1220 1175 1257 [Emilium
1206 1227 1244 1258 et

127 1286 231 1323 Sami
251 1287 374 1336 segnis
396 1287 459 1322 diu
486 1298 592 1321 mora
619 1284 865 1327 obfendebat,
886 1284 982 1320 nihil
1009 1285 1131 1321 minus
1160 1286 1244 1336 opi-

123 1357 296 1394 nantem,
321 1363 432 1400 quam
458 1348 748 1398 Polyxenidam,
768 1348 826 1384 bis
847 1349 1101 1398 nequidquam
1129 1350 1176 1386 ab
1203 1363 1243 1386 se

126 1422 389 1466 provocatum,
420 1419 649 1464 potestatem
679 1425 817 1463 pugnae
847 1413 1037 1449 facturum
1068 1426 1171 1450 esse:
1205 1421 1244 1451 et

125 1485 236 1530 turpe
254 1479 509 1521 existimabat,
527 1478 710 1514 Eumenis
727 1477 885 1514 classem
905 1477 1083 1528 adjuvare
1104 1491 1242 1514 consu-

126 1545 199 1582 lem
220 1545 265 1582 ad
285 1545 527 1596 trajiciendas
549 1545 586 1580 in
602 1545 735 1579 Asiam
754 1542 948 1591 legione83
983 1555 1021 1578 se
1044 1542 1240 1592 Colopho-

126 1611 184 1646 nis
211 1610 373 1646 obsessae
400 1609 557 1652 auxilio,
579 1609 761 1645 incertam
787 1607 899 1643 finem
930 1606 1123 1650 habituro,
1145 1607 1238 1644 adli-

125 1677 218 1725 gari.
254 1676 449 1713 Eudamus
469 1675 660 1718 Rhodius,
678 1675 741 1724 qui
762 1679 801 1710 et
818 1680 993 1710 tenuerat
1013 1686 1099 1709 eum
1120 1673 1237 1716 Sami,

124 1741 338 1791 cupientem
357 1740 545 1791 proficisci
564 1741 602 1775 in
624 1738 934 1789 Hellespontum,
956 1738 1158 1787 cunctique
1178 1738 1243 1774 in·‘

123 1810 222 1840 stare
241 1810 279 1840 et
299 1805 436 1848 dicere,
461 1805 604 1846 Quanto
623 1805 736 1840 satius
754 1815 837 1846 esse,
858 1803 914 1838 vel
931 1803 1041 1838 socios
1060 1802 1238 1838 obsidione

121 1871 284 1912 eximere,
305 1871 361 1905 vel
384 1872 516 1905 victam
537 1868 618 1916 jam
643 1869 750 1905 semel
768 1868 914 1904 classem
933 1868 1061 1903 iterum
1086 1868 1236 1911 vincere,

123 1937 304 1982 totamque
329 1936 440 1970 maris
461 1935 712 1982 possessionem
739 1932 830 1968 hosti
857 1933 1003 1979 eripere,
1033 1943 1153 1979 quam,
1175 1933 1237 1967 ‹Ie-

121 2001 222 2035 sertis
245 2002 360 2043 sociis,
386 2002 524 2036 tradita
549 2000 730 2035 Antiocho
757 2000 848 2034 Asia
874 2002 970 2033 terra
997 1999 1171 2045 murique,
1201 1998 1237 2033 in

120 2063 407 2112 Hellespontum,
428 2065 487 2101 ubi
515 2066 603 2100 satis
630 2068 717 2100 esset
745 2063 917 2099 Eumenis
945 2063 1078 2105 classis,
1100 2062 1142 2098 ab
1170 2074 1236 2099 sua

119 2133 225 2176 parte
244 2129 326 2164 belli
346 2131 552 2165 discedere?

175 2191 348 2230 XXVII.
380 2194 549 2231 Profecti
586 2192 633 2230 ab
672 2193 786 2229 Samo
823 2193 868 2229 ad
907 2191 1089 2242 petendos
1128 2203 1233 2227 com-

121 2263 280 2300 meatuS,
308 2260 513 2295 consumtis
535 2258 620 2310 jam
652 2258 844 2301 omnibus,
874 2257 1010 2294 Chium
1045 2255 1233 2306 parabant

118 2318 315 2372 trajicere:
348 2322 387 2360 id
411 2329 491 2360 erat
515 2323 694 2360 horreum
713 2321 899 2360 Romanis
916 2337 927 2369 3
960 2333 1080 2371 eoque
1100 2331 1231 2357 omnes

635 2386 707 2424 05
