1546 2648
346 193 500 223 LIBER
526 193 762 222 xxxv111.
797 192 904 220 CAP.
930 194 999 222 v1.
1182 183 1233 239 83

111 278 272 317 Perseus
294 280 460 330 Philippi
483 280 595 324 filius,
617 282 751 317 missus
773 280 819 316 ad
843 280 1050 331 Dolopiam
1070 283 1232 334 Amphi·
1246 286 1284 317 U.
1300 286 1337 317 C.
1352 292 1426 319 563.

111 344 318 394 lochosqne
339 346 590 395 recipiendos,
613 358 759 382 summa
779 346 812 382 vi
834 345 1095 396 obpugnabat.
1243 331 1283 360 Λ·
1298 330 1334 361 C·
1352 337 1426 364 189⁶

164 411 232 449 VI.
261 412 401 448 Tribus
432 411 540 456 locis,
562 413 660 449 sicut
680 420 769 449 ante
795 414 938 450 dictum
967 421 1036 457 est,
1059 415 1105 450 ad
1135 414 1228 463 Pyr·
1245 411 1411 442 Ambraci-

108 477 241 513 rheum
261 490 376 526 opera
396 477 574 514 Romana
594 484 701 514 erant
721 493 727 512 ε
761 492 843 527 quae
865 480 994 514 omnia
1016 478 1140 518 simul,
1164 480 1227 515 sed
1241 465 1396 538 ῗὲἱῗὲἕῐζ,

107 554 176 578 nec
206 543 403 592 adparatu,
436 555 506 579 nec
536 543 571 578 vi
603 543 730 583 simili,
755 543 877 580 AEtoli
914 544 1079 593 adgressi
1109 550 1198 580 sunt
1217 559 1224 580 2
1243 552 1286 571 “³³
1304 541 1406 581 repel-

106 605 169 642 alii
191 620 275 643 cum
302 607 519 644 ardentibus
547 607 709 650 facibus,
731 608 794 643 alii
825 615 1001 658 stuppam
1031 586 1366 659 picemquelumur'

106 677 144 707 et
171 671 366 708 malleolos
387 672 566 715 ferentes,
588 678 672 708 tota
692 672 918 708 conlucente
944 672 1104 709 flammis
1132 674 1226 717 acie,

104 736 315 772 advenere:
350 737 487 772 multos
508 738 632 787 primo
658 737 791 786 inpetu
820 737 995 774 custodes
1028 738 1227 788 obpresse-

104 807 215 836 runt:
249 800 398 843 deinde,
421 809 620 851 postquam
643 801 787 838 clamor
806 802 1066 852 tumultusque
1087 804 1123 839 in
1145 816 1227 840 cas-

100 869 160 899 tra
186 871 243 899 est
269 865 450 914 perlatus,
472 865 680 914 datumque
707 879 728 901 a
756 866 911 902 consule
936 868 1100 915 signum,
1123 881 1228 904 arina

102 929 272 978 capiunt,
301 938 338 966 et
368 930 545 966 omnibus
576 931 696 980 portis
727 931 773 967 ad
806 945 918 981 opem
947 932 1140 969 ferendam
1169 933 1226 969 ef-

103 993 324 1030 funduntur.
386 994 474 1030 Uno
510 994 548 1030 in
583 994 668 1030 loco
703 994 804 1030 ferro
840 996 993 1044 ignique
1027 1004 1135 1044 gesta
1167 1009 1224 1032 res

101 1066 184 1096 est:
218 1072 240 1095 a
266 1059 414 1095 duobus
441 1059 549 1094 irrito
574 1060 740 1110 incepto,
762 1073 877 1108 quum
905 1066 1118 1097 tentassent
1145 1075 1225 1097 ma-

102 1124 173 1171 gis,
205 1137 317 1172 qnam
347 1124 521 1166 inissent,
561 1129 767 1166 certamen,
790 1124 913 1160 sEtoli
946 1124 1224 1163 abscesserunt.

102 1188 226 1223 Atrox
243 1200 372 1238 pugna
400 1188 438 1223 in
471 1200 586 1223 unum
617 1188 863 1224 inclinaverat
900 1188 1050 1225 locuni:
1084 1189 1137 1226 ibi
1167 1191 1224 1226 di·

103 1253 217 1287 versis
245 1251 414 1301 partibus
436 1251 511 1287 duo
532 1251 643 1287 duces
666 1252 897 1301 Eupolemus
927 1260 963 1288 et
986 1253 1223 1291 Nicodamus

100 1323 313 1366 pugnantes
334 1315 601 1358 hortabantur,
621 1324 658 1351 et
678 1329 796 1366 prope
817 1324 918 1352 certa
939 1317 1119 1353 fovebant
1141 1331 1222 1369 spe,

93 1379 176 1430 jam
197 1379 432 1416 Nicandrum
457 1393 504 1416 ex
532 1381 745 1430 composito
765 1380 910 1422 adfore,
933 1388 970 1416 et
999 1389 1105 1430 terga
1134 1383 1223 1419 hos-

100 1446 194 1482 tium
224 1446 452 1482 invasurum.
511 1445 608 1481 Haec
628 1457 684 1480 res
706 1445 937 1494 aliquamdiu
959 1447 1105 1482 animos
1125 1461 1222 1498 pug-

99 1509 270 1545 nantium
307 1509 513 1553 sustinuit3
547 1516 729 1552 ceterum,
759 1518 960 1559 postquam
999 1511 1145 1547 nullum
1175 1524 1222 1549 ex

99 1574 316 1623 composito
347 1573 497 1622 signum
531 1586 552 1609 a
585 1574 661 1609 suis
696 1574 949 1624 accipiebant,
982 1582 1019 1611 et
1052 1589 1220 1612 crescere

100 1651 298 1674 numerum
329 1638 497 1674 hostium
528 1637 748 1680 cernebant,
777 1639 949 1675 destituti
980 1641 1132 1688 segnius
1160 1642 1218 1677 iu-

100 1710 222 1739 stare:
255 1711 462 1752 postremo,
490 1716 530 1739 re
560 1704 714 1745 omissa,
738 1702 821 1753 jam
844 1705 904 1740 vix
934 1711 1018 1740 tuto
1049 1712 1217 1756 receptu,
1251 1730 1257 1735 κ

98 1767 287 1816 fugientes
313 1768 349 1803 in
373 1767 502 1803 urbem
525 1767 819 1817 compelluntur,
842 1777 948 1818 parte
978 1782 1134 1819 operum
1162 1771 1219 1806 in-

98 1845 224 1874 censa,
252 1838 289 1867 et
313 1831 480 1881 pluribus
512 1832 722 1881 aliquanto,
745 1846 857 1881 quam
889 1833 959 1882 ipsi
988 1834 1217 1877 ceciderant,

97 1896 331 1932 interfectis:
366 1895 468 1944 quod
493 1896 523 1931 si
553 1909 599 1931 ex
630 1898 844 1946 composito
871 1904 956 1932 acta
981 1910 1038 1933 res
1068 1897 1217 1941 fuisset,

96 1962 196 1998 haud
215 1961 370 1997 dubium
391 1967 484 2004 erat,
506 1962 715 2010 expugnari
739 1974 812 1998 una
834 1963 962 2011 utique
993 1969 1099 2012 parte
1125 1976 1217 2012 ope-

98 2039 138 2062 ra
165 2038 250 2061 cum
281 2037 418 2073 magn-a
448 2025 549 2061 caede
579 2025 746 2061 hostiurn
778 2027 958 2074 potuisse.
1015 2025 1216 2063 Ambraci-

98 2103 220 2133 enses,
242 2091 380 2139 quiqne
400 2091 500 2126 intus
529 2097 637 2126 erant
656 2090 794 2132 AEtoli,
817 2103 893 2125 non
923 2090 970 2126 ab
991 2089 1071 2140 ejus
1093 2091 1216 2129 solum

96 2155 219 2190 noctis
254 2155 407 2204 incepto
438 2167 639 2197 recessere,
676 2154 740 2190 sed
776 2155 814 2190 iu
847 2153 1031 2203 reliquum
1066 2167 1216 2204 quoque

97 2226 260 2267 tempus,
280 2218 383 2254 velut
411 2219 551 2268 proditi
583 2231 603 2254 a
633 2220 723 2262 suis,
749 2220 943 2267 segniores
974 2219 1020 2255 ad
1050 2219 1217 2269 pericula

97 2277 223 2318 crant:
249 2280 332 2332 jam
352 2295 464 2319 nemo
484 2282 763 2333 eruptionibuS,
785 2291 825 2319 ut
846 2290 948 2327 ante,
973 2283 1009 2318 in
1031 2284 1216 2319 stationes

651 2347 730 2384 136
