1546 2648
292 148 348 189 66
421 195 426 203 ⁵
721 163 767 192 T.
790 160 925 194 mvn

99 249 190 280 U·C·
207 254 278 281 ⁵⁶3·
293 250 382 300 quia
402 263 482 288 non
510 251 666 288 aderant
693 254 845 302 quidam
875 255 1126 292 Rhodiorum.
1186 255 1400 293 Conlauda-

96 294 136 325 Δ.
151 292 189 323 C.
210 300 281 326 189.

293 315 340 351 tis
380 316 531 364 egregie
574 317 791 366 Smyrnaeis,
829 319 930 367 quod
967 321 1094 356 onmia
1132 320 1264 357 ultima
1306 321 1400 370 pati,

292 393 404 429 quam
423 393 462 416 se
482 381 559 430 regi
587 381 748 424 tradere,
770 382 1002 427 maluissent,
1026 385 1230 421 introducti
1258 384 1402 420 Rhodii

291 451 405 481 sunt:
438 457 599 494 quorum
628 446 800 496 princeps
831 447 1044 497 legationis,
1073 451 1254 500 expositis
1285 448 1402 484 initiis

76 515 280 547 Rbodiorum
292 510 466 547 amicitiae
487 524 572 546 cum
601 511 744 561 populo
770 511 963 557 Romano,
985 515 1201 564 meritisque
1230 514 1403 550 Rhodio-

72 557 253 598 legatorum

74 603 186 634 oratio.

290 587 375 611 rum
406 570 573 626 Philippi
605 576 722 625 prius,
751 576 883 613 deinde
908 579 1092 614 Antiochi
1123 578 1250 615 bcilo:
1286 579 1403 621 Nihil,

289 638 429 688 inquit,
459 640 556 676 nobis
590 644 667 676 tota
697 645 822 676 nostra
854 644 1006 685 actione,
1042 643 1172 678 Patres
1200 643 1404 690 conscripti,

288 715 401 752 neque
422 704 617 753 difficiliuS,
638 717 747 754 neque
775 707 955 742 molestius
982 711 1046 748 est,
1068 719 1174 754 quam
1203 708 1299 755 quod
1327 717 1407 742 cum

288 767 449 804 Eumene
479 769 578 804 nobis
606 771 817 817 disceptatio
845 775 920 806 est:
948 783 1027 806 cum
1057 783 1126 819 quo
1155 783 1225 807 uno
1255 771 1410 806 maxime

288 843 414 880 regum
432 837 468 869 et
487 836 673 882 privatum
689 835 852 882 singulis,
873 842 920 877 et,
943 837 1038 884 quod
1065 837 1176 884 magis
1195 848 1256 872 nos
1276 839 1404 877 movet,

285 898 471 946 publicum
496 900 637 935 civitati
661 904 789 936 nostrae
810 900 1002 949 hospitium
1030 906 1091 937 est.
1151 900 1311 936 Ceterum
1335 911 1406 936 non

290 963 404 999 animi
421 965 547 1006 nostri,
570 965 700 1001 Patres
719 967 923 1013 conscripti,
944 978 1019 1007 nos,
1039 967 1100 1001 sed
1120 978 1237 1001 rerum
1260 969 1405 1006 natura,

290 1039 369 1076 quoe
400 1030 650 1077 potentissima
682 1034 746 1072 est,
777 1028 974 1078 disjungit5
1005 1035 1043 1066 at
1076 1043 1137 1066 nos
1169 1030 1270 1065 liberi
1299 1030 1409 1065 etiam

289 1091 448 1128 aliorum
468 1093 643 1129 libertatis
661 1106 821 1130 caussam
848 1107 996 1142 agamus
1010 1111 1023 1138 ,-
1052 1106 1148 1141 reges
1166 1106 1268 1129 serva
1288 1094 1409 1129 omnia

291 1159 327 1191 et
342 1154 499 1202 subjecta
523 1158 672 1204 imperio
697 1170 761 1193 suo
789 1170 859 1193 esse
885 1159 1004 1194 velint.
1069 1158 1267 1205 Utcumque
1289 1161 1410 1193 tamen

289 1231 348 1254 res
370 1231 406 1254 se
434 1219 551 1262 habet,
572 1222 687 1268 magis
711 1222 924 1257 verecundia
947 1226 1070 1257 nost-ra
1101 1221 1265 1256 ach-ersus
1292 1231 1410 1267 regem

289 1284 389 1320 nobis
410 1285 539 1328 obstat,
561 1298 667 1334 quam
699 1288 777 1335 ipsa
806 1288 1018 1334 disceptatio
1045 1291 1108 1322 aut
1130 1285 1226 1321 nobis
1254 1286 1418 1334 inpedita

289 1354 354 1390 est,
375 1355 440 1386 aut
455 1350 551 1386 vobis
566 1351 774 1399 perplexam
793 1352 1082 1387 deliberationem
1098 1350 1294 1399 praebitura
1313 1350 1413 1386 vide·

292 1417 362 1450 tur.
422 1414 532 1456 Nam,
562 1416 593 1450 si
621 1415 728 1450 aliter
755 1416 849 1451 socio
878 1421 986 1464 atque
1014 1417 1128 1450 amico
1156 1416 1245 1462 regi,
1266 1418 1299 1449 et
1328 1413 1412 1449 bene

290 1478 418 1513 merito
439 1477 504 1513 hoc
526 1479 603 1526 ipso
628 1480 660 1513 in
681 1478 786 1520 bello,
809 1480 852 1514 de
881 1478 979 1525 cujas
1005 1480 1162 1527 praemiis
1190 1479 1325 1525 agitur,
1347 1477 1411 1513 ho-

289 1552 355 1577 nos
373 1540 494 1576 haberi
520 1542 641 1577 nultus
662 1548 795 1590 posset,
817 1544 884 1578 nisi
905 1543 1032 1578 liberas
1050 1544 1213 1579 civitates
1230 1543 1264 1577 ei
1282 1543 1319 1577 in
1337 1553 1412 1577 ser-

290 1608 441 1643 vitutem
463 1609 665 1651 traderetis,
686 1613 774 1644 esset
793 1609 1000 1645 deliberatio
1026 1621 1155 1656 anceps
1172 1624 1181 1648 ‚·
1212 1619 1255 1643 ne
1273 1611 1338 1643 aut
1354 1618 1412 1643 re-

288 1684 372 1721 gem
391 1674 548 1708 amicum
573 1673 826 1710 inhonoratum
852 1675 1091 1715 dimitteretis,
1113 1678 1178 1708 aut
1201 1673 1414 1708 decederetis

292 1737 460 1772 instituto
492 1741 620 1779 vestro,
653 1742 688 1773 et
721 1739 893 1785 gloriam,
929 1737 1094 1786 Philippi
1126 1737 1218 1773 bello
1246 1741 1411 1784 partam,

291 1813 387 1838 nunc
417 1803 585 1838 servitute
621 1807 676 1838 tot
711 1804 912 1839 civitatium
946 1801 1204 1851 dcformaretis.
1264 1801 1335 1837 Sed
1369 1800 1414 1836 ab

292 1865 361 1902 hac
379 1868 598 1909 necessitate,
620 1871 684 1902 aut
709 1868 840 1914 gratia>
867 1868 903 1903 in
933 1869 1087 1903 amicam
1116 1867 1329 1907 minuenda,
1349 1870 1417 1901 aut

288 1931 416 1979 glorioe
433 1937 569 1973 vestroe,
590 1934 728 1980 egregie
748 1944 810 1968 vos
827 1931 986 1981 fortuna
1006 1933 1177 1968 vindicat.
1237 1931 1302 1966 Est
1320 1931 1414 1966 enim

290 1987 416 2032 Deilm
447 1996 667 2043 benignitate
702 2009 772 2032 non
806 1998 964 2044 gloriosa
998 1997 1125 2043 magiS,
1161 2007 1267 2043 quam
1301 1996 1411 2036 dives,

290 2060 443 2096 victoria
460 2066 607 2097 vestra:
636 2074 713 2109 quoe
745 2073 805 2097 vos
827 2060 947 2111 filcile
978 2063 1043 2097 isto
1072 2061 1170 2096 reiut
1199 2071 1268 2096 aere
1295 2060 1413 2095 alieno

291 2124 451 2160 exsolvat
466 2141 477 2160 .·
507 2138 591 2161 nam
625 2131 660 2161 et
690 2125 884 2174 Lycaonia,
916 2130 951 2161 et
982 2125 1144 2172 Phrygia
1178 2128 1343 2171 atraque,
1378 2127 1414 2158 et

291 2187 435 2224 Pisidia
468 2192 593 2233 onmis,
632 2195 667 2227 et
698 2191 938 2232 Phersonesus,
979 2201 1123 2238 quaeque
1160 2186 1414 2234 circumjacent

292 2251 463 2301 Europae‚
485 2255 522 2290 in
548 2260 664 2291 vestra
689 2260 772 2291 suut
798 2259 1002 2303 potestate:
1033 2265 1185 2302 quarum
1217 2264 1286 2288 una
1317 2263 1411 2299 quae-

292 2315 377 2353 libet
394 2318 470 2366 regi
488 2316 631 2365 adjecta
651 2320 895 2368 multiplicare
913 2330 1060 2367 regnum
1079 2317 1251 2355 Eumenis
1273 2319 1414 2365 potest.-
