1546 2648
347 95 502 124 LIBER
526 93 643 122 xcv.
676 92 783 121 ezir.
807 91 938 122 xvn.
1118 92 1202 134 499

89 197 171 221 rum
202 184 462 234 prodigiorum
491 195 624 220 caussa
652 182 753 218 diem
785 181 945 218 alterum
972 179 1201 231 supplicatio
1215 186 1399 218 [λαως-τ.

89 250 190 286 circa
208 251 338 286 omnia
356 249 567 300 pulvinaria
584 247 674 291 fuit,
695 254 733 284 et
755 247 892 284 hostiis
912 245 1121 297 majoribus
1141 259 1202 283 sa·
1215 229 1303 261 A·C·
1320 235 1392 265 ¹⁶7·

88 314 298 351 crificatum
318 320 389 358 est,
411 320 450 353 et
470 313 557 350 urbs
580 313 753 350 lustrata.
801 313 911 356 Inde,
933 314 1034 362 quod
1059 312 1104 348 ad
1132 313 1203 349 ho-

88 391 220 414 norem
238 377 365 414 Defim
387 377 646 414 inmortalium
665 378 887 428 pertineret,
908 377 1073 414 decrevit
1093 391 1203 415 sena-

87 450 162 485 tus,
190 443 251 485 Ut,
273 445 441 491 quoniam
458 444 660 490 perduelles
680 445 854 491 superati,
875 444 1028 480 Perseus
1047 449 1082 479 et
1107 445 1203 480 Gen-

87 507 155 542 tius
179 518 274 554 reges
294 519 374 543 cum
403 507 621 543 Dsacedonia
648 511 758 555 atque
784 507 934 554 Illyrico
963 509 1002 542 in
1026 510 1205 554 potestate

84 573 212 619 populi
231 572 389 608 Romani
410 577 534 614 essent,
558 577 613 614 ut,
640 575 777 619 quanta
806 572 915 614 dona,
938 572 1010 619 Ap.
1033 571 1203 614 Claudio,

86 636 141 672 M.
162 637 376 684 Sempronio
401 637 612 679 consulibus,
640 636 680 672 ob
699 637 876 672 devictum
900 636 1119 672 Antiochum
1147 648 1204 672 re·

82 713 165 748 gem
179 702 269 737 data
288 703 336 737 ad
356 704 476 738 omnia
491 702 704 750 pulvinaria
722 705 848 743 essent,
871 705 975 737 tanta
1002 701 1045 742 Q.
1064 701 1205 737 Cassius

84 769 120 801 et
139 766 206 802 Μ’.
219 766 409 802 Juventius
424 771 597 814 prcetores
614 771 782 802 curarent
800 766 935 802 danda.

138 823 273 866 XVII.
301 829 472 878 Legatos
496 830 644 872 deinde,
666 842 828 878 quorum
847 830 893 866 de
918 830 1110 866 sententia
1128 830 1199 867 im·
1214 834 1321 872 Legati
1334 835 1365 864 in

85 898 278 944 peratores
309 892 355 930 L.
377 892 546 936 Paullus,
577 892 624 928 L.
644 893 804 929 Anicius
831 901 1106 944 componerent
1126 907 1198 937 reS,
1213 878 1407 951 ἕζξῐῗῖῒῃ-

85 958 332 994 decreverunt
349 958 478 994 decem
498 958 537 993 in
556 956 841 1000 Macedoniam,
863 959 1029 1007 quinque
1049 959 1088 994 in
1109 958 1200 1008 Illy·
1212 965 1364 1005 lyricum.

84 1022 217 1059 ricum.
260 1022 306 1058 In
326 1022 596 1058 Macedoniam
612 1028 701 1057 sunt
715 1022 756 1057 hi
774 1022 980 1066 nominati,
999 1023 1046 1059 A.
1060 1022 1201 1059 Postu-

84 1086 181 1121 mius
204 1085 366 1129 Luscus,
396 1087 439 1123 C.
461 1086 654 1130 Claudius,
682 1087 797 1123 ambo
823 1088 1001 1131 censorii,
1032 1088 1076 1124 C.
1095 1088 1201 1125 Lici-

84 1150 169 1185 nius
191 1150 363 1194 Crassus,
386 1151 533 1200 collega
552 1152 590 1188 in
613 1150 813 1187 consulatu
829 1151 978 1198 Paulli,
1010 1158 1091 1189 tum
1111 1165 1202 1202 pro-

83 1219 222 1262 rogato
248 1214 408 1264 imperio
435 1216 671 1264 provinciam
703 1215 866 1251 Galliam
889 1215 1069 1254 habebat.
1125 1217 1200 1253 His

84 1277 345 1315 consularibus
366 1279 542 1316 addidere
563 1280 634 1316 Cn.
650 1279 867 1316 Domitium
881 1280 1200 1326 Ahenobarbum,

84 1341 162 1379 Ser.
191 1342 412 1380 Cornelium
444 1343 601 1387 Sullam,
636 1344 683 1380 L.
710 1343 884 1387 Junium,
921 1345 964 1382 C.
988 1345 1201 1382 Antistium

81 1405 319 1450 Labeonem,
339 1408 384 1445 T.
398 1408 618 1445 Numisium
637 1408 969 1457 Tarquiniensem,
990 1409 1037 1446 A.
1054 1409 1200 1446 Teren-

82 1471 179 1506 tium
198 1471 422 1510 Varronem.
480 1472 526 1509 In
554 1472 747 1522 Illyricum
773 1480 899 1510 autem
928 1473 970 1510 hi
996 1475 1199 1518 nominati,

84 1534 126 1571 P.
142 1534 269 1571 AElius
290 1535 408 1585 Ligus
429 1536 653 1581 consularis,
676 1538 720 1575 C.
738 1538 945 1581 Cicereius,
967 1545 1005 1574 et
1025 1539 1095 1575 Cn.
1111 1539 1214 1575 Baea

82 1598 167 1635 bius
187 1599 427 1650 Tamphilus,
458 1602 538 1650 (hic
557 1603 685 1652 priore
711 1616 827 1646 anno,
850 1603 1042 1639 Cicereius
1070 1603 1199 1640 multis

82 1674 172 1705 ante
197 1670 304 1705 anuis
332 1677 473 1720 praetor
493 1670 636 1717 fuerat)
666 1671 709 1708 P.
728 1670 932 1707 Terentius
955 1669 1199 1705 Tusciveica-

82 1745 168 1776 nuS,
195 1733 238 1771 P.
258 1733 454 1772 Manilius.
510 1735 656 1771 Moniti
680 1735 814 1772 deinde
838 1733 1011 1771 consules
1033 1747 1054 1771 a
1074 1733 1198 1770 Patri·

82 1796 166 1840 bus,
188 1804 244 1841 ut,
265 1799 445 1848 quoniam
467 1798 627 1837 alterum
654 1813 702 1837 ex
723 1800 782 1836 his
810 1799 1009 1836 succedere
1030 1799 1073 1836 C.
1093 1798 1199 1834 Lici-

84 1861 163 1904 nio,
185 1862 249 1910 qui
268 1861 415 1911 legatus
438 1865 658 1900 nominatus
682 1870 776 1906 erat,
799 1864 837 1900 in
858 1862 1023 1899 Galliam
1044 1868 1199 1912 oporte-

84 1930 155 1968 ret,
175 1926 298 1976 primo
318 1939 469 1976 quoque
488 1933 661 1978 tempore
681 1929 895 1979 provincias
916 1934 981 1963 aut
1001 1939 1199 1976 compara-

84 1996 169 2025 rent
186 1991 286 2027 inter
307 2003 361 2034 se,
382 1997 448 2028 aut
474 1993 717 2035 sortirentur,
741 1992 868 2028 sortiti
894 1998 994 2028 sunt.
1050 1990 1107 2027 M.
1128 1990 1198 2027 Ju-

85 2053 151 2088 nio
171 2053 267 2090 Pisae
287 2054 539 2099 obvenerunt,
561 2056 694 2105 (quern
712 2056 830 2106 prius,
851 2067 963 2104 quam
985 2055 1023 2091 in
1043 2055 1200 2105 provin-

86 2116 185 2152 ciam
206 2116 292 2160 iret,
308 2118 534 2167 legationes,
555 2133 638 2169 quae
658 2120 824 2169 undique
844 2119 1010 2155 Romam
1030 2118 1200 2167 gratula-

86 2186 168 2216 tum
197 2190 472 2227 convenerunt,
496 2184 736 2221 introducere
763 2185 802 2220 in
832 2191 1007 2226 senatum
1037 2183 1198 2234 placuit)

85 2244 134 2284 Q.
148 2244 254 2282 AElio
271 2245 409 2285 Gallia.
458 2242 639 2287 Ceterum
657 2261 889 2300 quamquam
907 2248 1002 2286 tales
1022 2248 1092 2285 viri
1111 2248 1201 2289 mit-
