1546 2648
317 126 471 155 LIBER
495 124 639 154 XLIV.
673 123 780 153 CAP.
802 125 920 155 XLV.
1083 125 1165 170 477

53 215 212 265 accepit.
268 215 458 266 Scriptum
477 217 515 252 in
535 217 580 252 iis
601 222 694 259 erat,
715 217 765 251 ad
784 216 995 252 Emathiam
1021 218 1167 255 classem
1180 215 1272 248 U·C-
1288 224 1361 249 ⁵84-

55 278 260 316 Romanam
278 281 466 328 adpulsam
485 292 566 322 esse,
588 291 759 327 agrosque
777 280 872 315 circa
889 282 1012 316 vexari.
1024 298 1036 317 .·
1063 294 1168 319 orare
1177 262 1218 292 Α·
1235 260 1272 291 C‘
1290 265 1362 292 ὥθ’

51 342 239 391 proefectos
257 344 448 387 Emathiae,
470 349 509 380 ut
526 345 731 392 praesidium
750 344 919 379 adversus
935 346 1168 392 populatores

53 410 188 444 mittat.
243 407 316 444 His
336 408 457 452 lectis,
477 409 653 444 hortatur
670 408 853 452 Thracas,
873 414 914 445 ut
931 410 979 445 ad
999 412 1168 447 tuendam

53 472 233 508 Emathiae
267 485 368 509 oram
400 474 698 523 proficiscantur:
740 485 910 521 magnam
946 486 1003 510 eos
1038 477 1168 512 caedem

49 537 294 586 praedamque,
319 539 458 586 palatis
482 540 616 587 passim
642 550 707 586 per
735 550 839 585 agros
871 538 1058 582 Romanis,
1078 539 1168 588 fac-

58 605 167 638 turos.
215 602 335 639 Simul
364 604 478 639 elevat
495 603 645 652 famam
669 603 825 638 adversa!
846 615 1005 651 pugnae:
1034 616 1112 652 quae
1139 606 1172 641 si.

56 677 140 701 vera
158 665 276 714 foret,
302 668 418 703 alium
448 679 553 715 super
581 668 694 703 alium
722 671 876 702 recentes
908 679 950 704 esc
966 667 1068 717 fuga
1085 680 1170 704 ven-

59 733 156 765 turos
171 729 302 778 fuisse.
351 730 424 766 Per
451 731 549 766 hanc
577 742 748 766 caussam
771 729 984 766 Thracibus
1015 730 1170 780 ablega-

57 793 121 836 tis,
144 794 256 830 simul
274 802 529 843 transgressos
556 807 620 831 eos
652 795 893 844 Strymonem
912 794 1018 838 vidit,
1039 800 1170 845 portas

62 856 208 894 clausit.

110 921 234 959 XLV.
264 921 397 959 Tertio
416 922 477 959 die
495 922 669 966 Perseus,
689 936 804 972 quam
832 930 1044 973 pugnatum
1073 930 1168 966 erat,
1183 921 1312 954 Perseus
1325 934 1378 955 ca-

60 987 322 1036 Amphipolim
352 988 479 1023 venit:
511 987 598 1023 inde
625 996 794 1024 oratores
821 1000 908 1024 cum
934 989 1098 1024 caduceo
1124 988 1171 1024 ad
1183 965 1366 1040 ‘firffiteisstggffi

59 1049 234 1086 Paullum
248 1051 367 1087 misit.
423 1050 583 1086 Interim
603 1050 782 1102 HippiaS‚
803 1057 842 1087 et
868 1050 982 1094 Milo,
1004 1057 1041 1087 et
1071 1051 1170 1087 Pan-
1185 1051 1366 1086 consulem.

62 1114 237 1157 tauchus‚
270 1115 458 1165 principes
492 1115 700 1151 amicorum
731 1116 845 1164 regis,
875 1115 1066 1158 Beroeam,
1097 1128 1173 1164 quo

63 1191 110 1215 ex
129 1180 208 1215 acie
227 1179 493 1229 confugerant,
513 1180 587 1230 ipsi
605 1180 652 1216 ad
682 1179 876 1216 consulem
895 1180 1070 1229 profecti,
1089 1180 1174 1217 Ro-

61 1243 182 1280 manis
202 1244 344 1280 dedunt
361 1259 368 1280 :
399 1245 475 1281 hoc
494 1245 593 1281 idem
613 1252 651 1281 et
670 1244 753 1281 aliae
773 1245 948 1294 deinceps
967 1251 1070 1280 metu
1089 1257 1175 1294 per-

61 1306 174 1343 culsae
209 1308 396 1357 parabant
431 1308 568 1345 facere.
626 1307 784 1350 Consul,
822 1308 970 1343 nunciis
1007 1308 1176 1344 victoriae

62 1370 111 1410 Q.
128 1370 248 1407 Fabio
267 1372 346 1409 filio
369 1379 407 1409 et
434 1372 481 1409 L.
497 1372 664 1409 Lentulo
684 1378 721 1408 et
740 1372 789 1411 Q.
804 1371 964 1408 Metello
984 1384 1070 1409 cum
1089 1371 1175 1408 lite-

61 1435 112 1471 ris
130 1435 295 1473 Romam
313 1437 451 1480 missis,
472 1436 594 1488 spolia
615 1435 781 1486 jacentis
800 1436 969 1472 hostium
988 1437 1174 1473 exercitus

60 1499 249 1549 peditibus
280 1502 467 1537 concessit
484 1517 494 1546 3
527 1500 717 1550 equitibus
747 1500 913 1550 praedam
941 1500 1175 1551 circumjecti

62 1563 156 1612 agri,
177 1563 267 1600 dum
284 1577 333 1601 ne
352 1565 511 1615 amplius
531 1564 676 1601 duabus
700 1564 876 1601 noctibus
904 1577 927 1600 a
955 1566 1086 1601 castris
1107 1564 1175 1601 ab·

63 1634 200 1665 essent.
243 1627 331 1678 Ipse
350 1630 504 1679 propius
523 1641 626 1665 mare
645 1628 692 1665 ad
710 1628 882 1677 Pydnam
901 1634 1024 1665 castra
1042 1629 1176 1667 movit.

61 1690 202 1728 Beroea
228 1693 405 1742 primum,
441 1693 574 1729 deinde
601 1692 888 1735 Thessalonica,
919 1699 958 1728 et
989 1692 1108 1736 Pella,
1135 1690 1268 1730 etTOta
1285 1691 1359 1739 M&

62 1756 236 1807 deinceps
256 1758 379 1793 omnis
405 1757 524 1793 ferme
551 1756 783 1793 Macedonia
809 1757 911 1792 intra
931 1757 1089 1794 biduum
1108 1757 1172 1794 de·
1185 1734 1319 1807 {330³

62 1819 154 1856 dita.
200 1819 370 1870 Pydnaei,
391 1821 455 1870 qui
477 1820 640 1870 proximi
661 1826 782 1864 erant,
803 1820 973 1857 nondum
993 1821 1176 1858 miserant

60 1882 207 1932 legatos
225 1899 234 1920 :
280 1884 483 1921 multitudo
512 1885 708 1921 incondita
739 1884 903 1935 plurium
936 1884 1049 1921 simul
1081 1897 1176 1933 gen-

58 1949 168 1993 tium,
185 1950 383 1999 turbaque,
405 1963 487 1999 quae
507 1962 554 1986 ex
573 1951 652 1986 acie
671 1950 763 1999 fuga
783 1951 821 1986 in
842 1963 958 1987 unum
977 1950 1174 2000 compulsa

62 2019 157 2056 erat,
187 2013 388 2050 consilium
419 2019 457 2049 et
482 2025 708 2049 consensum
738 2013 901 2049 civitatis
930 2013 1172 2064 inpediebat:

65 2087 135 2110 nee
153 2075 288 2112 clausae
307 2077 420 2113 modo
439 2083 574 2127 portae,
588 2076 652 2112 sed
670 2077 784 2113 etiam
799 2076 1035 2113 inaedificatae
1055 2085 1176 2114 erant.

65 2137 178 2174 Missi
190 2138 289 2175 Milo
309 2145 347 2176 et
363 2141 607 2177 Pantauchus
628 2140 696 2177 sub
717 2153 843 2177 muros
865 2141 911 2177 ad
931 2139 1177 2189 conloquium

67 2202 234 2246 Solonis,
255 2204 319 2252 qui
338 2205 513 2254 praesidio
533 2212 614 2241 erat
632 2220 639 2241 :
671 2218 738 2256 per
767 2218 853 2241 eum
872 2206 1059 2241 emittitur
1076 2204 1177 2240 mili-

65 2266 156 2304 tal-is
175 2266 312 2304 turba:
345 2267 526 2318 oppidum
554 2269 723 2306 deditum
751 2268 934 2306 militibus
958 2268 1069 2305 datur
1087 2268 1177 2305 diri·-
