1546 2648
304 145 459 176 LIBER
479 139 709 172 xxxvnl.
742 139 850 170 CAP.
872 140 1022 169 XXIX.
1141 141 1216 170 111

106 249 129 275 a
161 242 273 288 porta
305 236 460 286 Capena
485 233 531 270 ad
558 231 697 268 Martis
727 229 961 266 locaverunt.
1018 230 1274 282 CampanLU.
1289 240 1325 271 C.
1341 247 1413 274 56³.

103 300 170 338 ubi
199 306 456 342 censerentur,
483 303 655 334 senatum
686 294 977 331 consuluerunt:
1012 294 1218 339 decretum,
1235 284 1321 315 A·C·
1341 293 1412 319 183-

104 365 162 400 uti
194 364 329 400 Romae
362 367 619 398 censerentur.
675 361 797 407 Aquae
826 359 999 406 ingentes
1038 371 1083 394 eo
1118 372 1220 396 anno

103 427 268 464 fuerunt.
324 425 473 462 Tiberis
494 422 695 460 duodecies
726 434 900 471 campum
924 420 1110 458 Martium
1137 423 1218 473 pla-

102 503 227 540 naque
265 490 366 527 urbis
405 487 614 525 inundavit.
671 486 733 522 Ab
774 486 843 522 Cn.
874 485 1024 522 BIanlio
1062 488 1218 524 consule

102 554 206 592 bello
225 555 264 591 in
283 555 378 590 Asia
407 566 489 590 cuin
522 551 642 587 Gallis
671 550 856 601 perfecto,
887 550 981 587 alter
1001 551 1134 588 consul
1158 552 1215 589 M.

103 617 272 661 Fulvius,
294 616 514 667 perdomitis
535 614 692 657 AEtolis,
714 626 828 663 quun]
848 612 1059 664 trajecisset
1081 616 1119 652 in
1143 617 1214 652 Ce-
1229 625 1362 657 Fulvius
1375 628 1434 658 Ce-

101 681 346 733 phalleniam,
368 681 467 717 circa
495 680 666 715 civitates
694 676 825 713 insulae
859 678 961 713 misit
990 687 1214 729 percuncta-
1227 670 1426 753 {Jcssfimam

102 754 198 790 tum,
219 753 345 782 utrum
371 758 410 781 se
439 744 574 780 dedere
599 743 800 785 Romanis,
828 756 874 778 an
904 743 994 779 belli
1022 745 1216 783 fortunam
1343 736 1351 744 ⁰

103 811 278 861 experiri,
296 809 471 846 mallent?
493 807 621 843 Metus
638 807 684 843 ad
699 819 828 842 omnes
844 807 973 851 valuit,
991 821 1038 845 ne
1054 810 1215 847 deditio-

103 888 190 912 nem
205 880 444 910 recusarent:
479 872 628 908 obsides
649 871 736 907 inde
760 872 964 921 imperatos
985 887 1054 923 pro
1073 875 1214 912 viribus

103 940 227 990 inopis
257 938 402 989 populi,
422 938 576 973 vicenos
602 935 788 978 Nesiotae,
811 936 954 979 Cranii,
979 937 1156 975 Palenses
1178 946 1216 976 et

106 1004 242 1041 Samaei
260 1004 454 1040 dederunt.
511 1001 708 1050 Insperata
729 1013 803 1050 pax
820 1000 1075 1051 Cephalleniae
1092 1003 1215 1040 adful-

105 1074 227 1113 serat3
261 1079 374 1116 quum
394 1070 549 1115 repente
569 1077 644 1100 una
663 1064 809 1107 civitas,
830 1065 1016 1101 incertum
1036 1080 1147 1115 quam
1166 1068 1215 1104 ob

106 1144 291 1174 caussam,
312 1131 445 1166 Samaei
467 1129 714 1165 desciverunt.
771 1128 872 1167 Quia
891 1137 1109 1179 opportuno
1129 1131 1215 1169 1000
1229 1132 1344 1180 83st

104 1196 193 1232 nrbs
214 1196 339 1245 posita
358 1200 469 1236 esset,
491 1192 661 1228 timuisse
687 1203 726 1227 se
752 1191 918 1235 aiebant,
940 1205 987 1228 ne
1007 1193 1216 1243 demigrare
1227 1176 1394 1206 cie-ficiunt,

104 1266 332 1309 cogerentur
361 1257 408 1294 ab
439 1256 647 1292 Romanis:
684 1261 850 1291 ceterum
879 1257 1000 1306 ipsine
1030 1258 1101 1294 sibi
1132 1273 1216 1297 eum

105 1324 284 1361 finxerint
303 1328 460 1364 metum,
482 1327 519 1356 et
545 1321 681 1355 timore
707 1332 806 1356 vano
833 1321 998 1369 quietem
1029 1325 1216 1368 exuerint,

105 1401 151 1426 an
165 1388 315 1439 jactata
334 1384 570 1423 sermonibus
591 1397 649 1420 res
667 1384 766 1435 apud
785 1384 983 1422 Romanos
1003 1387 1150 1437 perlata
1169 1390 1217 1426 ad

104 1465 168 1490 eos
189 1454 252 1495 sit,
271 1450 367 1488 nihil
386 1450 572 1500 comperti
591 1456 670 1485 est:
703 1449 776 1485 nisi
797 1450 911 1498 quod,
933 1450 1029 1487 datis
1043 1451 1126 1502 jam
1147 1453 1216 1489 ob-

105 1519 262 1562 sidibus,
292 1524 446 1567 repente
478 1522 608 1566 portas
643 1516 881 1561 clauserunt3
915 1525 952 1554 et
982 1531 1029 1555 ne
1062 1532 1216 1557 suorum

104 1584 255 1634 quidem
273 1581 446 1632 precibus
470 1582 640 1628 (miserat
660 1582 761 1617 enim
782 1581 850 1618 sub
872 1595 997 1619 muros
1017 1584 1149 1620 consul
1170 1586 1216 1621 ad

104 1647 325 1684 tentandam
345 1645 640 1682 misericordiam
662 1652 860 1695 parentum
880 1647 1213 1698 populariumque)
1234 1675 1240 1680 „

104 1711 281 1748 desistere
302 1709 348 1746 ab
373 1710 526 1759 incepto
547 1709 760 1746 voluerunt.
818 1709 1045 1760 Obpugnari
1064 1712 1213 1758 deinde,
1228 1710 1430 1750 Obf‘ugssass‘·

102 1781 303 1826 postquam
336 1773 433 1810 nihil
465 1774 590 1823 pacati
623 1773 937 1824 respondebatur,
968 1783 1095 1826 coepta
1126 1778 1213 1815 urbs
1228 1761 1289 1784 tur.

104 1846 179 1876 est:
213 1838 435 1888 adparatum
455 1849 606 1873 omnem
631 1843 909 1874 tormentorum
934 1841 1215 1878 machinarum-

104 1916 177 1953 que
195 1909 452 1939 transvectum
472 1902 519 1938 ab
546 1901 758 1938 Ambraciae
780 1902 1068 1953 obpugnatione
1096 1905 1214 1942 habe-

102 1967 188 2005 bat:
220 1974 259 2004 et
278 1980 407 2017 opera,
434 1980 516 2015 quae
546 1966 719 2003 facienda
748 1974 870 2010 erant,
902 1968 1049 2018 inpigre
1075 1970 1213 2008 milites

101 2032 360 2083 perfecerunt:
393 2031 539 2068 duobus
556 2032 672 2080 igitur
691 2031 784 2068 locis
805 2031 949 2068 admoti
968 2033 1102 2071 arietes
1119 2048 1212 2085 qua-

101 2095 249 2133 tiebant
268 2109 407 2134 muros,

157 2161 315 2198 XXIX.
344 2161 428 2199 Nec
444 2163 490 2199 ab
509 2163 662 2199 Samaeis
679 2163 894 2212 quidquam,
912 2176 988 2212 quo
1004 2170 1069 2199 aut
1081 2176 1210 2214 opera,

102 2231 169 2263 aut
184 2226 306 2262 hostis
330 2228 447 2263 arceri
476 2234 618 2277 posset,
640 2228 932 2277 praetermissum
954 2234 1032 2265 est:
1066 2228 1211 2266 duabus

100 2295 229 2328 tamen
256 2290 420 2328 maxime
452 2290 681 2328 resistebant
707 2292 842 2329 rebus:
876 2304 964 2337 una,
992 2293 1211 2332 interiorem
