1546 2648
306 182 461 212 LIBER
485 179 669 209 xxxlx.
703 177 812 207 CAP.
834 178 942 207 XLI.
1100 176 1179 208 201

59 274 156 317 eris,
188 278 312 308 utrum
341 271 461 319 magis
491 269 670 320 presserit
697 280 783 305 eum
810 266 1007 310 nobilitas,
1037 279 1085 303 an
1114 265 1178 302 ille
1191 269 1374 302 U-C.568.

66 337 267 387 agitaverit
285 334 540 372 nobilitatem.
596 334 733 384 Asperi
755 331 889 383 procul
908 331 1024 368 dubio
1044 331 1176 375 animi,
1189 314 1229 345 A·
1243 313 1280 344 C·
1299 318 1371 344 ¹⁸4·

67 408 106 437 et
133 401 272 450 linguae
302 399 461 442 acerbae,
482 405 520 435 et
548 398 737 435 inmodice
755 396 884 434 liberae
903 395 976 432 fuit
995 410 1002 432 :
1035 395 1100 432 sed
1119 396 1178 432 in-

65 464 158 501 victi
185 477 207 500 a
237 462 506 514 cupiditatibus
537 463 667 505 animi,
695 467 734 498 et
761 460 893 509 rigidae
921 460 1175 504 innocentiae3

66 535 282 566 contemtor
318 529 464 577 gratiae,
498 528 726 564 divitiarum.
783 525 831 562 In
858 524 1105 575 parsimonia,
1138 524 1180 560 in

65 593 251 645 patientia
265 592 424 636 laboris,
445 591 616 643 periculi,
632 591 745 628 ferrei
772 602 891 642 prope
907 588 1075 639 corporis
1094 587 1179 624 ani-

66 659 220 708 mique3
252 670 364 707 quem
392 670 441 693 ne
468 663 641 693 senectus
665 656 831 706 quidem,
852 668 946 704 quae,
963 652 1078 690 solvit
1097 664 1180 689 om·

68 723 147 766 nia,
166 722 335 771 fregerit.
390 722 466 761 Qui
497 728 644 757 sextum
675 727 712 757 et
741 719 1017 768 octogesimum
1038 729 1182 754 annum

72 799 187 836 agens
215 798 386 823 caussam
414 787 564 829 dixerit,
585 787 665 836 ipse
687 797 757 835 pro
785 797 824 820 se
855 783 1032 825 oraverit,
1063 781 1181 830 scrip-

69 852 235 900 seritque
252 866 260 886 :
292 851 542 900 nonagesimo
571 863 672 887 anno
703 850 782 886 Ser.
803 847 965 886 Galbam
986 847 1031 883 ad
1049 844 1183 898 populi

70 915 269 952 adduxerit
283 913 484 963 judicium.

123 979 234 1017 XLI.
262 979 395 1023 Hunc,
416 979 514 1015 sicut
534 978 639 1014 omni
665 978 758 1022 vita,
778 984 861 1015 tum
879 984 1072 1029 petentem
1097 989 1183 1028 pre·

70 1043 200 1081 mebat
221 1043 401 1080 nobilitas
421 1058 429 1080 z
463 1045 708 1092 coierantque
739 1043 894 1093 (praeter
922 1042 969 1079 L.
989 1042 1184 1085 Flaccum,

73 1109 139 1158 qui
167 1107 313 1157 collega
325 1109 369 1143 ‘in
391 1107 590 1144 consulatu
608 1107 751 1156 fuerat)
774 1107 965 1144 candidati
985 1119 1116 1143 omnes
1137 1105 1184 1142 ad

74 1171 322 1222 dejiciendum
343 1173 490 1208 honore
510 1184 594 1208 eum
611 1188 623 1218 3
654 1184 734 1208 non
762 1171 885 1208 solum
904 1177 947 1207 ut
964 1171 1038 1221 ipsi
1055 1171 1184 1222 potius

74 1237 384 1286 adipiscerentur,
414 1249 484 1272 nec
513 1237 601 1286 quia
631 1236 928 1287 indignabantur
953 1249 1095 1272 novum
1113 1236 1185 1271 ho-

72 1301 213 1337 minem
246 1313 441 1336 censorem
474 1301 627 1347 videre3
661 1301 726 1337 sed
759 1301 874 1336 etiam
907 1299 1009 1349 quod
1039 1300 1189 1336 tristem

73 1377 285 1407 censuram,
315 1364 643 1414 periculosamque
672 1365 880 1401 multorum
906 1364 1033 1408 famae,
1065 1372 1103 1401 et
1138 1364 1188 1401 ab

68 1429 164 1467 'laeso
184 1442 206 1465 a
233 1429 435 1480 plerisque,
466 1436 504 1465 et
532 1429 693 1466 laedendi
722 1430 874 1480 cupido,
902 1428 1189 1480 exspectabant.

74 1494 228 1532 Etenim
248 1500 329 1530 tum
345 1506 497 1543 quoque
516 1495 800 1532 minitabundus
819 1494 989 1545 petebat,
1006 1494 1193 1543 refragari

72 1559 152 1601 sibi,
174 1560 235 1607 qui
264 1559 409 1595 liberam
437 1564 473 1595 et
490 1559 633 1608 fortem
660 1573 845 1597 censuram
865 1563 1043 1603 timerent,
1064 1559 1191 1596 crimi—

76 1625 222 1661 nando:
246 1630 284 1660 et
303 1623 415 1660 simul
434 1624 479 1661 L.
499 1625 655 1662 Valerio
676 1625 983 1675 subfragabatur.
1028 1626 1102 1662 Illo
1120 1638 1193 1663 uno
1246 1663 1253 1667 „

76 1691 214 1738 collega
234 1692 411 1738 castigare
425 1702 461 1726 se
479 1703 570 1727 nova
575 1691 742 1741 flagitia,
764 1696 800 1727 et
815 1693 949 1739 priscos
964 1703 1077 1727 mores
1090 1703 1192 1728 revo-

70 1766 159 1790 care
174 1766 286 1802 posse.
324 1754 398 1790 His
418 1755 568 1791 accensi
587 1755 776 1799 homines,
798 1755 954 1792 adversa
972 1754 1190 1799 nobilitate,

77 1830 156 1854 uon
184 1817 242 1854 M.
262 1817 441 1854 Porcium
467 1819 581 1855 modo
612 1832 808 1855 censorem
832 1818 1019 1862 fecerunt,
1050 1819 1116 1855 sed
1136 1825 1193 1856 et-

77 1884 154 1920 iam
180 1883 365 1932 collegam
395 1885 430 1920 ei
459 1884 505 1921 L.
525 1884 720 1921 Valerium
749 1885 928 1921 Flaccum
959 1884 1193 1935 adjecerunt.

81 1948 293 1984 Secundum
322 1949 478 1985 comitia
507 1962 707 1986 censorum
736 1948 910 1985 consules
936 1955 1195 1999 praetoresque

80 2012 120 2049 in
156 2013 369 2063 provincias
408 2013 570 2066 profecti
617 2020 719 2057 sunt,
758 2020 895 2064 praeter
933 2014 982 2053 Q.
1002 2013 1194 2059 Naevium,

83 2089 194 2125 quem
210 2085 373 2126 quatuor
391 2090 470 2113 non
492 2079 613 2114 minus
631 2091 792 2122 menses,
813 2079 1032 2128 priusquam
1048 2079 1087 2114 in
1108 2079 1196 2115 Sar-

86 2141 227 2176 diniam
252 2142 336 2186 iret,
364 2144 592 2191 quaestiones
619 2143 806 2187 veneficii,
834 2156 992 2193 quarum
1018 2156 1198 2192 magnam

86 2211 233 2255 partem
261 2212 368 2242 extra
391 2207 521 2243 urbem
550 2221 616 2258 per
646 2208 852 2258 municipia
870 2207 1199 2257 conciliabulaque

39 2320 42 2322 v
85 2268 236 2312 habuit,
263 2271 351 2318 quia
378 2272 433 2307 ita
461 2273 584 2323 aptius
614 2274 735 2308 visum
761 2278 856 2315 erat,
886 2278 1102 2309 tenuerunt.
1161 2271 1201 2307 Si

80 2333 408 2378 Antiati-Valerio
428 2337 579 2373 credere
598 2336 707 2380 libet,
726 2337 773 2374 ad
792 2337 868 2374 duo
896 2336 1096 2374 hominum
1115 2335 1215 2374 mli*-

599 2401 639 2438 K
657 2404 678 2441 5
