1546 2648
310 197 411 255 3³³⁶}
495 173 499 179 ⁵
670 254 672 257 Ι
768 209 969 247 enmvn

97 302 189 333 uc.
207 308 279 338 ⁵81·
308 311 480 348 pavorem
498 298 708 335 AEtolorum
724 303 760 335 et
774 304 906 336 ceteros
917 302 1028 337 socios
1048 301 1252 340 Graecorum
1267 301 1419 349 populo-

96 347 137 376 A'
151 345 188 377 C·
207 351 278 381 ¹⁷¹‘
311 377 404 402 rum.
460 363 638 412 Quinque
652 364 839 414 principes
851 364 1072 402 AEtolorum
1087 351 1198 416 primi
1218 372 1326 414 terga
1342 378 1423 402 ver-

312 434 435 465 tentes
455 427 652 478 conspecti
669 426 903 465 dicebantur.
957 428 1131 475 Thessali
1150 442 1219 480 pro
1235 428 1421 481 concione

311 491 469 535 laudati,
482 492 671 540 ducesque
686 503 815 527 eornm
830 491 947 528 etiam
962 491 1112 528 virtutis
1133 491 1422 531 caussationati.

96 553 226 586 Perseus
363 555 475 601 LXI.
504 555 566 592 Ad
584 567 712 604 regem
736 554 858 606 spolia
885 568 1069 592 caesorum
1096 554 1434 607 hostiumrefere·v

93 606 168 628 ’ΠΜ
180 599 287 631 donat'
310 619 450 657 bantur
465 634 472 656 z
505 619 606 656 dona
624 631 671 655 ex
685 618 759 662 his,
772 618 855 656 aliis
875 632 979 656 arma
994 620 1172 669 insignia,
1188 619 1270 656 aliis
1286 632 1420 668 equOS,

308 682 534 735 quibusdam
562 682 732 732 captivos
752 681 854 717 dono
874 681 1012 719 dabat:
1044 689 1151 720 scuta
1169 689 1278 720 erant
1306 695 1420 732 supra

307 745 410 785 mille
430 747 662 796 quingenta3
694 745 820 781 loricae
847 745 1099 796 thoracesque
1127 746 1230 783 mille
1256 746 1434 797 amplius¹

304 822 493 847 summam
509 807 736 859 explebant3
767 807 960 857 galearum
975 809 1262 859 gladiorumque
1278 815 1317 846 et
1327 809 1417 850 mis-

306 874 433 911 silium
445 865 574 918 omnis¹
580 872 728 921 generis
743 872 816 922 maj
823 885 865 908 or
877 872 1073 922 aliquanto
1085 886 1274 910 numerus.
1304 873 1415 917 Haec,

303 951 373 990 per
391 950 430 974 se
444 936 585 987 ampla,
601 935 1045 988 pleuaqueqmultiplicata
1061 938 1182 974 verbis
1202 939 1315 987 regis,
1332 951 1416 988 qnae

305 1002 353 1039 ad
382 1001 606 1038 concionem
631 1007 768 1038 vocato
797 1002 965 1038 exercitu
989 1002 1135 1039 habuit.
1193 1002 1414 1049 Proejudica-

304 1071 382 1103 tum
399 1069 563 1107 eventum
579 1064 662 1101 belli
680 1064 826 1101 habetis.
871 1065 1064 1102 Meliorem
1079 1071 1226 1114 partem
1245 1066 1413 1110 hostium,

302 1131 501 1179 equitatum
519 1129 738 1171 Romanum,
759 1140 828 1176 quo
848 1130 997 1165 invictos
1009 1142 1046 1165 se
1064 1142 1135 1166 esse
1150 1131 1413 1178 gloriabantur,

292 1194 458 1243 fudistis,
514 1193 662 1241 Equites
681 1194 774 1228 enim
799 1193 871 1228 illis
887 1195 1065 1241 principes
1083 1192 1297 1240 juventutis,
1315 1197 1414 1244 equi-

304 1262 355 1295 tes
371 1257 602 1293 seminarium
627 1260 770 1291 senatus
782 1271 794 1292 .-
823 1257 906 1291 inde
924 1257 1030 1292 lectos
1050 1258 1086 1292 in
1105 1258 1263 1295 Petrum
1290 1270 1414 1295 nume·

300 1334 384 1359 rum
412 1321 582 1364 consules,
603 1321 684 1356 inde
711 1321 943 1368 imperatores
970 1327 1116 1358 creant:
1145 1321 1272 1358 horum
1296 1324 1416 1370 spolia

299 1386 430 1436 paullo
454 1390 538 1421 ante
565 1385 748 1420 divisimus
775 1385 869 1420 inter
896 1396 967 1420 vos.
1024 1386 1101 1421 Nec
1118 1387 1285 1421 minorem
1304 1388 1347 1422 de
1367 1388 1416 1422 le-

301 1450 465 1498 gionibus
481 1449 642 1497 peditum
659 1449 846 1484 victoriam
864 1448 999 1484 habetis
1011 1464 1023 1485 .·
1052 1461 1140 1496 quae,
1160 1450 1416 1499 nocturnasu-

302 1526 353 1562 ga
379 1513 475 1550 vobis
499 1513 702 1554 subtractae,
731 1510 989 1560 naufragorum
1021 1513 1259 1559 trepidatione
1280 1515 1417 1561 passim

302 1578 508 1614 natantium
514 1576 658 1625 flumen
673 1575 945 1623 compleverunt.
993 1575 1065 1609 Sed
1073 1574 1230 1623 facilius
1247 1576 1348 1613 nobis
1361 1588 1416 1613 se-

304 1641 489 1690 quentibus
512 1642 623 1676 victos
643 1640 800 1675 Peneum
824 1650 994 1687 superare
1011 1640 1091 1681 erit,
1114 1651 1220 1687 quam
1244 1640 1319 1676 illis
1343 1645 1414 1677 tre-

300 1705 509 1755 pidantibus
517 1703 600 1752 fuit
611 1719 623 1746 ,-
654 1704 928 1751 transgressique
945 1703 1120 1750 extemplo
1144 1708 1262 1739 castra
1281 1705 1414 1753 obpug-

303 1770 477 1811 παὸἱηιιιε,
499 1781 576 1816 quae
599 1768 703 1803 hodie
721 1769 940 1814 cepissemus,
970 1768 1009 1802 ni
1025 1766 1220 1815 fugissent.
1274 1769 1366 1810 Aut,
1384 1770 1419 1805 si

304 1835 382 1870 acie
397 1835 580 1868 decernere
591 1832 722 1873 volent5
741 1832 898 1867 eumdem
916 1842 1047 1878 pugnae
1062 1831 1236 1878 pedestris
1252 1837 1416 1869 eventum

306 1903 517 1947 exspectate,
539 1898 599 1944 qui
625 1897 784 1943 equitum
812 1897 848 1930 in
879 1896 1070 1930 certamine
1086 1893 1217 1942 fuerit.
1272 1895 1326 1932 Et
1350 1898 1415 1946 qui

306 1962 474 1998 vicerant
503 1960 657 2004 alacres,
688 1960 810 2010 spolia
838 1972 1020 1996 caesorum
1049 1960 1215 1996 hostium
1247 1961 1414 2003 humeris

306 2032 494 2075 gerentes,
515 2031 603 2061 ante
623 2037 689 2060 ora
709 2037 775 2060 sua
794 2024 982 2066 audivere,
1002 2035 1048 2059 ex
1068 2036 1127 2068 eo,
1149 2024 1250 2072 quod
1267 2026 1413 2063 accide-

305 2096 378 2132 rat,
416 2077 519 2139 speni
552 2089 669 2124 futuri
708 2088 964 2138 praecipientes
981 2101 988 2124 ε
1022 2093 1060 2123 et
1094 2087 1254 2137 pedites,
1290 2088 1415 2134 aliena

305 2153 426 2202 gloria
446 2153 607 2194 accensi,
636 2153 821 2201 praecipue
842 2152 904 2200 qui
930 2150 1185 2187 Macedonum
1213 2151 1413 2202 phalangis

304 2222 426 2258 erant,
440 2215 510 2251 sibi
527 2227 676 2263 quoqne
693 2221 730 2250 et
747 2214 925 2250 navandae
945 2214 1023 2262 regi
1039 2226 1177 2263 operae,
1196 2221 1234 2250 et
1252 2216 1412 2253 similem

302 2279 463 2327 gloriam
497 2291 540 2314 ex
575 2278 685 2315 hoste
721 2277 905 2326 pariendi,
940 2277 1180 2313 occasionem
1213 2277 1410 2328 optabant,

303 2342 500 2379 concione
525 2341 693 2385 dimissa,
731 2346 885 2391 postero
917 2340 977 2386 die
1013 2340 1206 2390 profectus
1242 2340 1328 2387 inde
1365 2342 1413 2379 ed
