1546 2648
124 777 166 807 U.
181 778 214 808 C.
231 785 304 810 ⁵83.

122 822 161 851 A.
176 822 213 852 C.
233 827 304 855 169.

120 1040 262 1071 Marcius

118 1092 183 1113 cos.
200 1091 230 1113 et

117 1125 259 1156 Marcius

118 1177 164 1205 pr.
180 1169 267 1207 traji-

114 1211 204 1240 ciunt
220 1211 253 1241 in

115 1253 285 1285 Graeciarn.

477 378 540 431 T.
591 379 805 432 LIVII
854 379 1276 434 PATAVINI

683 523 719 560 L
728 523 746 560 1
755 523 834 561 BE
844 523 881 560 R
917 524 1064 562 XLIV.

401 781 651 819 RINCIPIO
678 781 788 825 veris,
812 781 914 830 quod
938 781 1099 818 hiemem
1128 794 1224 827 eam,
1245 796 1318 833 qua
1342 785 1426 822 haec

418 853 525 896 gesta
547 853 650 890 sunt,
677 847 888 882 insecutum
917 851 987 889 est,
1008 845 1055 882 ab
1075 845 1201 884 Roma
1230 848 1422 898 profectus

317 911 368 947 Q.
381 910 549 947 Marcius
569 910 766 960 Philippus
794 909 926 946 consul
955 923 1039 946 cum
1063 911 1228 960 quinque
1255 911 1420 948 millibus

317 975 436 1023 (quod
455 975 494 1011 in
514 974 814 1024 supplementum
835 973 1027 1023 legionum
1048 987 1175 1011 secum
1194 974 1418 1026 trajectums

311 1038 409 1083 erat)
432 1038 676 1074 Brundisium
695 1038 878 1087 pervenit.
934 1037 991 1073 M.
1006 1038 1190 1088 Popillius
1211 1039 1418 1075 consularis

309 1107 348 1136 et
366 1101 430 1137 alii
449 1101 530 1151 pari
546 1100 746 1137 nobilitate
762 1100 1017 1136 adolescentes
1038 1101 1181 1137 tribuni
1197 1100 1356 1137 militum
1377 1102 1415 1138 in

307 1163 577 1201 Macedonicas
607 1164 777 1212 legiones
810 1163 1002 1200 consulem
1038 1165 1156 1201 secuti
1189 1171 1288 1202 sunt.
1343 1165 1419 1202 Per

307 1240 371 1264 eos
392 1229 470 1265 dies
500 1235 538 1265 et
567 1228 610 1264 C.
633 1227 801 1264 Marcius
830 1227 987 1276 Figulus
1015 1235 1169 1279 praetor,
1199 1229 1258 1266 cui
1288 1229 1415 1266 classis

305 1292 502 1342 provincia
524 1298 713 1335 evenerat,
743 1292 986 1328 Brundisium
1016 1293 1140 1329 venit:
1173 1299 1211 1330 et
1239 1292 1347 1329 simul
1368 1305 1416 1330 ex

304 1357 419 1395 Italia
445 1357 622 1409 profecti,
650 1358 855 1407 Corcyram
885 1357 1004 1394 altero
1023 1358 1097 1402 die,
1126 1358 1413 1396 tertioActium

304 1422 529 1458 Acarnaniae
544 1428 696 1472 portum
712 1427 927 1457 tenuerunt.
984 1421 1078 1457 Inde
1094 1421 1240 1465 consul,
1257 1422 1302 1458 ad
1318 1423 1411 1459 Am-

301 1484 470 1521 braciam
493 1497 677 1534 egressus,
698 1484 833 1520 itinere
855 1485 1022 1520 terrestri
1042 1485 1138 1534 petit
1163 1485 1410 1522 Thessaliam.

302 1547 463 1591 Praetor,
483 1555 660 1597 superato
679 1548 863 1591 Leucata,
882 1548 1122 1583 Corinthium
1144 1548 1268 1584 sinum
1282 1549 1408 1585 invec-

300 1618 376 1654 tus,
397 1618 436 1647 et
455 1612 606 1648 Creusae
626 1611 766 1648 relictis
782 1611 956 1655 navibus,
976 1618 1077 1648 terra
1096 1619 1134 1648 et
1150 1613 1230 1662 ipse
1248 1625 1314 1663 per
1329 1625 1407 1649 me-

298 1674 398 1711 diam
419 1674 611 1712 Boeotiam
631 1675 706 1711 diei
723 1675 831 1711 unius
845 1675 1022 1725 expedito
1042 1676 1176 1712 itinere
1189 1675 1407 1713 Chalcidem

298 1738 345 1773 ad
366 1738 522 1775 classem
553 1738 762 1775 contendit.
820 1738 955 1774 Castra
978 1751 1022 1774 eo
1049 1745 1219 1788 tempore
1237 1740 1285 1775 A.
1303 1738 1406 1775 Hos-

298 1800 400 1837 tilius
435 1802 473 1837 in
503 1801 701 1837 Thessalia
735 1801 834 1837 circa
863 1801 1180 1851 Palaepharsalum
1214 1802 1402 1849 habebat5

297 1864 396 1901 sicut
415 1864 518 1901 nulla
536 1877 575 1901 re
594 1864 730 1901 bellica
750 1864 984 1901 memorabili
1005 1872 1125 1913 gesta,
1146 1866 1198 1901 ita
1225 1866 1271 1902 ad
1291 1880 1404 1904 cunc-

296 1933 375 1964 tam
395 1929 595 1965 militarem
616 1928 851 1979 disciplinam
871 1929 917 1966 ab
939 1929 1055 1966 effusa
1072 1929 1225 1966 licentia
1238 1929 1403 1969 formato

296 1992 430 2036 milite,
449 2001 486 2029 et
515 1994 626 2030 sociis
654 2006 738 2029 cum
758 1993 829 2029 fide
857 1993 979 2036 cultis,
1011 2001 1048 2029 et
1067 1993 1113 2029 ab
1134 1994 1236 2029 omni
1266 2006 1403 2042 genere

295 2056 444 2106 injuriae
464 2057 640 2094 defensis.
687 2058 831 2094 Audito
851 2059 1074 2094 successoris
1095 2058 1271 2101 adventu,
1288 2072 1403 2108 quum

296 2133 414 2163 arma,
436 2121 550 2164 viros,
572 2133 687 2170 equos
709 2135 792 2158 cum
813 2135 902 2159 cura
922 2123 1159 2172 inspexisset,
1181 2129 1317 2158 ornato
1337 2135 1401 2159 ex-

295 2185 414 2220 ercitu
434 2184 585 2221 obviam
604 2187 770 2222 venienti
787 2186 931 2223 consuli
948 2187 1142 2236 processit.
1190 2186 1240 2222 Et
1260 2187 1400 2237 primus

294 2259 424 2300 eorum
445 2261 668 2296 congressus
691 2262 737 2286 ex
762 2250 946 2298 dignitate
976 2251 1142 2299 ipsorum
1171 2263 1213 2286 ac
1234 2249 1399 2287 Romani

293 2311 472 2358 nominis,
503 2318 540 2349 et
560 2313 598 2349 in
625 2313 736 2351 rebus
756 2313 890 2350 deinde
908 2314 1079 2363 gerendis
1097 2314 1134 2351 ἃ.
1190 2313 1400 2351 Proconsul
