1546 2648
283 123 308 164 8
738 139 786 170 τ.
813 139 947 172 mvn

86 214 181 289 gg·
196 220 270 292 ig&
334 224 382 262 V.
401 217 567 276 Magnus
586 240 704 279 pavor
721 244 766 268 ac
784 231 982 276 tumultus,
1004 238 1046 269 ut
1063 233 1104 268 in
1123 245 1162 269 re
1182 231 1388 283 inprovisa,

279 288 353 325 fuit
372 304 379 325 :
412 293 649 329 constantius
677 300 819 338 tamen,
840 308 958 344 quam>
975 297 1057 346 quis
1077 296 1243 333 facturos
1263 297 1390 333 creden

279 359 350 395 ret,
371 354 410 389 in
429 360 508 391 tam
522 354 650 392 subito
664 357 848 406 periculs'
868 371 983 408 quum
1003 360 1069 395 viri
1089 366 1388 410 propugnarent,

278 415 429 454 feminae
449 418 525 454 tela
543 420 665 456 omnis
695 421 842 468 generis
872 434 1036 472 saxaque
1065 423 1104 459 in
1133 434 1260 459 muros
1281 434 1387 472 gere-

279 488 378 524 rent,
392 480 741 531 jam'multifariam
760 484 868 520 scalis
889 485 1086 536 adpositis,
1114 485 1244 521 urbem
1264 498 1310 521 eo
1329 485 1390 521 die

281 543 541 582 defenderunt.
597 545 758 590 Acilius,
779 548 888 596 signo
917 549 1085 598 receptui
1113 549 1217 591 dato,
1238 560 1325 585 suos
1353 549 1393 584 in

280 613 404 644 castra
417 608 540 644 medio
554 608 672 646 ferme
685 610 745 646 die
759 611 930 648 reduxit:
953 619 991 648 et
1005 619 1095 648 tunc
1111 611 1199 648 cibo
1213 618 1251 648 et
1266 612 1393 660 quiete

279 670 430 707 refectis
448 671 684 722 corporibus,
698 673 916 723 priusquam
934 674 1154 724 praetorium
1169 674 1390 718 dimitteret,

279 734 536 778 denunciavit,
557 741 598 773 ut
620 741 705 773 ante
735 739 848 774 lucem
876 739 1011 774 armati
1036 739 1228 786 paratique
1255 741 1395 775 esseut:

278 800 345 834 nisi
373 805 579 848 expugnata
605 802 702 845 urbe,
721 815 757 838 se
774 815 831 839 eos
849 805 886 839 in
905 807 1023 839 castra
1050 814 1119 839 non
1147 804 1391 839 reducturum.

278 862 426 899 Eodem
446 869 629 914 tempore,
643 878 718 914 quo
735 866 866 916 pridie,
879 864 1048 916 pluribus
1064 865 1157 902 locis
1177 865 1391 914 adgressae,

279 939 392 974 quum
415 928 627 978 oppidanos
647 927 729 979 jam
749 930 860 974 vires,
884 929 967 980 jam
985 929 1075 972 tela,
1098 928 1182 980 jam
1201 936 1288 966 ante
1308 942 1392 966 om-

279 991 343 1026 nia
362 992 508 1028 animus
530 992 721 1037 deficeret,
742 995 843 1031 intra
868 1006 1007 1044 paucas
1036 993 1148 1031 horas
1179 993 1308 1030 urbem
1329 1005 1392 1029 ce-

277 1055 348 1105 pit.
378 1054 452 1098 Ibi,
473 1058 611 1106 partim
631 1058 836 1102 divendita,
853 1058 991 1108 partim
1010 1058 1127 1094 divisa
1142 1057 1282 1107 praeda,
1300 1069 1393 1093 con-

279 1117 405 1154 silium
439 1119 625 1164 habitum,
660 1121 750 1170 quid
783 1121 914 1158 deinde
947 1121 1100 1157 faceret.
1155 1120 1312 1156 Nemini
1346 1119 1395 1156 ad

279 1180 524 1231 Naupactum
539 1184 584 1219 iri
604 1184 760 1234 placuit,
777 1191 965 1234 occupato
984 1185 1031 1220 ad
1047 1184 1231 1220 Coracem
1251 1182 1298 1219 ab
1318 1183 1392 1219 AE-

278 1244 367 1281 tolis
388 1245 486 1282 saltu
504 1262 511 1284 :
538 1261 585 1284 ne
604 1254 733 1285 tamen
753 1249 883 1299 segnia
903 1249 1033 1286 aestiva
1050 1256 1189 1291 essent,
1211 1254 1249 1283 et
1266 1246 1393 1283 AEtoli

277 1320 358 1344 non
390 1310 618 1360 inpetratam
652 1325 782 1362 pacem
813 1313 861 1349 ab
890 1318 1023 1349 senatu
1049 1311 1294 1348 nihilominus
1325 1322 1394 1360 per

62 1376 237 1415 Amphissa
280 1384 386 1409 suam
423 1375 705 1411 cunctationem
743 1375 943 1420 haberent,
984 1376 1205 1426 obpugnare
1246 1375 1392 1414 Acilius

61 1420 258 1460 ‘'bpug'ma’
279 1437 522 1486 Amphissam
543 1439 702 1475 statuit:
735 1439 782 1475 ab
809 1439 997 1476 Heraclea
1014 1452 1091 1490 ‚per
1123 1439 1257 1477 OEtam
1288 1450 1395 1474 exer·

280 1500 376 1536 citus
397 1512 443 1536 eo
463 1500 610 1538 ductus.
666 1501 794 1541 Quum
814 1503 861 1538 ad
881 1503 1021 1539 moenia
1041 1509 1164 1538 castra
1188 1502 1391 1551 posuisset,

278 1576 357 1600 non
378 1577 534 1607 corona,
555 1565 652 1602 sicut
671 1565 860 1610 Lamiam,
881 1567 946 1602 sed
973 1566 1150 1616 operibus
1171 1565 1392 1614 obpugnare

280 1627 411 1664 urbem
437 1635 493 1664 est
522 1629 689 1667 adortus.
745 1630 922 1666 Pluribus
942 1630 1055 1666 simul
1079 1629 1170 1666 locis
1201 1629 1296 1664 aries
1326 1628 1393 1664 ad-

280 1693 504 1729 movebatur
519 1709 530 1739 3
564 1700 601 1730 et
621 1707 737 1743 quum
756 1701 1000 1744 quaterentur
1016 1694 1127 1737 muri,
1148 1693 1243 1728 nihil
1261 1693 1394 1728 adver-

281 1770 342 1794 sus
362 1759 438 1794 tale
457 1760 888 1809 machinationis-genus
908 1772 1054 1810 parare,
1072 1766 1137 1795 aut
1156 1757 1392 1795 comminisci

281 1824 460 1873 oppidani
478 1825 733 1861 conabantur:
757 1826 879 1861 omnis
897 1837 980 1875 spes
997 1825 1035 1860 in
1052 1823 1164 1859 armis
1181 1829 1219 1858 et
1234 1822 1393 1858 audacia

281 1896 380 1924 erat:
404 1890 665 1939 eruptionibus
679 1890 818 1926 crebris
832 1896 869 1926 et
881 1890 1064 1925 stationes
1078 1887 1260 1930 hostium,
1275 1894 1313 1923 et
1326 1898 1391 1922 eos

282 1954 399 2004 ipsos,
421 1955 484 2003 qui
505 1955 605 1991 circa
624 1967 740 2005 opera
759 1960 796 1990 et
815 1953 1008 1990 machinas
1031 1959 1152 1994 erant,
1172 1950 1394 1987 turbabant.

65 2019 188 2069 Consul
204 2019 238 2069 in
338 2016 406 2053 VI.
425 2017 560 2054 Multis
578 2025 705 2054 tamen
720 2017 814 2054 locis
828 2028 954 2053 murus
970 2015 1145 2052 decussus
1166 2023 1260 2056 erat,
1278 2025 1392 2063 quum

66 2074 267 2138 fgffiffmam
285 2080 450 2117 adlatum
472 2088 542 2124 est,
564 2093 832 2124 successorem,
853 2080 1068 2131 Apolloniae
1089 2079 1264 2128 exposito
1286 2089 1393 2114 exer·

285 2145 376 2188 citu,
397 2157 463 2194 per
481 2145 639 2194 Epirum
669 2158 712 2181 ac
741 2144 979 2181 Thessaliam
1007 2143 1146 2179 venire.
1204 2142 1300 2177 Cum
1321 2147 1395 2176 tre-

285 2208 405 2244 decim
431 2207 593 2244 millibus
614 2208 782 2258 peditum
802 2214 838 2244 et
858 2206 1075 2257 quingentis
1096 2204 1283 2254 equitibus
1304 2216 1395 2240 con-

286 2271 344 2308 sul
364 2271 548 2308 veniebat.
605 2272 691 2308 Janx
712 2272 750 2308 in
770 2272 892 2308 sinum
912 2270 1119 2307 Maliacum
1147 2273 1299 2306 venerat
1317 2282 1324 2304 :
1357 2274 1395 2303 et

1528 1991 1532 2007 Ι
