1546 2648
2 1973 11 2648 ————————-—-—--..-—--.-
1 1647 8 1965 -—.—--——---.-
0 1306 7 1642 m

338 178 492 207 LIBER
515 176 748 206 xxxvln.
783 176 890 204 CAP.
915 176 1006 205 LII.
1146 177 1220 217 141

115 276 246 314 urbem
261 279 389 315 omnia
404 278 544 328 templa
555 277 681 314 Defim
696 290 780 313 cum
795 276 938 327 populo
954 276 1134 314 Romano
1151 279 1222 315 cir-
1237 280 1279 310 U·
1294 281 1330 311 C·
1349 284 1422 312 ⁵⁶⁵»

116 341 258 378 cumiit.
315 341 552 378 Celebratior
577 343 607 377 is
634 354 752 392 prope
777 341 855 377 dies
874 341 1003 377 favore
1027 324 1329 379 homin11mA·C·
1350 329 1422 358 ¹⁸⁷⁸

116 411 154 441 et
177 406 428 442 :estimatione
456 417 552 442 verae
586 406 858 455 magnitudinis
887 405 968 456 ejus
999 406 1086 450 fuit,
1113 420 1227 456 quam

116 480 192 516 quo
210 469 446 518 triumphans
468 469 513 505 de
533 470 706 519 Syphace
725 482 814 518 rege
833 476 871 505 et
889 469 1225 518 Karthaginiensi-

115 530 185 568 bus
207 531 336 568 urbem
357 539 413 568 est
432 534 614 569 invectus.

170 596 260 634 LII.
301 597 378 634 Hic
405 598 596 648 speciosus
627 597 780 634 ultimus
808 597 885 633 dies
912 597 955 635 P.
974 598 1143 648 Scipioni
1168 600 1225 635 in·
1241 617 1346 648 Scinio
1364 617 1397 647 in

117 660 237 698 luxit:
270 670 357 713 post
376 675 486 712 quem
506 675 621 711 quum
648 662 828 698 invidiam
855 669 892 698 et
915 664 1123 699 certamina
1142 677 1227 700 cum
1243 648 1408 708 ¹³&ssQO

119 726 281 762 tribunis
301 728 547 777 prospiceret,
568 727 628 762 die
647 726 820 774 longiore
840 726 1026 776 prodicta,
1043 727 1081 762 in
1101 726 1228 764 Liter-
1241 704 1400 733 concedit.

117 790 250 826 ninum
277 792 487 835 concessit,
521 797 625 826 certo
647 790 820 833 consilio,
841 803 889 826 ne
915 791 960 826 ad
982 803 1152 827 caussam
1173 792 1230 828 ‹li-

119 853 276 890 cendam
303 854 461 890 adesset.
517 853 648 903 R‘Iajor
676 855 822 889 animus
851 861 888 889 et
916 860 1049 890 natura
1073 862 1166 899 erat,
1188 869 1232 892 ac

118 917 252 968 majori
269 918 432 954 fortunae
450 919 641 960 adsuetus,
656 931 767 966 quam
789 924 829 953 ut
849 930 933 953 reus
955 931 1034 954 esse
1050 920 1176 962 sciret,
1193 927 1232 956 et

120 983 341 1020 submittere
379 996 417 1019 se
450 984 489 1019 in
523 982 773 1019 humilitatem
809 995 980 1018 caussam.
1012 983 1232 1021 dicentium.

122 1047 200 1084 Ubi
217 1048 294 1084 dies
306 1048 423 1091 venit,
439 1048 621 1097 citarique
634 1047 769 1084 absens
787 1054 843 1083 est
859 1054 1022 1097 coeptus,
1040 1047 1085 1084 L.
1104 1049 1232 1098 Scipio

123 1112 298 1156 morbum
317 1125 456 1150 caussae
477 1125 571 1155 esse,
590 1125 656 1148 cur
675 1112 838 1155 abesset,
857 1112 1063 1148 excusabat
1080 1128 1087 1148 z
1121 1126 1233 1162 quam

124 1160 408 1213 eicusationem
427 1190 542 1226 quum
570 1178 726 1220 tribuni,
748 1178 810 1226 qui
833 1178 930 1213 diem
950 1177 1137 1220 dixerant,
1154 1190 1234 1214 non

125 1242 352 1291 acciperent,
370 1250 407 1278 et
426 1242 473 1278 ab
491 1242 619 1278 eadem
637 1241 811 1292 superbia
827 1254 906 1277 non
920 1242 1048 1278 venire
1064 1242 1111 1278 ad
1127 1255 1235 1278 caus-

125 1319 205 1342 sam
231 1306 427 1342 dicendam
456 1313 671 1355 arguerent,
694 1320 766 1355 qua
779 1306 966 1356 judicium
995 1313 1032 1343 et
1062 1306 1235 1343 tribunos

125 1369 244 1420 plebis
265 1377 303 1406 et
319 1371 541 1406 concionem
561 1369 799 1419 reliquisset,
833 1377 883 1413 et,
905 1370 1040 1419 quibus
1049 1369 1114 1419 jus
1132 1370 1178 1406 de
1198 1382 1236 1407 se

125 1434 290 1470 dicendae
310 1434 506 1470 sententiae
523 1439 561 1470 et
579 1433 794 1469 libertatem
814 1434 1028 1477 ademisset,
1044 1435 1102 1470 his
1119 1435 1238 1470 comi-

126 1504 243 1542 tatus,
267 1497 370 1534 velut
398 1504 528 1548 captos
558 1497 728 1540 trahens,
757 1498 992 1547 triumphum
1021 1497 1066 1534 de
1095 1497 1238 1548 populo

128 1562 306 1599 Romano
319 1563 471 1611 egisset,
485 1563 810 1611 secessionemque
823 1575 867 1598 eo
882 1562 941 1598 die
953 1563 991 1598 in
1006 1562 1240 1613 Capitolium

129 1641 151 1664 a
170 1627 330 1663 tribunis
351 1626 470 1676 plebis
489 1626 642 1662 fecisset
658 1641 665 1662 :
697 1627 848 1663 Habetis
863 1640 945 1675 ergo
962 1629 1174 1664 temeritatis
1193 1629 1239 1664 il-

131 1692 198 1727 lius
223 1692 442 1727 mercedem:
470 1703 538 1739 quo
554 1691 642 1726 duce
668 1695 703 1726 et
721 1695 866 1727 auctore
887 1703 948 1727 nos
972 1692 1176 1739 reliquistis,
1197 1692 1255 1742 ab(

129 1768 169 1793 eo
188 1753 256 1804 ipsi
280 1756 397 1792 relicti
415 1757 520 1792 estis:
548 1760 583 1791 et
609 1760 748 1791 tantum
776 1757 978 1791 animorum
999 1757 1035 1791 in
1054 1757 1129 1792 dies
1146 1756 1244 1792 nobis

130 1822 310 1863 decrescit,
331 1825 385 1863 ut,
406 1821 454 1857 ad
473 1832 577 1869 quem
595 1825 678 1856 ante
696 1832 808 1856 annos
825 1821 1088 1868 septemdecim,
1109 1823 1243 1857 exerci-

132 1891 208 1922 tum
239 1890 274 1922 et
301 1886 445 1922 classem
481 1885 678 1927 habemem,
709 1885 867 1921 tribunos
897 1885 1010 1933 plebis
1038 1886 1246 1934 oedilemque

130 1952 271 1986 mittere
288 1952 325 1986 in
345 1950 510 1987 Siciliam
536 1951 615 1985 ausi
634 1961 768 1991 sumus,
789 1951 849 1997 qui
872 1949 1131 1997 prehenderent
1149 1961 1243 1992 eum,

132 2018 167 2050 et
187 2014 342 2050 Romam
365 2015 587 2056 reducerent,
613 2014 661 2049 ad
689 2025 768 2048 eum
794 2014 978 2060 privatum
1008 2024 1050 2048 ex
1067 2014 1157 2048 villa
1180 2025 1246 2049 sua

132 2078 399 2122 extrahendum,
415 2079 465 2114 ad
483 2090 641 2114 caussam
655 2078 858 2119 dicendam,
872 2078 1014 2112 mittere
1027 2089 1095 2112 non
1111 2078 1245 2113 audea-

135 2143 247 2178 mus?
275 2141 437 2178 Tribuni
463 2141 598 2192 plebis,
630 2139 808 2191 adpellati
838 2139 885 2175 ab
907 2139 955 2176 L.
970 2139 1161 2189 Scipione,
1191 2141 1247 2176 ita

137 2204 393 2248 decreverunt,
412 2206 454 2241 Si
472 2205 586 2241 morbi
604 2217 728 2241 caussa
746 2208 985 2246 excusaretur,
1006 2204 1073 2240 sibi
1086 2204 1245 2253 placere,

136 2269 251 2316 accipi
267 2280 346 2305 eam
370 2282 543 2312 caussam,
565 2270 727 2317 diemque
745 2281 768 2304 a
793 2268 938 2315 collegis
955 2269 1105 2316 prodici.
1160 2267 1247 2303 Tri-

135 2331 258 2370 bunus
287 2332 407 2384 plebis
431 2346 477 2370 eo
495 2340 668 2385 tempore
693 2332 754 2370 Ti.
773 2332 1019 2384 Sempronius
1050 2330 1246 2369 Gracchus
