1546 2648
368 145 523 173 LIBER
549 144 630 171 XL.
664 143 771 170 CAP.
795 142 989 171 xxvln.
1148 140 1227 184 251

124 245 170 269 ex
190 234 248 276 iis,
269 232 398 283 primis
418 232 563 275 diebus,
583 231 662 267 sole
692 237 792 274 orto,
812 230 954 280 pariter
973 243 1103 266 omnes
1124 242 1227 266 com·
1242 234 1282 265 U.
1298 233 1335 266 C.
1348 239 1423 270 ⁵71.

122 297 238 347 positi
263 304 299 332 et
318 297 494 332 instructi
523 295 779 345 procedebant
797 310 804 331 :
838 302 933 338 tum,
960 295 1032 330 nisi
1052 294 1229 331 exsatiati
1241 278 1279 309 A·
1296 277 1333 309 C·
1349 284 1422 308 ¹⁸¹⁸

121 360 208 396 cibo
236 360 414 409 vinoque,
435 372 539 396 arma
566 372 646 395 non
666 359 890 410 capiebant3
923 359 1094 409 dispersi,
1124 359 1227 395 inor-

119 424 239 460 dinati
271 423 453 469 exibant3
487 430 528 459 ut
564 423 699 472 quibus
734 436 803 474 pro
835 435 901 473 spe
933 428 1078 459 certum
1114 428 1226 465 esset,

119 488 248 524 hostes
277 494 384 524 extra
402 487 541 524 vallum
570 488 680 537 signa
703 500 782 524 non
803 486 981 524 elaturos.
1037 486 1227 522 Adversus

118 552 171 587 ita
190 552 465 602 incompositos
485 564 549 587 eos
570 552 777 594 venientes,
799 551 963 587 clamore
983 550 1123 600 pariter
1145 562 1228 585 om-

117 616 237 659 nium,
257 617 321 665 qni
340 617 380 652 in
409 617 539 653 castris
561 623 682 660 erant,
704 615 880 652 calonum
899 627 1049 664 quoque
1075 620 1113 650 et
1131 614 1227 651 lixa-

116 692 214 723 rum,
235 679 400 723 sublato,
421 679 532 716 simul
560 680 737 716 omnibus
767 679 885 730 portis
905 678 1073 715 Romani
1092 691 1225 728 erupe-

114 752 216 782 runt.
271 745 477 794 Liguribus
494 745 588 781 adeo
608 746 796 795 inprovisa
817 757 874 781 res
895 744 981 787 fuit,
1000 751 1041 780 ut
1056 744 1224 794 perinde,
1239 747 1322 796 Victi

114 822 158 845 ac
178 809 208 844 si
228 809 372 844 insidiis
403 810 649 845 circumventi
669 809 810 851 forent,
830 809 1075 859 trepidarent.
1130 809 1225 846 Exi·
1239 791 1380 831 L¹gu¹e⁵'

115 886 231 921 guum
250 874 430 922 temporis
460 872 586 921 aliqua
604 873 728 908 forma
749 885 883 922 pugnae
914 872 1009 908 fuit:
1042 873 1134 922 fuga
1160 874 1225 909 de-

113 939 201 975 inde
220 938 349 980 effusa,
371 945 408 973 et
427 937 654 987 fugientium
675 939 813 987 passim
834 939 952 974 caedes
973 945 1064 975 erat.
1105 939 1225 988 Equi-

115 1002 214 1038 tibus
243 1001 332 1037 dato
352 1001 476 1049 signo,
499 1007 540 1036 ut
562 1001 860 1037 conscenderent
890 1014 1021 1050 equos,
1042 1015 1111 1038 nec
1132 1003 1225 1039 effu-

115 1079 202 1115 gere
232 1078 457 1115 quemquam
487 1066 668 1109 sinerent,
690 1067 728 1101 in
762 1072 885 1102 castra
917 1079 1047 1102 omnes
1079 1067 1226 1117 trepida

113 1133 206 1180 fuga
225 1130 408 1179 compulsi
429 1137 535 1166 sunt:
562 1131 697 1167 deinde
717 1131 806 1181 ipsis
827 1131 930 1166 exuti
951 1131 1094 1167 castris.
1153 1132 1223 1167 Su-

114 1209 182 1246 pra
210 1195 423 1243 quindecim
452 1193 569 1229 millia
597 1194 782 1243 Ligurum
801 1208 846 1230 eo
874 1195 933 1231 die
953 1195 1091 1238 occisa,
1113 1202 1224 1245 capta

113 1261 188 1296 duo
208 1258 326 1295 millia
344 1267 382 1294 et
411 1259 621 1307 quingenti.
677 1259 822 1296 Triduo
845 1266 932 1309 post
951 1259 1134 1307 Ligurum
1156 1259 1222 1295 In-

113 1335 324 1373 gaunorum
352 1335 464 1358 omne
493 1335 647 1365 nomen,
678 1324 873 1360 obsidibus
897 1324 1008 1366 datis,
1039 1324 1078 1358 in
1108 1323 1222 1359 ditio-

109 1400 196 1424 nem
222 1387 348 1423 venit:
381 1385 653 1434 gubernatores
674 1394 875 1437 nautaeque
909 1387 1126 1435 conquisiti,
1158 1388 1221 1436 qui

109 1452 337 1502 praedatores
366 1450 528 1486 fuissent
553 1451 727 1494 navibus,
749 1460 862 1501 atque
883 1463 1012 1487 omnes
1034 1451 1071 1486 in
1092 1457 1221 1486 custo-

109 1517 209 1553 diam
239 1514 414 1564 conjecti.
470 1515 522 1551 Et
552 1528 574 1550 a
603 1516 646 1552 C.
665 1515 842 1552 Matieno
875 1515 1073 1552 duumviro
1105 1527 1219 1551 naves

110 1580 190 1630 ejus
222 1580 368 1628 generis
397 1579 436 1614 in
466 1579 670 1627 Ligustina
700 1593 767 1616 ora
799 1580 957 1629 triginta
984 1580 1066 1616 duae
1099 1586 1218 1629 captae

109 1650 208 1680 sunt.
266 1643 360 1678 Haec
380 1644 444 1691 qui
473 1644 711 1686 nunciarent,
741 1644 944 1692 literasque
969 1643 1015 1679 ad
1046 1650 1219 1680 senatum

107 1708 263 1749 ferrent,
283 1707 329 1743 L.
345 1707 521 1743 Aurelius
552 1708 682 1750 Cotta,
705 1708 747 1744 C.
769 1707 955 1758 Sulpicius
984 1707 1115 1743 Gallus
1135 1707 1218 1743 Ro·
1236 1747 1241 1752 a

106 1785 206 1809 mam
225 1772 328 1807 missi
346 1787 356 1816 3
389 1771 574 1820 simulque
603 1778 790 1822 peterent,
813 1778 853 1808 ut
885 1772 930 1808 L.
943 1771 1104 1808 AEmilio
1125 1784 1217 1808 con-

105 1835 205 1873 fecta
224 1836 419 1886 provincia
447 1836 639 1879 decedere,
661 1844 697 1872 et
717 1836 900 1873 deducere
923 1848 1049 1871 secum
1077 1835 1216 1872 milites

105 1900 249 1944 liceret,
270 1908 384 1949 atque
412 1900 613 1937 dimittere.
671 1900 885 1949 Utrumque
914 1901 1136 1949 permissum
1166 1900 1214 1936 ab

107 1971 254 2007 senatu,
285 1970 323 2000 et
352 1963 578 2013 supplicatio
608 1963 655 1999 ad
684 1965 812 1999 omnia
830 1962 1041 2013 pulvinaria
1059 1975 1126 2012 per
1145 1963 1213 1998 tri-

105 2028 220 2064 duum
239 2028 388 2064 decreta
407 2042 414 2062 :
440 2026 614 2077 jussique
642 2033 836 2077 praetores,
858 2025 1028 2062 Petillius
1051 2026 1212 2063 urbanas

105 2091 291 2128 dimittere
315 2090 499 2140 legioneS,
519 2091 658 2127 Fabius
685 2091 796 2127 sociis
823 2097 935 2139 atque
964 2090 1109 2126 nomini
1134 2089 1213 2126 La-

105 2154 192 2189 tino
205 2156 396 2191 remittere
415 2154 622 2191 delectum:
645 2161 683 2191 et
704 2155 758 2190 uti
777 2161 917 2204 praetor
933 2153 1098 2189 urbanus
1119 2166 1212 2190 con—

105 2217 249 2255 sulibus
277 2218 470 2264 scriberet,
500 2225 674 2257 senatum
704 2231 850 2269 aequum
880 2230 1045 2262 censere,
1066 2216 1212 2254 subita-

633 2283 718 2322 Me
