1546 2648
113 344 157 375 U.
171 344 208 375 C.
223 351 296 377 581.

115 387 295 425 A.c.171.

115 1289 279 1330 'Hispano-

116 1343 192 1364 rum
207 1342 284 1373 que-

116 1377 190 1406 relae
205 1377 244 1406 de

116 1420 282 1457 magistra-

114 1461 204 1492 tibus

114 1502 213 1535 Rom.

311 239 396 295 398
757 251 803 280 τ.
831 251 962 282 mvn

311 353 358 378 ex
377 340 490 377 Italia
508 339 645 377 itinera
659 340 696 376 in
711 340 979 379 Macedoniam
995 348 1166 386 nossent,
1184 344 1417 393 conquisitos

312 404 583 453 abductosque.
640 404 845 440 Enimvero
871 413 1022 441 senatus
1045 405 1248 454 indignari,
1269 415 1419 446 tantum

311 462 506 504 consulem
522 463 669 511 ausum,
688 469 728 504 ut
742 480 853 504 rsuam
873 469 1104 518 provinciam
1120 471 1362 520 relinqueret,
1379 472 1420 509 in

312 531 473 568 alienam
495 533 669 568 transiret
681 547 692 577 3
715 533 922 568 exercitum
942 546 1042 569 novo
1057 533 1270 583 periculoso
1286 535 1422 572 itinere

311 595 412 632 inter
430 605 576 632 exteras
597 604 729 644 gentes
749 596 916 639 duceret,
938 598 1035 633 viam
1055 604 1115 633 tot
1133 598 1352 634 nationibus
1380 599 1421 635 in

312 657 462 696 Italiam
487 661 659 708 aperiret.
716 659 938 695 Decernunt
957 660 1188 709 frequentes,
1209 669 1251 697 ut
1271 662 1314 699 C.
1335 662 1421 699 Sul-

311 722 433 772 picius
454 728 591 771 przetor
610 727 686 757 tres
707 735 751 758 cx
769 729 900 758 senatu
920 724 1094 758 nominet
1112 723 1273 771 legatos,
1291 725 1354 773 qui
1375 737 1421 761 eo

311 785 371 820 die
390 786 680 834 proficiscantur
708 798 755 821 ex
783 785 874 820 urbe
888 802 898 831 3
932 794 982 829 et,
1004 793 1186 835 quantum
1209 787 1421 825 adcelerare

309 857 480 898 possent,
511 849 684 884 Cassium
713 848 921 892 consulem,
950 849 1177 899 ubicumque
1205 851 1268 894 sit,
1294 863 1420 901 perse-

309 906 501 961 quantur3
533 913 729 955 nuncient,
748 925 797 948 ne
822 912 963 948 bellum
989 926 1073 949 cum
1100 913 1176 950 ulla
1205 921 1317 963 gente
1336 927 1418 951 mo-

309 983 411 1019 veat,
445 977 519 1012 nisi
555 987 638 1011 cum
673 989 746 1024 qua
783 983 932 1012 senatus
970 977 1173 1025 gerendum
1210 985 1419 1015 censuerat.

310 1038 450 1087 Legati
468 1039 507 1074 hi
530 1039 705 1088 profecti.
725 1038 782 1074 M.
805 1038 1004 1075 Cornelius
1026 1040 1231 1088 Cethegus,
1251 1041 1308 1077 M.
1327 1041 1417 1077 Ful-

309 1102 405 1145 vius,
443 1102 487 1139 P.
505 1103 674 1138 Marcius
710 1103 806 1139 Rex.
862 1103 991 1139 Metus
1029 1104 1074 1138 de
1112 1103 1265 1140 (casule
1304 1111 1418 1154 atque

310 1166 479 1201 exercitu
516 1165 662 1201 distulit
698 1177 743 1201 eo
781 1171 949 1215 tempore
985 1167 1196 1202 muniendae
1233 1167 1417 1216 Aquileia

311 1239 452 1264 curam.

365 1291 420 1329 ΙΙ.
450 1291 647 1342 Hispaniae
672 1291 806 1328 deinde
833 1292 1026 1339 utriusque
1051 1291 1165 1340 legati
1185 1291 1330 1341 aliquot
1348 1305 1417 1343 poe·

310 1355 484 1405 pulei-um
505 1357 542 1392 in
558 1362 730 1392 senatum
745 1356 962 1391 introducti.
984 1368 986 1370 ·
1001 1355 1048 1398 Ii,
1066 1355 1110 1390 de
1126 1357 1415 1404 magistratuum

310 1419 573 1457 Romanorum
592 1420 750 1456 avaritia
769 1419 1017 1469 superbiaque
1031 1420 1246 1468 conquesti,
1260 1421 1332 1456 nisi
1348 1433 1414 1469 gen

309 1486 420 1522 nibus
441 1485 488 1522 ab
509 1492 644 1522 senatu
663 1486 866 1533 petierunt,
887 1497 934 1520 ne
954 1497 994 1521 se
1022 1486 1145 1521 socios
1164 1485 1301 1522 foedius
1326 1499 1414 1537 spo-

307 1548 391 1585 liari
409 1549 624 1597 vexarique,
646 1561 757 1596 qumn
784 1548 928 1589 hostes,
958 1549 1164 1597 patiantur.
1219 1550 1347 1587 Quum
1377 1557 1415 1586 et

260 1654 269 1660 γ’
308 1611 383 1648 alia
411 1612 565 1660 indigna
593 1617 851 1660 quererentur,
876 1611 1117 1647 manifestum
1146 1619 1272 1648 autem
1300 1620 1415 1657 esset,

292 1676 484 1726 ⁸pecunias
515 1681 668 1724 captas,
699 1674 746 1711 L.
769 1675 952 1710 Canuleio
980 1676 1147 1725 praetori,
1178 1677 1242 1724 qui
1271 1675 1414 1726 Hispa-

306 1740 408 1775 niam
429 1739 584 1774 sortitus
604 1746 699 1780 erat,
719 1739 912 1786 negotium
932 1739 1062 1775 (latum
1081 1745 1151 1782 est,
1169 1745 1210 1774 ut
1229 1739 1268 1775 in
1284 1740 1415 1788 singu-

307 1801 378 1845 los,
400 1815 422 1838 a
447 1801 582 1850 quibus
609 1800 774 1849 Hispani
792 1802 970 1850 pecunias
991 1807 1177 1851 peterent,
1198 1802 1333 1850 quinos
1352 1813 1419 1838 re-·

305 1871 546 1916 cuperatores
572 1877 619 1900 ex
637 1865 768 1900 ordine
788 1866 979 1901 senatorio
999 1866 1118 1908 daret,
1138 1872 1410 1915 patronosque,

305 1939 399 1977 quos
418 1927 571 1970 vellen-t,
592 1928 763 1964 sumendi
789 1935 1021 1978 potestatem·
1042 1929 1196 1967 faceret.
1251 1929 1411 1966 Vocatis

305 1993 343 2027 in
377 1991 518 2027 curiam
548 1990 681 2040 legatis
711 1993 910 2028 recitatum
940 2000 995 2028 est
1026 1992 1410 2037 senatusconsultum,

298 2053 471 2104 jussique
490 2055 687 2090 nominare
704 2061 904 2104 patronos:
927 2063 1091 2104 quatuor
1103 2056 1409 2099 nominaverunt,

304 2116 361 2153 M.
380 2117 561 2153 Porcium
582 2117 782 2161 Catonem,
802 2118 845 2155 P.
865 2118 1084 2154 Cornelium
1109 2118 1179 2155 Cn.
1198 2117 1241 2155 F.
1262 2118 1411 2168 Scipio-

306 2195 407 2226 nem,
426 2182 687 2219 L.AE1nilium
706 2183 752 2219 L.
768 2183 811 2219 F.
827 2183 1013 2225 Paullum,
1032 2183 1075 2219 C.
1092 2182 1299 2232 Sulpicium
1316 2181 1410 2220 Gal-

304 2246 394 2282 lum.
442 2245 539 2282 Cum
556 2245 613 2282 M.
630 2246 776 2282 Titinio
795 2247 970 2297 primum,
992 2247 1055 2295 qui
1075 2251 1214 2296 praetor
1232 2246 1279 2282 A.
1293 2245 1409 2282 Man·-

303 2310 370 2353 lio,
385 2309 443 2347 M.
456 2309 479 2345 J
484 2310 573 2345 unio
590 2310 806 2347 consulibus
823 2311 861 2347 in
876 2312 1051 2347 citeriore
1066 2309 1255 2360 Hispania
1268 2309 1407 2353 fuerat,

304 2374 585 2424 ‘recuperatores
604 2380 830 2412 sumserunt.
885 2374 951 2411 Bis
972 2373 1186 2426 ampliatus,
1204 2372 1320 2410 tertio
1339 2372 1410 2410 ab·
