1546 2648
400 179 560 212 121131311
583 177 768 212 xxxrx.
799 179 908 211 cAr.
932 180 991 212 11.
1165 178 1246 224 155

131 282 245 320 quam
280 282 367 308 cum
396 270 442 307 iis
473 270 534 308 vel
561 271 721 308 materia
744 269 850 315 belli,
877 270 936 307 vel
967 282 1123 317 caussa3
1155 269 1244 321 quia
1256 274 1299 307 U.
1310 274 1348 307 C·
1365 279 1438 309 565.

129 341 285 385 propter
304 334 551 372 domesticam
574 335 744 386 inopiam
769 335 914 371 vicinos
941 347 1052 385 agros
1072 336 1241 371 incursa·
1254 319 1345 352 A·C·
1365 325 1435 355 ¹⁸⁷·

127 397 241 435 bant:
265 412 333 437 nec
352 406 480 437 tamen
499 401 540 437 in
558 401 761 438 discrimen
780 412 935 437 summae
954 412 1077 437 rerum
1094 411 1241 450 pugna-

125 462 248 501 batur.

180 527 235 565 11.
265 529 309 566 C.
328 528 538 566 Flaminius
559 529 707 573 consul,
728 542 815 566 cum
833 527 1066 566 Friniatibus
1087 528 1240 578 Liguri·
1252 540 1413 572 Adversus

123 590 194 628 bus
218 593 257 629 in
286 606 379 642 agro
400 607 529 630 eorum
556 593 727 644 pluribus
754 594 898 645 proeliis
919 593 1092 630 secundis
1112 593 1238 636 factis,
1252 593 1438 658 legxsrffflssu-

122 656 163 692 in
183 657 414 695 deditionem
444 665 595 708 gentem
618 660 779 710 accepit,
807 666 846 696 et
872 672 977 696 arma
999 659 1162 695 ademit:
1195 671 1240 695 ea
1251 677 1358 711 gestae.

123 721 213 769 quia
231 734 309 758 non
325 723 471 759 sincera
487 722 560 759 fide
575 723 792 766 tradebant,
809 735 924 772 quum
944 723 1238 771 castigarentur,

122 783 262 821 relictis
297 787 403 830 vicis,
441 787 481 823 in
524 794 696 823 montem
727 788 922 836 Auginum
957 786 1235 835 confugerunt:

120 848 324 885 confestim
349 856 500 886 secutus
531 857 588 886 est
617 850 762 887 consul.
820 850 947 887 Ceteri
968 850 1075 886 effusi
1094 861 1237 894 rursus,

120 918 160 949 et
178 925 264 963 pars
284 915 450 951 maxima
468 915 645 958 inermes,
665 927 732 965 per
751 915 853 951 invia
872 921 910 951 et
928 927 1039 966 rupes
1060 914 1237 964 deruptas

118 980 399 1031 praecipitantes
419 981 613 1030 fugerunt,
634 994 709 1030 qua
727 982 834 1031 sequi
852 981 974 1017 hostiS
989 994 1068 1017 non
1084 988 1235 1032 posset:

119 1044 174 1080 ita
194 1051 298 1081 trans
319 1046 564 1095 Apenninum
589 1045 789 1083 abierunt:
822 1047 887 1096 qui
910 1046 1042 1083 castris
1065 1058 1105 1082 se
1123 1052 1236 1083 tenu-

118 1116 241 1152 erant,
259 1110 494 1147 circumsessi
515 1111 723 1160 expugnati
744 1118 844 1147 sunt.
875 1111 970 1147 Inde
983 1118 1089 1148 trans
1104 1112 1236 1162 Apen-

119 1173 252 1209 ninum
278 1173 399 1210 ductae
426 1174 617 1222 legiones:
650 1175 703 1211 ibi
732 1175 888 1218 montis,
909 1188 1021 1225 quem
1040 1181 1234 1225 ceperant,

118 1236 320 1274 altitudine
345 1238 550 1288 paullisper
578 1251 617 1275 se
647 1239 778 1283 tutati,
809 1252 901 1277 mox
931 1241 970 1276 in
1000 1240 1234 1277 deditionem

115 1308 406 1338 concesserunt:
437 1309 520 1338 tum
549 1305 765 1352 conquisita
794 1317 880 1341 cum
908 1305 1115 1341 intentiore
1145 1316 1236 1340 cura

116 1380 236 1411 arma,
274 1374 313 1404 et
349 1368 479 1405 onmia
515 1368 679 1407 ademta,
735 1369 981 1406 Translatum
1018 1368 1153 1405 deinde
1186 1369 1235 1406 ad

114 1432 298 1483 Apuanos
325 1431 486 1480 Ligures
519 1431 661 1469 bellum
673 1449 684 1479 3
717 1434 782 1482 qui
811 1433 851 1469 in
885 1445 1018 1483 agrum
1049 1431 1232 1469 Pisanum

114 1496 475 1546 Bononiensemque
494 1497 550 1533 ita
564 1498 865 1542 incursaverant,
886 1503 928 1534 ut
947 1496 1022 1534 coli
1040 1509 1119 1533 non
1138 1509 1229 1547 pos-

112 1566 183 1598 set.
239 1560 314 1597 His
342 1573 494 1610 quoque
525 1561 763 1611 perdomitiS,
797 1561 931 1599 consul
959 1573 1092 1612 pacem
1125 1561 1229 1597 dedit

115 1625 305 1662 finitimis:
338 1633 390 1668 et,
412 1625 513 1674 quia,
534 1638 557 1661 a
571 1625 674 1662 bello
694 1627 823 1676 quieta
838 1632 880 1663 ut
899 1632 998 1663 esset
1015 1626 1227 1677 provincia,

111 1688 301 1732 effecerat,
322 1701 370 1725 ne
389 1689 429 1724 in
448 1689 530 1725 otio
549 1689 710 1726 militem
728 1690 900 1733 haberet,
921 1690 1020 1726 viam
1047 1702 1069 1726 a
1092 1689 1228 1726 Bono·
1250 1737 1256 1741 „

110 1753 177 1790 nia
207 1753 383 1803 perduxit
414 1754 621 1791 Arretium.
676 1754 734 1791 M.
754 1754 934 1791 AEmilius
968 1753 1063 1791 alter
1092 1752 1228 1791 consul

111 1829 224 1866 agros
251 1816 437 1866 Ligurum
456 1817 649 1866 vicosque,
670 1818 735 1867 qui
757 1818 796 1854 in
817 1818 958 1868 campis
979 1823 1045 1854 aut
1063 1817 1224 1854 vallibus

109 1887 232 1924 erant,
252 1880 343 1930 ipsis
362 1887 512 1917 montes
532 1881 627 1917 duos
655 1881 842 1917 Balistam
871 1881 1224 1930 Suismontiumque

107 1944 341 1988 tenentibus,
362 1945 503 1982 deussit
529 1945 855 1996 depopulatusque
877 1951 953 1981 est:
986 1945 1122 1981 deinde
1141 1957 1221 1990 eOS,

109 2009 175 2059 qui
199 2009 239 2045 in
264 2009 458 2046 montibus
479 2015 601 2053 erant,
622 2009 791 2053 adortus,
812 2009 934 2059 primo
954 2007 1099 2045 levibus
1119 2022 1222 2060 proe-

109 2073 170 2110 liis
188 2073 384 2122 fatigavit;
415 2080 610 2125 postremo
626 2079 780 2111 coactos
796 2074 836 2109 in
855 2074 975 2110 aciem
994 2072 1220 2111 descendere

101 2135 211 2187 justo
229 2137 365 2187 proelio
384 2138 543 2175 devicit:
575 2139 615 2175 in
635 2150 710 2188 quo
733 2144 773 2174 et
800 2138 918 2174 aedem
942 2137 1080 2174 Dianae
1103 2140 1219 2178 vovit.

110 2200 284 2238 Subactis
307 2203 360 2239 cis
379 2203 626 2254 Apenninum
645 2203 837 2246 omnibus,
859 2208 939 2239 tum
959 2208 1218 2241 transmonta-

108 2278 180 2303 nos
200 2266 352 2304 adortus
374 2269 431 2316 (in
449 2269 508 2305 his
529 2275 567 2306 et
590 2268 778 2306 Friniates
798 2267 958 2318 Ligures
980 2275 1101 2312 erant,
1123 2280 1217 2317 quos

105 2342 185 2369 non
212 2330 356 2370 adierat
382 2332 427 2373 C,
446 2333 673 2381 Flaminius)
697 2345 829 2371 omnes
849 2332 1029 2372 AEmilius
1050 2333 1215 2383 subegit,

231 2400 238 2406 “
618 2396 659 2436 Η
681 2398 702 2436 6
