1546 2648
326 176 412 225 532
689 180 692 183 '
785 184 832 213 Τ.
855 185 987 215 mvn

133 275 177 307 U.
189 276 226 306 C.
242 284 315 309 585.
327 270 503 321 fuissent,
523 276 589 308 aut
606 270 786 321 benigne,
806 273 877 310 hac
896 274 977 324 ipsa
995 287 1141 312 summa
1159 277 1352 321 nunciata,
1368 277 1435 315 ad·

135 319 223 350 A'c·
241 325 314 356 ¹⁶⁷·
328 333 567 370 clamassent.
623 335 696 371 Sed
716 348 791 372 non
812 336 970 373 Perseus
989 344 1138 375 tantum
1159 352 1225 390 per
1243 339 1328 376 illos
1355 341 1434 377 dies

325 398 593 434 documentum
625 399 878 436 humanorum
908 413 1062 438 casuum
1095 402 1182 446 fnit,
1215 404 1255 439 in
1288 404 1431 440 catenis

324 467 414 498 ante
433 474 582 498 currum
601 463 753 498 victoris
773 463 878 499 ducis
903 477 970 514 per
998 465 1128 502 urbem
1148 466 1315 503 hostium
1341 467 1433 504 duc-

323 531 409 572 tus3
455 526 519 562 sed
551 527 664 563 etiam
701 527 823 563 victor
857 528 1026 572 Paullus,
1064 543 1156 566 auro
1192 543 1433 581 purpuraque

131 591 266 642 Paullus,
325 589 487 639 fulgens.
543 591 643 626 Nam
663 591 810 627 duobus
830 605 850 628 e
870 592 968 635 filiis,
986 606 1095 642 quos,
1111 594 1256 630 duobus
1277 595 1372 631 datis
1392 595 1432 630 in

128 635 304 709 gffisttffims
327 654 586 704 adoptionem,
617 653 718 690 solos
750 656 930 698 nominis,
964 668 1170 699 sacrorum,
1204 656 1432 706 famiiiaeque

323 718 489 754 haeredes
519 718 726 754 retinuerat
755 718 872 761 domi,
910 720 1047 762 minor,
1081 719 1200 756 ferme
1231 720 1430 756 duodecim

321 793 442 817 annos
462 787 588 824 naum,
607 782 773 831 quinque
793 782 924 818 diebus
954 791 1042 819 ante
1071 783 1320 833 triumphum,
1349 796 1430 820 ma-

314 842 394 894 jor,
416 845 700 893 quatuordecim
720 858 920 889 annorum,
941 847 1067 883 triduo
1087 855 1174 897 post
1195 848 1428 898 triumphum

321 908 501 945 decessit:
534 922 628 959 quos
655 916 899 960 praetextatos
929 923 1038 947 curru
1073 912 1157 947 vehi
1191 924 1276 948 cum
1306 918 1426 962 patre,

321 971 394 1009 sibi
414 973 514 1023 ipsos
544 973 683 1010 similes
717 975 1027 1025 praedestinantes
1054 975 1280 1026 triumphos,
1312 988 1426 1026 opor-

301 1041 456 1073 tuerat.
513 1037 647 1074 Paucis
668 1044 756 1088 post
774 1038 920 1081 diebus,
942 1038 1030 1074 data
1049 1052 1070 1075 a
1089 1038 1145 1075 M.
1165 1039 1337 1075 Antonio
1357 1040 1425 1075 tri-

317 1099 424 1136 buno
456 1100 576 1151 plebis
610 1102 809 1144 concione,
840 1114 956 1150 quum
985 1101 1031 1137 de
1061 1102 1136 1137 suis
1167 1101 1276 1138 rebus
1310 1103 1428 1150 gestis

318 1177 424 1200 more
457 1171 667 1201 ceterorum
701 1166 972 1216 imperatorum
1004 1166 1253 1209 disseruisset,
1284 1172 1428 1202 memo-

318 1228 446 1265 rabilis
467 1228 547 1279 ejus
568 1231 693 1266 oratio
713 1237 750 1266 et
770 1230 886 1279 digna
900 1230 1080 1266 Romano
1099 1231 1268 1280 principe
1286 1231 1371 1268 fuit.

125 1310 233 1338 Oratio
371 1293 481 1330 XLI.
528 1295 753 1344 Quamquam
785 1301 818 1331 et
852 1308 960 1344 quam
976 1295 1142 1344 feliciter
1171 1296 1429 1343 rempublicam

125 1353 193 1389 ejus
209 1353 247 1424 ‘'3¹“
317 1359 655 1401 adminsstraverim,
676 1364 711 1395 et
736 1361 831 1407 quod
850 1360 922 1395 duo
939 1358 1107 1408 fulmina
1137 1360 1280 1395 domum
1308 1371 1427 1395 meam

126 1404 209 1434 popu
226 1405 293 1427 um‘
314 1434 379 1470 per
403 1422 465 1458 hos
492 1423 567 1458 dies
592 1424 822 1470 perculerint,
855 1436 925 1459 non
954 1425 1120 1471 ignorare
1150 1435 1223 1465 υοε,
1253 1423 1426 1466 Quirites,

316 1486 483 1529 arbitror,
505 1499 613 1535 quum
636 1488 836 1535 spectaculo
852 1488 945 1523 vobis
970 1500 1062 1523 mmc
1090 1487 1292 1535 triumphus
1315 1499 1425 1530 meus,

315 1549 556 1599 nune-funera
576 1552 765 1587 liberorum
784 1563 941 1588 meorum
950 1551 1098 1600 fuerint
1111 1568 1124 1595 ,-
1155 1556 1272 1587 tamen
1285 1554 1426 1599 paucis,

315 1627 443 1664 quaeso,
463 1617 589 1652 sinatis
607 1628 662 1652 me
681 1629 759 1653 cum
778 1614 925 1664 publica
939 1615 1124 1664 felicitate
1143 1612 1353 1663 co‘mparare
1370 1628 1425 1658 eo,

315 1691 383 1727 quo
413 1679 531 1722 debeo,
566 1681 685 1716 auimo
711 1682 895 1728 privatam
931 1692 1047 1715 meam
1064 1678 1273 1727 fortunam.
1330 1680 1424 1716 Pro-

303 1742 428 1791 fectus
447 1756 490 1779 ex
508 1744 634 1787 Italia,
655 1745 798 1780 classem
826 1757 848 1780 a
879 1745 1071 1780 Brundisio
1101 1744 1174 1779 sole
1204 1748 1283 1779 orto
1310 1744 1398 1779 solvi
1412 1760 1426 1787 ,·

312 1819 408 1843 nona
440 1809 513 1843 diei
542 1809 630 1844 hora
660 1821 740 1844 cum
768 1809 926 1844 omnibus
955 1810 1041 1845 meis
1065 1808 1211 1844 navibus
1232 1807 1424 1855 Corcyram

314 1873 421 1908 tenui.
470 1872 559 1908 Incle
587 1875 710 1920 quinto
736 1874 794 1908 die
813 1873 968 1920 Delphis
984 1873 1148 1920 Apollini
1174 1884 1241 1919 pro
1274 1883 1340 1912 me,
1361 1883 1421 1908 ex-

313 1935 556 1984 ercitibusque,
578 1941 612 1972 et
628 1935 794 1972 classibus
819 1937 932 1972 lustra
949 1937 1158 1984 sacrificavi.
1213 1937 1249 1970 A
1267 1935 1424 1983 Delphis

314 2001 436 2048 quinto
456 2001 512 2036 die
531 2002 567 2036 in
586 2005 703 2036 castra
720 2002 864 2048 perveni
880 2017 891 2036 .·
911 2000 969 2035 ubi
988 2002 1143 2036 exercitu
1162 2005 1320 2047 accepto,
1342 2011 1420 2035 mu-

314 2066 399 2099 tatis
445 2065 666 2113 quibusdam,
709 2077 786 2112 quae
821 2077 952 2112 magna
988 2066 1230 2112 inpedimenta
1266 2065 1426 2099 victoriae

312 2132 429 2170 eram,
456 2140 673 2175 progressus,
695 2128 1099 2176 quia0ineoepugnabilia
1131 2132 1249 2163 castra
1268 2127 1423 2163 hostium

310 2196 427 2233 erant,
457 2203 568 2238 neque
586 2193 663 2239 cogi
687 2204 848 2239 pugnare
870 2196 1015 2239 poterat
1033 2203 1108 2234 rex,
1130 2193 1223 2226 inter
1251 2191 1422 2239 praesidia

310 2254 384 2301 ejus
401 2255 532 2291 saltum
553 2257 601 2291 acl
620 2256 769 2291 Petram
788 2258 895 2298 evasi,
916 2261 963 2299 et,
990 2257 1038 2291 ad
1066 2267 1226 2303 pugnam
1254 2266 1336 2303 rege
1359 2267 1419 2290 co-

308 2329 403 2368 acto,
424 2326 500 2361 acie
519 2326 610 2361 vici:
641 2325 893 2361 Macedoniam
914 2327 947 2361 in
966 2330 1177 2373 potestatem
1195 2325 1322 2374 populi
1343 2324 1418 2361 Ro-

1543 343 1546 353 ι

1538 390 1546 433 ,¹1
