1546 2648
282 175 368 222 554
711 177 959 210 marona:

282 267 429 315 subegit.
486 266 541 304 M.
573 266 761 304 Cosconius
784 273 921 317 praetor
947 270 985 305 in
1009 269 1165 306 Thracia
1189 283 1270 307 cum
1295 270 1403 309 Scor·

283 333 387 367 discis
411 343 580 380 prospere
602 333 792 380 pugnavit.
852 334 968 375 Quum
990 334 1118 370 bellum
1137 335 1403 373 Numantinum

282 397 371 432 vitio
391 396 521 432 ducum
548 409 618 433 non
639 398 716 434 sine
739 399 880 446 pudore
903 399 1048 448 publico
1078 400 1239 443 duraret,
1261 401 1404 437 delatus

283 465 335 496 est
363 461 461 496 ultro
497 461 659 509 Scipioni
682 461 861 510 Africano
890 476 914 499 a
940 468 1067 500 senatu
1091 465 1296 512 populoque
1326 464 1404 501 Ro-

282 537 391 561 mano
407 526 636 562 consulatus:
655 539 759 575 quem
779 539 886 576 quum
904 528 959 564 illi
978 540 1106 576 capere
1124 529 1166 564 ob
1185 530 1311 576 legem,
1326 540 1404 577 quae

281 589 438 631 vetabat,
460 602 674 638 quemquam
697 592 827 626 iterum
855 592 1032 628 consulem
1048 592 1150 641 fieri,
1170 605 1241 628 non
1267 594 1401 635 liceret,

281 655 389 690 sicuti
415 655 533 702 priori
564 655 766 696 consulatu,
803 655 935 702 legibus
969 656 1107 692 solutus
1139 660 1201 693 est.
1259 657 1404 694 Bellum

281 718 420 760 servile,
447 719 482 753 in
503 717 633 753 Sicilia
662 722 795 761 ortum,
826 730 935 766 quum
962 718 1114 767 obprimi
1142 731 1166 755 a
1192 720 1405 768 praetoribus

280 794 353 818 non
375 783 564 830 potuisset,
588 782 627 818 C.
647 782 773 819 Fulvio
803 784 938 819 consuli
963 784 1178 820 mandatum
1196 788 1273 820 est:
1301 782 1404 830 hujus

281 846 364 882 belli
400 848 543 883 initium
560 845 646 896 fuit
671 848 796 884 Eunus
821 859 954 891 servus,
983 849 1130 885 natione
1160 848 1297 896 Syrus5
1326 850 1402 897 qui,

282 915 468 946 contracta
493 912 689 959 agrestium
713 923 893 948 servorum
920 924 1045 955 manu,
1077 917 1112 948 et
1138 913 1264 948 solutis
1283 924 1404 960 ergas-

285 976 382 1018 tulis,
394 973 487 1022 justi
506 977 679 1012 exercitus
696 988 880 1013 numerum
901 978 1062 1026 inplevit.
1121 977 1230 1013 Cleon
1250 988 1401 1026 quoque,

283 1040 377 1076 alter
393 1052 524 1083 servus,
545 1042 594 1077 ad
611 1043 843 1090 septuaginta
861 1043 980 1078 millia
1000 1054 1180 1078 servorum
1199 1043 1378 1078 contraxit
1388 1057 1402 1086 ,-

282 1108 330 1146 et,
365 1105 475 1151 copiis
496 1102 647 1150 junctis,
679 1109 806 1140 contra
832 1106 1008 1153 populum
1033 1105 1238 1142 Romanum
1270 1105 1405 1142 exerci-

285 1173 429 1217 tumque
448 1166 521 1216 ejus
538 1168 669 1221 bellum
686 1181 778 1218 saepe
794 1174 991 1218 gesserunt.

782 1278 911 1316 LVII.

285 1352 474 1408 SCIPIO
498 1371 695 1421 Africanus
714 1372 953 1408 Numantiam
972 1371 1118 1415 obsedit,
1139 1376 1175 1408 et
1193 1376 1406 1421 conruptum

285 1433 430 1471 licentia
456 1436 670 1484 luxuriaque
687 1437 876 1471 exercitum
904 1437 954 1471 ad
981 1437 1238 1472 severissimam
1263 1436 1407 1473 militiae

285 1499 515 1547 disciplinam
547 1500 748 1536 revocavit:
776 1500 897 1535 onmia
933 1499 1142 1535 deliciarum
1170 1501 1406 1536 instrumenta

284 1561 413 1600 recidit
424 1579 437 1606 ;
467 1564 537 1599 duo
556 1564 673 1599 millia
692 1567 889 1599 scortorum
908 1575 931 1599 a
950 1564 1076 1599 castris
1094 1562 1197 1609 ejecit
1210 1579 1223 1607 ‚-
1252 1564 1406 1600 militem

285 1629 444 1676 quotidie
463 1629 498 1664 in
517 1640 621 1677 opere
640 1628 776 1670 habuit,
796 1633 831 1664 et
851 1629 1001 1676 triginta
1021 1629 1159 1663 dierum
1173 1626 1406 1676 frumentum

285 1692 336 1728 ad
363 1696 524 1740 septenos
552 1693 666 1728 vallos
694 1691 800 1741 ferre
825 1692 997 1740 cogebat:
1026 1704 1118 1740 a’gre
1142 1697 1292 1740 propter
1321 1704 1406 1728 onus

284 1756 463 1792 incedenti
482 1756 634 1798 dicebat,
655 1755 784 1795 Quum
802 1754 929 1805 gladio
949 1762 986 1792 te
1004 1755 1143 1792 vallare
1162 1755 1304 1798 scieris,
1325 1753 1406 1791 val-

284 1818 365 1855 lum
397 1819 495 1857 ferre
528 1819 705 1856 desinito.
761 1822 852 1863 Alii,
885 1824 1024 1856 scutum
1049 1832 1205 1868 parvum
1242 1819 1406 1856 habiliter

275 1881 431 1931 ferenti,
459 1888 598 1919 scutum
617 1884 773 1932 amplius
781 1882 882 1930 justo
899 1883 1007 1932 ferre
1021 1881 1155 1929 jussit:
1185 1894 1296 1931 neque
1314 1883 1353 1919 id
1369 1894 1408 1920 se

285 1947 555 1996 reprehendere,
577 1935 719 1996 quando
740 1948 864 1984 melius
883 1952 996 1991 scuto,
1027 1959 1133 1996 quam
1160 1948 1301 1995 gladio,
1326 1951 1405 1984 ute-

284 2018 396 2050 retur.
455 2013 566 2054 Quem
598 2014 747 2049 militem
781 2019 883 2050 extra
911 2014 1070 2049 ordinem
1103 2013 1348 2061 deprehendit,
1377 2014 1408 2049 si

285 2077 473 2113 Romanus
500 2081 599 2120 esset,
629 2077 779 2121 vitibus3
807 2078 838 2113 si
857 2082 1057 2120 extraneus,
1076 2076 1238 2126 ficstibus
1266 2077 1408 2113 cecidit.

285 2141 458 2178 Jumenta
497 2142 631 2183 omnia,
670 2153 713 2177 ne
749 2146 980 2177 exonerarent
1022 2142 1186 2183 militem,
1234 2140 1408 2177 vendidit.

288 2205 392 2253 Soepe
421 2206 588 2241 adversus
620 2207 820 2253 eruptiones
853 2205 1005 2241 hostium
1023 2204 1190 2254 feliciter
1219 2205 1408 2253 pugnavit.

293 2269 428 2306 Vaccaei
447 2269 584 2313 obsessi,
616 2270 734 2306 liberis
758 2268 1031 2318 conjugibusque
1060 2271 1261 2312 trucidatis,
1287 2270 1354 2317 ipsi
1372 2280 1408 2304 se

287 2334 552 2373 iuteremerunt.
608 2334 731 2384 Scipio
757 2335 979 2385 amplissima
1011 2345 1175 2379 munera,
1210 2334 1314 2371 missa
1342 2330 1410 2369 sui
