1546 2648
469 121 805 155 FRAGMENTA.
1114 109 1197 163 607

85 214 250 267 polluta,
286 213 465 252 Romana
500 212 587 249 inde
623 210 858 248 submovisse
893 215 1027 247 castra.
1095 209 1204 248 Dicit

87 279 225 317 belluae
255 280 368 316 etiam
401 277 546 314 corium
571 281 724 312 centum
748 274 882 324 viginti
913 275 1024 325 pedes
1047 273 1205 324 longum

85 343 125 380 in
160 344 292 380 urbem
321 343 488 380 missum.
550 340 666 377 Valer.
685 339 787 377 Max.
816 339 915 375 libs.
945 352 1024 388 cap.
1043 339 1120 376 viii.
1151 352 1205 377 ex.

88 412 158 444 ext.
178 409 245 445 ult.

143 470 264 506 Tertii
294 469 372 505 ludi
402 467 605 516 (seculares)
640 465 808 509 fuerunt,
838 466 995 502 Antiate
1022 466 1210 516 Livioque

89 533 327 577 auctoribus,
347 533 390 569 P.
412 531 572 568 Claudio
592 530 772 573 Pulchro,
795 530 838 567 C.
855 530 882 566 J
887 531 975 567 unio
990 530 1102 567 Pullo
1117 544 1209 568 con-

92 598 249 636 sulibus.
308 598 487 634 censorin.
509 597 553 632 de
571 597 629 631 die
646 595 762 631 natal.
782 607 861 643 cap.
880 595 970 631 xvii.

149 662 212 699 De
237 668 458 712 quartorum
489 660 664 696 ludorum
685 659 932 707 (secularium)
954 671 1055 695 anno
1072 658 1212 710 triplex

96 727 228 777 opinio
248 733 317 763 est.
373 726 506 762 Antias
526 725 640 767 enim,
661 730 699 760 et
720 723 854 766 Varro,
870 730 908 759 et
921 722 1053 759 Livius
1072 723 1212 760 relatos

98 802 180 826 esse
199 790 451 841 prodiderunt
479 789 526 826 L.
544 787 694 825 Marcio
715 787 942 830 Censorino,
974 787 1031 825 M.
1050 787 1214 824 Manilio

99 854 334 897 consulibus,
366 859 454 904 post
482 852 649 889 Romam
675 852 869 888 conditam
898 865 1000 888 anno
1019 860 1214 889 sexcente-

98 917 196 953 simo
215 918 362 965 quinto.
421 917 599 952 Censorz'n.
619 918 663 952 cle
677 917 736 952 die
749 917 863 952 natal.
877 928 957 964 cap.
978 916 1066 953 xvii.

156 978 260 1015 Sulla
277 978 556 1015 nobilissimum
589 977 811 1028 conjugium
836 979 1042 1022 contrahit,
1064 978 1219 1015 Caecilia

101 1042 216 1078 ducta
235 1041 385 1078 Metelli
403 1042 594 1092 pontificis
613 1042 768 1078 maximi
792 1040 881 1078 filia.
936 1041 998 1077 Ob
1029 1043 1131 1091 quod
1156 1055 1218 1079 ce-

100 1107 196 1142 cinit
228 1106 348 1143 multa
376 1106 416 1141 in
446 1118 533 1141 eum
566 1104 749 1154 probrose
781 1104 932 1153 vulgus,
958 1103 1142 1153 multique
1171 1118 1219 1143 ex

101 1170 330 1221 primoribus
351 1169 566 1206 inviderunt
585 1169 634 1212 ei,
653 1168 851 1217 indignum
870 1168 935 1204 illa
958 1167 1100 1205 femina
1118 1169 1217 1206 exis—

100 1233 296 1277 timantes,
317 1240 360 1269 ut
380 1233 490 1269 Titus
508 1233 578 1275 ait,
604 1244 715 1281 quem
734 1231 934 1268 consulatu
955 1230 1220 1281 judicaverant

101 1297 272 1346 dignum.
328 1298 517 1335 Plutarch.
532 1299 569 1333 in
588 1298 664 1333 vita
678 1297 803 1339 Sullae,
829 1309 917 1345 pag.
936 1295 1027 1334 455.

154 1360 260 1397 Sulla
279 1373 393 1410 quum
413 1361 577 1411 primum
596 1360 643 1396 ad
663 1359 792 1396 urbem
808 1355 1119 1397 contra‘Marium
1138 1373 1220 1398 cas-

99 1429 161 1459 tra
178 1424 371 1467 movisset,
392 1423 486 1460 adeo
507 1423 597 1459 laeta
613 1429 704 1459 exta
723 1422 934 1459 immolanti
953 1423 1069 1460 fuisse
1087 1423 1221 1461 scribit

101 1485 248 1530 Livius,
274 1493 317 1522 ut
344 1487 527 1523 custodiri
555 1498 594 1522 se
619 1486 836 1522 Postumius
866 1499 1027 1538 aruspex
1046 1488 1222 1533 voluerit,

101 1550 237 1599 capitis
267 1550 492 1600 supplicium
510 1550 716 1593 subiturus,
737 1550 809 1586 nisi
830 1563 887 1594 ea,
917 1564 999 1600 quae
1025 1553 1066 1588 in
1094 1541 1234 1590 animo)

92 1612 207 1650 ,Sulla
226 1613 396 1656 haberet,
417 1614 502 1650 Diis
515 1613 738 1664 juvantibus
759 1614 1001 1665 implevisset.
1028 1618 1223 1665 Angustia.

100 1678 147 1714 de
165 1679 260 1714 civit.
276 1679 366 1721 Dei,
389 1679 448 1715 lib.
470 1678 508 1715 ii.
528 1691 606 1727 cap.
627 1678 728 1715 xxiv.

155 1741 307 1777 Eversis
334 1743 473 1791 quippe
503 1748 541 1777 et
570 1742 732 1778 incensis
763 1742 938 1779 omnibus
971 1757 1057 1781 cum
1082 1745 1224 1795 oppido

85 1804 326 1848 -simulacris,
365 1805 488 1842 solum
518 1806 706 1842 Minervae
740 1807 980 1844 simulacrum
1012 1808 1081 1845 sub
1115 1816 1225 1846 tanta

103 1868 213 1903 ruina
238 1868 370 1918 templi
401 1868 515 1913 illius,
549 1876 591 1905 ut
615 1869 747 1906 scribit
771 1870 917 1914 Livius,
938 1873 1128 1920 integrum
1147 1879 1224 1909 ste-

102 1931 194 1966 tisse
236 1931 467 1981 perhibetur.
524 1935 714 1980 Angustia.
747 1935 791 1970 de
820 1937 915 1972 civit.
948 1937 1039 1980 Dei,
1077 1938 1136 1974 lib.
1170 1938 1224 1974 iii.

101 2007 181 2043 cap.
204 1994 265 2031 vii.

159 2057 248 2094 Hoc
267 2058 430 2108 primum
462 2059 639 2109 proelium
673 2061 771 2098 inter
800 2062 1009 2100 Sertorium
1041 2070 1079 2101 et
1107 2065 1223 2103 Pom-

105 2120 232 2170 peium
255 2120 354 2158 fuit:
387 2122 517 2159 decem
537 2123 655 2160 millia
674 2125 870 2162 homiuum
895 2127 940 2163 de
966 2127 1138 2179 Pompeii
1159 2142 1225 2166 ex-

92 2184 226 2229 ‚egestu
245 2184 454 2228 mnissa‚.et
473 2188 602 2223 omnia
627 2188 909 2239 impedimenta,
933 2191 1064 2229 Liv1us
1093 2201 1225 2231 auctor

97 2252 171 2285 est.
228 2248 390 2288 Frontin.
411 2251 470 2289 lib.
486 2253 525 2290 ii.
542 2253 705 2300 Strateg.
722 2268 800 2304 cap.
820 2269 854 2293 v.
874 2268 927 2294 ex.
947 2257 1011 2295 31.

597 2316 635 2352 D
654 2317 678 2354 d
696 2318 720 2354 4
