1546 2648
399 178 557 209 LIBER·
577 176 681 206 XLI
715 174 821 204 CAP.
845 174 941 203 v11.
1141 172 1221 216 293

166 265 258 306 Vn.
286 268 487 319 Triumphi
517 266 651 303 deinde
681 277 727 300 ex
750 262 939 312 Hispania
959 261 1034 297 duo
1053 260 1279 298 continuiU.
1292 265 1329 296 C.
1346 269 1420 299 57⁴.

115 333 202 368 acti.
258 332 368 369 Prior
389 330 634 381 Sempronius
661 325 856 363 Gracchus
876 325 921 361 de
942 324 1142 361 Celtiberis
1163 337 1224 361 so-

115 396 257 445 ciisque
286 407 439 441 eorum3
472 401 626 445 postero
656 393 715 428 die
743 390 790 427 L.
811 389 1028 425 Postumius
1049 389 1094 425 de
1113 388 1227 425 Lusi-

117 461 214 496 tanis
241 460 398 510 aliisque
420 460 586 510 ejusdem
615 455 780 505 regionis
807 453 990 503 Hispanis
1016 453 1227 502 triumpha-

116 524 169 559 vit
188 538 195 559 :
227 525 480 573 quadraginta
497 523 616 559 millia
634 520 764 571 pondo
784 518 930 567 argenti
950 515 1011 554 Ti.
1033 516 1227 553 Gracchus

116 587 324 630 transtulit,
352 588 486 637 viginti
515 585 634 622 millia
661 583 836 620 Albinus.
892 580 1082 617 Militibus
1112 580 1228 617 dena-

115 651 190 686 rios
211 652 345 699 quinos
366 652 534 693 vicenos,
553 647 692 698 duplex
712 645 940 687 centurioni,
958 643 1094 694 triplex
1111 644 1228 692 equiti

116 714 229 751 ambo
259 715 489 751 diviserunt:
524 713 635 749 sociis
665 709 915 751 tantumdem,
937 713 1119 757 quantum
1145 707 1228 744 Ro-

115 778 249 815 manis.
305 778 378 822 Per
398 777 550 814 eosdem
576 776 677 812 forte
697 774 776 810 dies
794 772 852 810 Μ,
871 772 896 808 J
902 773 1010 807 unius
1031 771 1164 808 consul
1182 784 1229 808 ex

115 840 230 876 Istria
248 842 489 877 comitiorum
510 850 642 876 caussa
659 837 826 873 Romam
846 836 962 872 venit.
991 834 1093 871 Eum
1113 848 1229 884 quum

116 904 154 939 in
185 912 318 940 senatu
337 904 563 953 fatigassent
591 899 956 949 interrogationibus
986 899 1129 935 tribuni
1148 899 1230 950 ple-

115 967 174 1004 bis
193 968 367 1017 Papirius
388 961 434 1004 et'
445 967 614 1003 Licinius
636 966 682 1002 de
700 966 773 1008 his,
800 977 883 1013 quoe
913 964 952 999 in
975 963 1086 999 lstria
1106 969 1232 999 essent

115 1038 216 1075 acta,
238 1033 276 1068 in
306 1033 530 1068 concionem
558 1043 708 1080 quoque
728 1029 1001 1080 produxerunt.
1057 1027 1120 1063 Ad
1148 1040 1231 1076 quae

117 1109 233 1145 quum
253 1096 399 1140 consul,
418 1109 453 1132 se
482 1097 556 1132 dies
584 1108 652 1132 non
677 1096 761 1143 plus
780 1094 942 1129 undecim
962 1094 999 1128 in
1015 1104 1058 1128 ea
1084 1093 1232 1140 provin-

120 1161 178 1195 cia
196 1159 329 1208 fuisse,
350 1159 622 1210 responderet,
655 1170 732 1207 quae
758 1169 794 1193 se
822 1157 963 1193 absente
991 1161 1076 1191 acta
1104 1161 1230 1199 essent,

119 1236 156 1260 se
175 1236 324 1272 quoque,
353 1230 394 1260 ut
412 1225 505 1267 illos,
525 1223 637 1272 fama
660 1227 841 1271 comperta
869 1221 1020 1265 habere,·
1050 1232 1232 1269 exseque-

120 1287 261 1323 bantur
294 1288 429 1324 deinde
462 1294 686 1337 quaerenteS,
723 1287 819 1327 Quid
849 1287 902 1321 ita
936 1297 1005 1320 non
1034 1287 1156 1333 potius
1185 1286 1232 1321 A.

122 1352 285 1388 Manlius
307 1353 459 1389 Romam
478 1355 640 1394 venisset,
660 1356 702 1387 ut
719 1352 897 1386 rationem
921 1350 1086 1385 redderet
1098 1350 1235 1397 populo

124 1416 304 1460 Romano,
326 1430 388 1453 cur
407 1429 448 1453 ex
473 1417 597 1452 Gallia
620 1416 821 1464 provincia,
842 1426 949 1462 quam
967 1417 1114 1449 sortitus
1133 1419 1240 1457 esset,

125 1482 162 1516 in
178 1482 325 1517 Istriam
345 1483 559 1518 transisset?
588 1481 730 1529 quando
752 1481 788 1516 id
807 1480 938 1515 bellum
954 1484 1097 1514 senatus
1117 1480 1236 1514 decre-

123 1546 240 1587 visset,
271 1547 471 1593 quandoid
500 1545 630 1582 bellum
653 1545 812 1593 populus
841 1543 1026 1578 Romanus
1044 1542 1240 1590 jussisset?

126 1610 191 1650 At,
211 1609 381 1652 Hercule,
396 1611 544 1657 privato
564 1610 705 1657 quidem
727 1609 873 1644 consilio
892 1607 1021 1643 bellum
1039 1611 1240 1654 susceptum

127 1685 210 1716 esse,
227 1675 286 1709 sed
302 1678 439 1721 gestum
456 1675 654 1722 prudenter
672 1672 907 1721 fithlterque.
966 1672 1096 1714 Immo,
1117 1676 1241 1707 utrum

123 1742 325 1784 susceptum
342 1740 389 1772 sit
408 1739 567 1785 nequius,
589 1749 635 1772 an
654 1737 887 1773 inconsultius
908 1740 1059 1783 gestum,
1081 1735 1154 1771 dici
1171 1746 1242 1771 non

123 1812 235 1848 posse.
284 1801 465 1836 Stationes
484 1802 575 1836 duas
593 1802 844 1849 necopinantes
863 1800 906 1835 ab
926 1800 1030 1834 Istris
1047 1799 1241 1846 obpressos,

129 1869 248 1899 castra
269 1863 436 1900 Romana
456 1869 576 1912 capta,
598 1865 693 1913 quod
708 1865 884 1912 peditum,
907 1864 1001 1911 quod
1019 1865 1176 1911 equitum
1208 1864 1245 1898 z'n

130 1930 255 1964 castris
275 1928 399 1976 fuerit
414 1945 426 1964 .·
455 1934 586 1965 ceteros
620 1931 769 1964 inermes
786 1927 975 1975 fusosque,
1010 1932 1094 1963 ante
1126 1938 1246 1962 omnes

129 1993 305 2027 consulem
325 1994 453 2040 ipsam,
473 1994 522 2028 ad
543 2005 640 2028 mare
656 2005 698 2028 ac
716 2004 822 2027 naves
840 1991 995 2039 fugisse.
1052 1991 1245 2026 Privatum

127 2057 303 2092 rationem
321 2057 549 2092 redditurum
569 2069 693 2092 earum
721 2067 842 2091 rerum
867 2067 951 2096 esse,
973 2056 1141 2102 quoniam
1161 2066 1244 2090 con-

129 2120 187 2154 sul
204 2120 383 2156 noluisset.

186 2179 298 2218 VIII.
329 2183 496 2219 Comitia
515 2183 649 2219 deinde
669 2182 824 2218 habita:
852 2181 1025 2219 consules
1047 2181 1178 2224 creati,
1201 2181 1244 2217 C.

133 2244 314 2280 Claudius
337 2245 509 2289 Pulcher,
526 2247 587 2283 Ti.
608 2247 853 2296 Sempronius
875 2245 1070 2281 Gracchus
1088 2260 1094 2280 ι
1119 2251 1157 2280 et
1175 2257 1245 2294 po-

135 2315 236 2344 stero
267 2309 325 2345 dic
355 2317 532 2360 praetores
562 2311 669 2354 facti,
702 2311 745 2348 P.
764 2310 890 2348 AElius
910 2310 1064 2347 Tubero
1095 2311 1244 2353 iterum,

637 2374 673 2409 O
692 2376 715 2411 3

1236 309 1419 343 A..·Ci78

1258 2185 1300 2215 U.
1316 2183 1351 2214 C.
1367 2190 1440 2219 57⁵·

1257 2230 1297 2258 A.
1313 2226 1348 2256 C.
1369 2233 1440 2263 177.
