1546 2648
84 261 175 293 U.c.
193 268 266 298 ⁵71.

84 306 123 335 Α.
139 305 175 336 C.
195 311 266 337 181.

84 769 169 820 Libri
185 770 256 801 Nu-

85 821 149 842 mae
162 823 212 843 m-

85 862 183 887 venti.

277 166 359 214 252
441 214 446 221 .
724 172 771 200 T.
795 171 929 200 mvn

277 259 353 295 rios
389 258 543 304 milites,
579 260 764 297 tumultus
804 272 938 297 caussa
973 259 1224 311 conscriptos,
1261 259 1386 310 primo

278 336 429 374 quoque
442 330 613 374 tempore
632 325 782 362 dimitti.

330 388 490 426 XXIX.
517 388 679 426 Colonia
704 388 895 425 Graviscae
928 401 974 425 eo
1004 401 1105 424 anno
1137 388 1297 424 deducta
1326 392 1386 423 est

276 452 317 488 in
349 465 480 501 agrum
513 452 731 497 Etruscum,
752 454 796 490 de
823 452 1162 502 Tarquiniensibus
1191 450 1383 500 quondam

277 522 442 566 captum.
492 518 621 556 Quina
639 517 778 568 jugera
806 518 885 566 agri
911 517 1023 553 data:
1051 516 1199 552 tresviri
1219 516 1384 552 deduxe-

276 584 380 622 runt,
394 580 437 617 C.
452 580 678 630 Calpurnius
691 581 795 623 Piso,
809 581 852 617 P.
867 580 1045 616 Claudius
1062 578 1236 622 Pulcher,
1251 579 1296 615 C,
1307 578 1384 614 Te-

276 643 421 679 rentius
448 643 558 680 Istra.
616 644 794 679 Siccitate
823 651 861 679 et
889 644 1018 693 inopia
1046 642 1198 690 frugum
1223 642 1382 690 insignis

278 718 398 742 annus
414 706 499 743 fuit.
543 706 615 741 Sex
632 719 778 742 menses
799 719 1004 755 numquam
1020 705 1173 755 pluisse,
1193 705 1384 741 memoriae

277 769 469 819 proditum
506 775 575 805 est.
631 769 779 805 Eodem
817 782 918 806 anno
954 771 993 805 in
1037 781 1128 817 agro
1164 768 1211 805 L.
1243 767 1387 804 Petillii

278 832 410 868 scribae
436 831 505 868 sub
525 832 717 875 Janiculo,
747 833 835 868 dum
866 833 1032 869 cultores
1062 833 1140 880 agri
1162 831 1273 868 altius
1301 844 1385 868 mo-

275 895 421 932 liuntur
452 902 605 939 terram,
639 897 720 933 duae
752 897 909 946 lapideae
940 909 1049 939 arcae,
1077 903 1236 931 octonos
1265 894 1384 931 ferme

275 960 388 1010 pedes
408 959 547 1009 longae,
567 969 769 1009 quaternos
801 960 900 1003 latae‚
922 961 1082 995 inventae
1103 966 1204 1001 sunt,
1226 972 1386 1008 opercu-

276 1023 321 1059 lis
358 1023 515 1074 plumbo
552 1024 746 1061 devinctis.
801 1024 942 1060 Literis
980 1024 1128 1060 Latinis
1166 1023 1384 1071 Graecisque

277 1094 436 1135 utraque
455 1100 542 1123 arca
561 1087 742 1137 inscripta
761 1094 840 1122 erat
856 1104 864 1131 3
887 1088 925 1123 in
946 1087 1063 1123 altera
1082 1086 1248 1122 Numam
1268 1086 1383 1122 Pom-

276 1150 424 1200 pilium,
456 1151 664 1201 Pomponis
698 1151 830 1192 filium,
861 1163 988 1198 regem
1020 1150 1297 1192 Romanorum,
1325 1162 1385 1186 se-

276 1213 424 1264 pultum
450 1227 556 1257 esse;
589 1215 627 1250 in
657 1214 775 1251 altera
807 1214 923 1250 libros
949 1213 1088 1250 Numae
1118 1213 1295 1263 Pompilii
1325 1215 1383 1249 in-

278 1290 370 1315 esse.
426 1278 503 1314 Eas
533 1291 636 1315 arcas
667 1291 781 1328 quum
812 1292 856 1315 ex
883 1279 1089 1315 amicorum
1109 1278 1297 1313 sententia
1316 1278 1384 1314 do-

276 1343 400 1378 minus
430 1343 651 1392 aperuisset,
681 1356 763 1392 quae
793 1343 943 1378 titulum
974 1342 1110 1392 sepulti
1138 1342 1237 1391 regis
1263 1341 1384 1378 habu-

277 1412 372 1449 erat,
393 1407 515 1442 inanis
539 1407 706 1449 inventa,
728 1408 809 1443 sine
839 1406 915 1442 ullo
945 1407 1105 1455 vestigio
1125 1407 1293 1455 eorporis
1312 1407 1384 1442 hu·

275 1470 393 1513 mani,
415 1476 480 1506 aut
508 1469 618 1505 ullius
639 1471 706 1513 rei,
727 1483 794 1519 per
811 1470 938 1506 tabem
967 1475 1027 1505 tot
1055 1482 1238 1505 annorum
1259 1471 1383 1506 omni-

275 1532 345 1568 bus
375 1532 583 1569 absumtis:
617 1535 654 1568 in
685 1533 803 1569 altera
831 1533 906 1569 duo
935 1533 1069 1575 fasces,
1091 1532 1254 1568 candelis
1274 1534 1382 1569 invo—

270 1595 361 1639 -luti,
388 1602 563 1646 septenos
592 1597 759 1633 habuere
788 1597 919 1640 libros,
949 1609 1026 1632 non
1057 1597 1223 1646 integros
1253 1597 1382 1642 modo,

276 1660 341 1695 sed
355 1661 611 1696 recentissima
631 1662 767 1710 specie.
805 1661 955 1711 Septem
976 1661 1107 1697 Latini
1123 1661 1268 1712 dejure
1287 1674 1384 1712 pon-

276 1723 395 1759 tificio
422 1730 554 1769 erant,
588 1731 730 1774 septem
751 1723 873 1761 Graeci
894 1725 939 1760 de
959 1724 1156 1774 disciplina
1173 1725 1382 1774 sapientiae,

276 1799 358 1836 quae
380 1786 477 1822 illius
499 1788 619 1822 aetatis
641 1799 721 1823 esse
740 1789 877 1837 potuit.
933 1787 1077 1837 Adjicit
1105 1789 1240 1825 Antias
1271 1788 1383 1825 Vale-

276 1850 367 1892 rius,
401 1849 677 1898 Pythagoricos
713 1850 844 1894 fuisse,
882 1849 1044 1900 vulgatae
1085 1852 1272 1901 opinioni,
1310 1865 1384 1901 qua

278 1913 455 1957 creditur,
472 1913 699 1962 Pythagorae
719 1915 929 1951 auditorem
950 1915 1064 1952 fuisse
1079 1915 1260 1959 Numam,
1278 1929 1383 1953 men-

280 1977 388 2013 dacio
409 1977 599 2026 probabili
627 1978 915 2015 adcommodata
934 1979 1017 2016 fide.
1074 1979 1203 2015 Primo
1222 1980 1269 2016 ab
1289 1982 1383 2017 ami-

279 2041 346 2083 cis,
365 2042 428 2089 qui
448 2041 486 2076 in
502 2054 542 2077 re
561 2043 736 2091 praesenti
756 2042 922 2086 fuerunt,
944 2043 1028 2078 libri
1049 2043 1135 2079 lecti
1155 2059 1162 2079 :
1195 2056 1283 2080 mox
1299 2045 1382 2094 plu-

277 2104 380 2140 ribus
396 2104 607 2152 legentibus
627 2119 742 2154 quum
761 2107 1015 2156 vulgarentur,
1033 2108 1080 2146 Q.
1096 2106 1267 2143 Petillius
1287 2121 1384 2158 prae-

276 2175 338 2203 tor
357 2167 536 2212 urbanus,
557 2169 746 2205 studiosus
777 2170 940 2218 legendi,
966 2183 1030 2206 eos
1060 2170 1173 2207 libros
1193 2184 1215 2207 a
1243 2171 1289 2208 L.
1309 2172 1383 2209 Pe-

275 2230 373 2268 tillio
402 2232 561 2269 sumsit:
594 2237 631 2269 et
650 2238 730 2269 erat
757 2233 951 2270 familiaris
978 2246 1078 2279 usus,
1100 2234 1200 2284 quod
1219 2235 1381 2274 scribam
