1546 2648
352 198 505 227 LIBER
532 197 736 226 xxxvu.
771 196 878 226 cAP.
902 197 1010 226 XLI.
1165 198 1221 239 49

109 284 278 323 Tralles:
319 285 395 322 duo
428 285 548 322 millia
577 291 616 322 et
648 285 847 335 quingenti
878 284 982 334 Mysi
1017 285 1221 334 sagittariis
1235 289 1416 322 U.c.⁵62.

111 349 279 400 adjuncti
306 357 424 389 erant.
480 351 706 387 Extremum
733 363 850 387 cornu
878 350 1105 386 claudebant
1131 364 1223 400 qua-
1234 334 1325 364 A‘C‘
1347 341 1419 366 ¹⁹⁹·

109 419 198 450 tuor
216 414 334 451 millia
359 415 468 452 mixti
492 415 634 464 Cyrtaei
657 414 884 456 funditores,
914 420 952 449 et
975 413 1136 463 Elymaei
1165 427 1225 450 sa-

111 478 268 525 gittarii.
323 480 386 516 Ab
405 480 500 517 laevo
526 493 645 517 cornu
674 480 906 530 phalangitis
928 478 1097 529 adjuncti
1118 486 1227 516 erant

108 541 336 592 Gallograeci
363 545 506 594 equites
541 544 643 581 mille
670 551 708 580 et
737 545 956 594 quingenti:
990 550 1028 580 et
1054 544 1228 580 similiter

109 606 168 644 his
198 610 333 645 armati
359 610 434 645 duo
460 609 579 646 millia
605 609 902 659 Cappadocum:
938 608 1003 656 (ab
1023 609 1229 645 Ariarathe

109 674 213 710 missi
244 679 352 709 erant
384 675 497 722 regi).
561 673 656 709 Inde
690 672 890 710 auxiliares
918 673 1026 709 mixti
1056 673 1228 709 omnium

112 750 292 787 generum
325 737 400 774 duo
433 737 552 774 millia
587 744 624 773 et
659 738 906 788 septingenti,
941 743 979 773 et
1012 737 1086 773 tria
1111 736 1230 773 millia

111 803 444 852 cataphractorum
465 803 650 851 equitum,
672 808 709 838 et
729 802 832 839 mille
858 802 922 839 alii
942 803 1102 852 equites,
1124 802 1230 851 regia

113 866 172 903 ala
186 867 389 904 levioribus
409 868 638 915 tegumentis
656 868 731 903 suis
747 880 1018 917 equorumque,
1036 866 1111 903 alio
1126 866 1227 903 haud

110 930 281 967 dissimili
309 931 463 967 habitu:
497 931 579 980 Syri
611 930 781 981 plerique
811 939 921 967 erant
948 930 1162 980 Phrygibus
1190 936 1229 967 et

110 994 227 1044 Lydis
248 995 411 1032 inmixti.
468 996 572 1031 Ante
599 995 701 1030 hunc
729 995 940 1044 equitatum
965 994 1113 1031 falcatae
1134 1007 1227 1044 qua-

110 1059 224 1109 drigae
245 1066 283 1096 et
303 1060 449 1103 cameli,
471 1072 565 1109 quos
591 1059 783 1109 adpellant
802 1059 1022 1096 dromadas:
1053 1059 1112 1095 his
1133 1059 1225 1095 insi-

111 1125 254 1160 debant
282 1125 427 1161 Arabes
459 1124 660 1174 sagittarii,
684 1123 830 1172 gladios
860 1124 1045 1160 habentes
1078 1129 1225 1167 tenues,

111 1188 248 1237 longos
266 1195 450 1238 quaterna
471 1189 611 1231 cubita,
634 1194 674 1224 ut
703 1201 748 1224 ex
777 1195 887 1224 tanta
913 1188 1113 1224 altitudine
1133 1201 1226 1225 con-

111 1253 259 1301 tingere
284 1254 434 1289 hostem
463 1259 631 1304 possent.
688 1252 783 1289 Inde
809 1253 883 1289 alia
914 1252 1133 1296 multitudo,
1158 1265 1226 1302 par

111 1317 160 1360 ei,
182 1330 263 1365 quae
290 1318 327 1352 iu
359 1318 492 1354 dextro
513 1331 632 1355 cornu
660 1326 762 1364 erat5
797 1319 908 1368 primi
927 1319 1143 1362 Tarentini,
1166 1319 1230 1355 de-

110 1381 197 1416 inde
208 1380 530 1430 Gallograecorum
549 1383 717 1431 equitum
734 1383 808 1418 duo
822 1382 938 1418 millia
956 1389 993 1418 et
1010 1383 1223 1431 quingenti,

108 1445 196 1481 inde
216 1444 424 1481 Neocretes
446 1446 561 1488 mille,
584 1453 620 1482 et
641 1446 774 1482 eodem
795 1454 943 1482 armatu
964 1446 1078 1481 Cares
1100 1454 1138 1482 ct
1158 1447 1223 1484 Ci-

108 1508 197 1545 lices
217 1509 319 1546 mille
346 1518 384 1547 et
409 1512 622 1560 quingenti,
654 1518 692 1547 et
720 1512 881 1547 totidem
910 1510 1071 1554 Tralles,
1093 1517 1130 1547 et
1150 1513 1224 1548 tria

107 1574 226 1611 millia
245 1582 506 1620 caetratm·um3
543 1576 696 1623 (Pisidae
719 1577 759 1612 bi
786 1584 908 1619 erant,
931 1583 968 1612 et
990 1576 1221 1625 Pamphylii,

108 1644 146 1674 et
175 1639 301 1688 Lycii)
324 1646 402 1676 tum
432 1639 669 1689 Cyrtaeorum
697 1647 735 1676 et
763 1640 1021 1690 Elymaeorum
1051 1640 1155 1690 paria
1182 1641 1221 1676 in

108 1702 242 1739 dextro
266 1717 384 1740 cornu
412 1704 546 1740 locatis
578 1705 732 1748 auxilia,
756 1712 794 1742 ct
813 1706 1000 1742 sexdecim
1029 1704 1221 1756 elephanti
1242 1740 1245 1743 Δ

107 1767 260 1803 modico
280 1768 479 1804 intervallo
500 1769 696 1806 distantes.

159 1831 269 1868 XLI.
298 1831 384 1868 Rex
403 1833 483 1882 ipse
508 1834 546 1868 in
568 1834 724 1870 dextero
745 1846 862 1870 cornu
883 1840 987 1871 erat:
1020 1835 1219 1873 Seleucum

106 1895 223 1931 filium
243 1901 281 1931 et
303 1896 549 1946 Antipatrum
569 1896 695 1933 fratris
724 1897 842 1933 filium
872 1898 911 1934 in
945 1898 1040 1936 laevo
1070 1913 1219 1952 praepo-

107 1960 199 1995 suit:
230 1961 355 1997 media
373 1962 472 1997 acies
490 1961 609 1997 tribus
627 1963 822 2011 permissa,
838 1962 1021 2006 Minioni‚
1040 1972 1077 2000 et
1091 1965 1217 2002 Zeux-
1230 1974 1352 2018 Pugna.

104 2025 169 2069 idi,
205 2032 242 2062 et
277 2026 456 2077 Philippo
490 2028 674 2076 magistro
705 2028 1007 2079 elephantorum.
1066 2031 1220 2068 Nebula

105 2091 303 2134 matutina,
326 2099 517 2128 crescente
546 2093 605 2129 die
634 2092 759 2130 levata
791 2095 829 2130 in
859 2094 994 2138 nubes,
1016 2095 1219 2144 caliginem

105 2154 230 2190 dedit:
261 2156 397 2192 humor
416 2157 517 2200 inde,
539 2157 586 2193 ab
607 2164 737 2194 austro
757 2158 873 2202 velut,
890 2160 1056 2209 perfudit
1075 2162 1218 2198 omnia.

107 2218 205 2255 Quae
238 2218 332 2255 nihil
364 2220 566 2257 admodum
601 2221 802 2266 Romanis,
838 2223 968 2259 eadem
1002 2225 1218 2274 perincom-

104 2282 216 2318 moda
230 2283 342 2331 regiis
362 2292 491 2321 erant:
524 2299 610 2323 nam
639 2293 677 2323 et
705 2287 915 2324 obscuritas
945 2288 1038 2324 lucis
1070 2290 1108 2325 in
1137 2291 1218 2326 acie

103 2347 253 2383 modica
271 2346 458 2385 Romanis
474 2363 553 2386 non
569 2351 760 2388 adimebat
780 2353 817 2388 in
833 2365 963 2388 omnes
980 2359 1105 2403 partes
1123 2366 1216 2389 con-

103 2416 292 2461 spectmn3
325 2418 363 2449 et
390 2413 540 2459 humor,
570 2421 656 2452 toto
684 2416 763 2453 fere
792 2418 897 2466 gravi
930 2424 1092 2461 armatu,
1120 2417 1214 2456 nihil

153 2474 251 2513 Vo1..
272 2476 341 2514 IV.
634 2480 673 2517 D
