1546 2648
310 160 466 191 LIBER
491 158 673 195 xxxlx.
705 159 813 187 CAP.
837 160 903 188 LI.
1083 159 1162 190 211

14 269 18 274 ·
55 247 118 297 qni
147 259 334 286 venenum
365 247 492 284 ferret.
547 247 720 297 Accepto
751 246 905 300 poculo,
941 246 1036 283 nihil
1065 247 1167 284 aliud

55 310 224 353 locutum
242 311 384 356 ferunt,
405 324 516 362 quam
534 312 726 361 quaesisse,
741 313 773 349 si
792 313 977 348 incolumis
992 313 1168 360 Lycortas

57 376 106 423 (is
134 376 230 413 alter
258 377 463 428 imperator
484 377 714 414 Achaeorum
743 377 841 423 erat)
863 378 1066 425 equitesque
1083 390 1166 414 eva-

49 442 210 479 sissent?
236 442 445 492 Postquam
474 442 618 478 dictum
646 448 716 485 est,
733 443 927 478 incolumes
945 454 1038 487 esse3
1072 443 1168 480 Bene

51 504 168 550 habet,
199 506 322 556 inquit
337 522 349 553 3
382 513 433 550 et,
460 506 600 556 poculo
626 506 802 556 inpavide
832 506 1034 550 exhausto,
1064 507 1167 544 haud

49 568 105 607 ita
130 569 251 606 multo
277 576 366 620 post
384 570 600 620 exspiravit.
656 570 750 606 Non
780 569 1001 606 diuturnum
1031 571 1165 606 mortis

0 635 1 660 ἶ
48 630 130 682 ejus
147 634 327 682 gaudium
343 633 561 670 auctoribus
579 633 811 670 crudelitatis
827 633 919 669 fuit:
942 634 1043 670 victa
1057 647 1166 670 nam-

49 709 122 746 que
140 696 319 735 Messene
337 699 439 736 bello
460 697 753 749 exposcentibus
772 697 924 734 Achaeis
943 699 1167 737 noxiosde-

49 761 159 806 didit,
176 776 336 813 ossaque
357 764 502 801 reddita
516 763 818 814 Philopoemenis
838 769 950 800 sunt:
983 769 1021 799 et
1041 763 1167 814 sepul-

49 832 110 863 tus
131 826 178 864 ab
201 829 375 864 universo
395 829 566 865 Achaico
586 834 644 865 est
667 827 845 871 concilio,
873 828 968 864 adeo
988 827 1165 864 omnibus

48 890 224 929 humanis
254 893 444 941 congestis
474 891 701 935 honoribus,
724 898 765 928 ut
792 904 840 927 ne
860 891 994 928 divinis
1014 892 1165 940 quidem

1183 250 1224 280 U.
1237 250 1274 281 C.
1290 255 1364 284 569.

1179 295 1219 325 A.
1232 293 1269 324 C.
1283 299 1356 325 183.

1181 349 1315 378 Veneno

1179 391 1313 423 tollitur.

51 954 316 994 abstineretur.
373 957 435 993 Ab
465 956 713 1006 scriptoribus
739 968 865 992 rerum
888 955 1031 992 Graecis
1055 957 1164 993 Lati·
1177 960 1255 990 Tres
1271 959 1364 989 nobi-

51 1020 186 1069 nisque
214 1028 363 1058 tantum
391 1021 481 1058 huic
501 1021 582 1057 viro
614 1020 807 1063 tribuitur,
829 1026 871 1057 ut
899 1034 922 1057 a
940 1021 1165 1070 quibusdam

1179 1003 1224 1033 les
1247 1004 1386 1042 impera-

1179 1054 1260 1077 tores
1276 1055 1364 1077 mor-

52 1096 197 1129 eorum,
218 1086 321 1123 velut
341 1087 388 1123 ad
407 1087 594 1136 insignem
614 1092 748 1122 notam
763 1084 876 1136 hujus
897 1087 1001 1129 anni,
1022 1098 1165 1123 memo·
1179 1089 1239 1120 tui.

52 1149 118 1185 riae
148 1151 366 1188 mandatum
395 1151 459 1194 sit,
479 1158 554 1187 tres
585 1150 706 1187 claros
730 1151 978 1200 imperatores
999 1163 1044 1187 eo
1064 1164 1167 1188 anno

53 1214 270 1259 decessisse,
291 1215 634 1266 Philopoemenem,
655 1216 929 1259 Hannibalem,
955 1216 997 1253 P.
1019 1216 1168 1266 Scipio-

49 1290 164 1316 nem:
197 1280 291 1316 adeo
311 1282 351 1318 in
381 1294 489 1330 aequo
516 1294 602 1317 eum
630 1281 787 1318 duarum
817 1281 1169 1330 potentissimarum

51 1344 221 1392 gentium
243 1345 398 1382 summis
419 1346 717 1396 imperatoribus
732 1351 954 1395 posuerunt.

103 1408 174 1446 LI.
203 1410 264 1445 Ad
282 1410 457 1447 Prusiam
476 1423 603 1459 regem
620 1410 767 1459 legatus
787 1410 834 1447 T.
855 1409 1059 1449 Quinctius
1079 1407 1168 1445 Fla-

51 1474 217 1510 mininus
238 1475 354 1517 venit,
372 1486 484 1524 quem
504 1482 722 1525 suspectum
738 1475 925 1511 Romanis
942 1481 980 1510 et
994 1480 1168 1524 receptus

51 1546 140 1589 post
157 1538 288 1588 fugam
314 1540 497 1576 Antiochi
520 1539 732 1583 Hannibal,
761 1546 799 1576 et
823 1539 966 1576 bellum
992 1538 1169 1574 adversus

52 1601 264 1640 Eumenem
293 1609 439 1639 motum
468 1603 657 1640 faciebat:
690 1603 757 1646 ibi,
780 1616 846 1639 seu
875 1604 962 1651 quia
987 1617 1008 1638 a
1027 1601 1170 1638 Flami-

54 1667 146 1703 nino
175 1667 274 1704 inter
303 1674 427 1703 cetera
459 1666 654 1717 objectum
684 1667 827 1703 Prusiae
858 1674 952 1710 erat,
973 1666 1171 1710 hominem

53 1732 238 1775 omnium,
259 1732 323 1780 qui
342 1732 525 1774 viverent,
548 1732 834 1768 infestissimum
858 1729 1002 1781 populo
1022 1729 1170 1766 Roma·

53 1807 105 1832 no
128 1797 228 1846 apud
257 1809 342 1833 eum
363 1809 457 1840 esse,
479 1798 542 1846 qui
568 1797 700 1847 patriae
724 1809 800 1832 suae
820 1796 997 1846 primum,
1019 1793 1169 1836 deinde,

52 1859 182 1897 fractis
212 1860 292 1911 ejus
322 1861 473 1911 opibus,
503 1861 700 1897 Antiocho
729 1862 809 1909 regi
840 1866 974 1896 auctor
992 1858 1082 1894 belli
1103 1858 1170 1894 ad-

53 1936 180 1962 versus
212 1925 394 1976 populum
428 1926 646 1962 Romanum
676 1925 834 1962 fuisset:
867 1937 933 1960 seu
964 1924 1052 1972 quia
1089 1922 1171 1971 ipse

53 1985 220 2032 Prusias,
238 1996 278 2026 ut
294 1990 571 2039 gratificaretur
590 1990 766 2040 praesenti
785 1988 1002 2024 Flaminino
1023 1986 1169 2021 Roma-

53 2053 202 2102 nisque,
222 2067 288 2104 per
307 2067 347 2092 se
366 2056 527 2092 necandi
547 2062 612 2091 aut
632 2053 803 2090 tradendi
826 2051 906 2102 ejus
933 2051 972 2086 in
998 2056 1169 2100 potesta—

57 2121 134 2155 tem
163 2118 362 2156 consilium
392 2120 516 2169 cepit3
549 2132 571 2156 a
589 2119 714 2169 primo
740 2116 945 2165 conloquio
964 2112 1172 2151 Flaminini

60 2178 199 2216 milites
227 2182 417 2234 extemplo
445 2184 493 2219 ad
521 2183 675 2219 domum
703 2178 932 2218 Hannibalis
953 2176 1172 2214 custodien-

30 2243 148 2291 ‚dam
179 2244 283 2280 missi
311 2252 410 2284 sunt.
467 2247 624 2297 Semper
658 2245 773 2282 talem
803 2244 946 2281 exitum
976 2242 1061 2281 vitae
1096 2251 1173 2274 sua:

40 2306 44 2307 ⁷
61 2307 257 2348 Hannibal
284 2318 530 2364 prospexerat
550 2313 694 2356 animo,
711 2317 751 2348 et
776 2310 1044 2348 Romanorum
1063 2306 1172 2343 inex<
