1546 2648
273 142 359 197 562
705 151 952 182 EPITOMAE

274 244 396 280 consul
414 247 566 287 creatus,
587 248 756 292 quartum
773 244 998 280 consulatum
1017 243 1284 282 dissimulanter
1303 257 1390 294 eap-

276 312 356 344 tans
382 312 585 344 consecutus
603 312 666 344 est.
724 306 788 344 Cn.
809 308 998 344 Domitius
1024 307 1189 357 pontifex
1215 310 1392 345 maximus

270 372 399 421 populi
416 372 589 421 suffragio
609 376 750 409 creatus
767 377 830 409 est.
876 373 1022 416 Cimbri,
1045 375 1194 410 vastatis
1218 375 1390 417 omnibus,

274 448 352 483 quae
379 437 472 472 inter
497 435 715 473 Rhodanum
743 441 778 473 et
802 437 1015 486 Pyrenaeum
1042 444 1137 481 sunt,
1164 451 1230 488 per
1257 440 1390 474 saltum

271 500 309 535 in
325 500 544 547 Hispaniam
575 502 795 548 transgressi,
825 501 942 549 ibique
967 502 1085 538 multa
1104 503 1181 538 loca
1207 503 1388 551 populati,

272 575 296 599 a
316 563 499 600 Celtiberis
514 563 647 612 fugati
669 569 752 600 sunt
766 581 778 601 .·
805 567 1002 614 reversique
1021 567 1057 603 in
1081 567 1257 611 Galliam,
1287 566 1388 603 belli.-

271 628 359 664 cosz's
375 639 412 664 se
432 628 597 663 Teutonis
616 626 888 673 conjunxerunt.

726 722 921 762 LXVIII.

269 791 352 846 Μ
374 810 695 848 ANTONIUS
730 814 865 859 proetor
906 811 945 846 in
981 809 1148 847 Ciliciam
1190 812 1391 849 maritimos

263 876 452 923 praedones
474 880 681 923 persecutus
699 879 762 911 est.
820 875 860 911 C.
880 874 1024 911 Marius
1042 875 1165 911 consul
1187 887 1328 912 summa
1351 878 1388 913 vi

268 937 472 986 obpugnata
489 951 512 974 a
538 940 707 975 Teutonis
735 944 771 975 et
788 938 1024 974 Ambronibus
1054 943 1172 975 castra
1195 938 1357 987 defendit
1372 955 1386 976 .-

270 1002 403 1039 duobus
421 1004 548 1039 deinde
562 1003 698 1051 proeliis
715 1003 811 1038 circa
825 1003 950 1050 Aquas
963 1002 1105 1038 Sextias
1119 1014 1176 1038 eos
1194 1002 1308 1039 hostes
1325 1004 1388 1039 de-

268 1065 365 1108 levit,
393 1068 429 1102 in
449 1066 573 1114 quibus
591 1078 679 1103 caesa
700 1066 892 1102 traduntur
911 1064 1064 1101 hostium
1079 1066 1232 1101 ducenta
1249 1067 1382 1110 millia,

269 1134 377 1177 capta
406 1131 615 1178 nonaginta.
671 1130 816 1166 Marius
841 1129 960 1165 absens
985 1130 1147 1178 quintum
1166 1131 1289 1166 consul
1307 1141 1385 1167 cre-

266 1198 348 1229 atus
376 1198 451 1230 est:
480 1193 702 1242 triumphum
731 1193 903 1236 oblatum,
928 1193 1041 1229 donec
1067 1197 1101 1229 et
1123 1194 1281 1230 Cimbros
1303 1196 1382 1231 vin-

267 1261 372 1300 ceret,
393 1258 545 1294 distulit.
603 1257 750 1302 Cimbri,
777 1259 919 1307 repulso
944 1258 988 1295 ab
1005 1259 1158 1308 Alpibus
1173 1258 1383 1309 fugatoque

268 1320 309 1360 Q.
339 1320 469 1357 Catulo
505 1323 728 1370 proconsule,
763 1323 825 1370 qui
849 1321 984 1371 fauces
1001 1323 1152 1371 Alpium
1184 1323 1381 1367 obsederat,

263 1387 299 1418 et
316 1384 364 1420 ad
377 1385 522 1434 flumen
541 1385 703 1422 Athesim
726 1386 911 1422 castellum
931 1387 1065 1422 editum
1083 1387 1276 1429 insederat,
1296 1389 1382 1424 reli-

262 1452 471 1496 queratque,
495 1461 618 1497 quum,
638 1451 772 1486 virtute
788 1461 854 1485 sua
872 1450 1047 1498 expliciti,
1067 1449 1275 1498 fugientem
1290 1464 1381 1500 pro·

263 1512 441 1548 consulem
472 1515 732 1562 exerc-itumque
760 1515 950 1557 consecuti,
978 1515 1015 1549 in
1041 1514 1192 1551 Italiam
1219 1513 1380 1561 trajecis-

260 1580 351 1618 sent,
376 1574 515 1622 junctis
547 1575 702 1623 ejusdem
730 1577 855 1613 Catuli
886 1582 921 1613 et
951 1577 990 1614 C.
1014 1577 1130 1614 Marii
1158 1579 1378 1623 exercitibus,

256 1639 387 1685 proelio
405 1641 490 1676 victi
508 1645 590 1676 sunt
608 1641 652 1676 ab
669 1642 718 1677 eis
730 1656 742 1677 .·
759 1642 796 1677 in
815 1653 883 1690 quo
902 1653 991 1678 caesa
1011 1642 1207 1678 traduntur
1225 1642 1380 1679 hostium

260 1706 401 1738 centum
420 1705 662 1752 quadraginta
681 1705 813 1748 millia,
837 1710 944 1754 capta
965 1707 1164 1753 sexaginta.
1220 1706 1377 1751 Marius,

263 1770 372 1805 totius
392 1771 547 1806 civitatis
566 1783 732 1806 consensu
747 1774 924 1819 exceptus,
937 1783 1006 1820 pro
1025 1771 1158 1807 duobus
1174 1772 1376 1820 triumphis,

260 1834 323 1881 qui
346 1833 608 1882 olgferebantur,
639 1847 712 1870 uno
741 1839 923 1871 contentus
938 1834 1034 1883 fuit.
1090 1835 1271 1872 Primores
1289 1838 1376 1872 civi-

259 1898 357 1941 tatis,
386 1899 449 1946 qui
480 1899 706 1946 aliquamdiu
724 1904 766 1935 ut
792 1911 882 1935 noro
910 1899 1057 1942 homini,
1087 1900 1136 1936 ad
1164 1905 1280 1936 tantos
1311 1901 1376 1937 Ιιο-

255 1973 360 1998 nores
375 1967 503 2005 evecto,
517 1963 732 2006 inviderant,
747 1968 987 2000 conservatam
1003 1963 1046 2000 ab
1064 1975 1104 2000 eo
1122 1965 1376 2013 rempublicam

246 2024 476 2075 fatebantur.
524 2026 708 2063 Publicius
725 2027 935 2069 Malleolus,
955 2032 1072 2064 matre
1089 2029 1217 2070 occisa,
1234 2030 1374 2076 primus

255 2090 394 2125 insutus
414 2090 525 2132 culeo,
547 2091 583 2126 in
603 2102 702 2126 mare
727 2092 975 2139 praecipitatus
999 2094 1061 2127 est.
1116 2092 1264 2128 Ancilia
1292 2104 1373 2128 cum

254 2155 406 2202 strepitu
439 2158 536 2190 mota
564 2167 646 2198 esse,
667 2160 859 2204 antequam
887 2155 1102 2192 Cimbricum
1134 2156 1265 2193 bellum
1288 2169 1370 2193 con-

253 2222 507 2262 summaretur,
533 2217 755 2267 referuntur.
811 2220 918 2258 Bella
944 2225 1118 2270 praeterea
1145 2223 1238 2259 inter
1257 2221 1372 2271 Syriae

252 2293 349 2331 reges
393 2287 469 2320 estu
489 2284 656 2323 continet.
669 2277 677 2284 ⁵

1499 744 1509 756 ff

1498 764 1503 783 Ι
