1546 2648
378 218 462 260 244
746 207 749 210 ⁴
834 221 880 250 T.
902 222 1035 252 1,1v11

183 310 227 342 U.
237 311 274 343 C.
292 316 364 346 571.
373 309 581 357 proderent,
601 319 644 343 ne
670 309 748 356 quis
766 320 846 345 cum
865 315 941 346 tota
953 317 1060 359 gente
1075 314 1184 350 simul
1197 315 1234 350 in
1251 314 1353 351 rebus
1370 315 1486 361 dubiis
1539 314 1542 316 ’

180 356 272 387 A.C.
291 363 362 388 181.

370 375 575 424 periclitari.
599 374 759 410 auderet.
814 375 1011 413 Memorem
1039 390 1122 426 ergo
1139 390 1175 415 se
1197 380 1370 427 praecepti
1396 378 1483 425 eju-5,

369 436 462 476 'duos
488 439 596 475 simul
609 439 712 488 filios
738 451 809 475 non
837 442 1103 478 commissurum
1122 444 1159 478 in
1177 444 1296 479 aleam
1314 441 1400 489 ejus,
1420 445 1483 491 qui

370 507 645 552 proponeretur,
680 514 778 538 casus
791 519 804 546 ,·
833 508 881 546 et,
903 507 1069 552 quoniam
1097 505 1269 552 majorem
1284 507 1409 555 filium
1427 514 1482 543 se·-

373 560 452 605 cum
483 569 638 610 duceret,
672 569 844 605 minorem
871 571 920 605 ad
942 571 1096 607 subsidia
1125 574 1201 620 spei
1219 577 1254 609 et
1283 573 1482 609 custodiam
1536 591 1540 610 π

371 635 474 681 regni
492 633 719 668 remissurum
739 632 775 666 in
795 632 1048 670 Macedoniam
1067 647 1148 671 esse.
1203 635 1296 671 Non
1322 635 1479 672 fallebat
1527 635 1541 667 ,³5

371 697 624 738 Demetrium,
646 694 812 743 ablegari
842 708 894 739 se,
915 709 963 732 ne
992 697 1139 734 adesset
1168 699 1342 743 consilio,
1362 711 1478 748 quum
1529 706 1537 747 j

365 763 407 798 in
427 766 632 810 conspectu
661 758 832 795 locorum
861 760 1106 804 consultaret,
1128 774 1202 811 qua
1220 763 1392 812 proxime
1410 764 1475 800 iti-

353 818 457 862 'nera
486 825 532 861 ad
561 836 663 860 mare
687 822 954 859 Hadriaticum
975 831 1088 873 atque
1108 824 1258 862 Italiam
1279 826 1473 872 ducerent,

364 901 523 940 quaeque
548 887 636 924 belli
657 888 755 924 ratio
775 894 874 923 esset
891 888 1018 924 futura
1038 903 1044 924 :
1078 889 1141 925 sed
1161 903 1238 926 non
1264 890 1385 927 solum
1406 904 1472 941 pa-

363 954 522 990 rendum
541 951 639 1003 patri
664 957 759 995 tum,
780 951 845 987 sed
864 952 976 988 etiam
1004 953 1288 991 adsentiendum
1309 962 1404 998 erat,
1424 968 1472 992 ne

362 1018 521 1054 invitum
545 1028 676 1067 parere
695 1016 947 1065 suspicionem
965 1016 1118 1054 faceret.
1177 1018 1232 1054 Ut
1250 1024 1378 1055 tamen
1398 1020 1470 1055 iter

361 1083 396 1119 ei
424 1088 548 1118 tutum
577 1082 617 1116 in
643 1080 910 1116 Macedoniam
939 1087 1050 1123 esset,
1072 1081 1204 1125 Didas,
1226 1095 1271 1118 cx
1294 1083 1468 1132 praetori-

359 1146 429 1183 bus
449 1146 562 1194 regiis
579 1157 689 1187 unus,
706 1144 770 1193 qui
789 1144 953 1180 Paeoniae
970 1144 1281 1195 praeerat‚jussus
1302 1152 1359 1182 est
1377 1159 1466 1196 pro-

359 1210 465 1259 sequi
502 1221 587 1245 eum
621 1220 707 1243 cum
744 1207 894 1243 modico
930 1208 1117 1257 praesidio,
1175 1208 1291 1245 Hunc
1319 1222 1468 1260 quoque

358 1275 531 1318 Perseus,
559 1274 657 1311 sicut
681 1273 880 1324 plerosque
909 1274 1026 1324 patris
1060 1275 1281 1318 amicorum,
1312 1288 1358 1313 ex
1390 1289 1466 1325 quo

352 1341 455 1379 haud
484 1340 639 1378 dubium
666 1341 842 1388 cuiquam
871 1351 952 1375 esse
981 1346 1162 1389 coeperat,
1198 1341 1244 1377 ad
1265 1354 1389 1390 quem,
1411 1343 1465 1379 ita

350 1405 536 1443 inclinato
564 1405 662 1453 regis
697 1404 839 1446 animo,
876 1403 1075 1440 haereditas
1106 1406 1211 1453 regni
1241 1407 1462 1455 pertineret,

352 1471 452 1506 inter
471 1467 689 1518 conjuratos
710 1468 748 1503 in
763 1466 890 1503 fratris
910 1468 1115 1517 perniciem
1135 1467 1287 1504 habuit:
1308 1469 1346 1505 in
1366 1483 1462 1520 prae-
1515 1476 1519 1512 ἔ

352 1535 475 1571 sentia
503 1533 568 1569 dat
597 1533 630 1569 ei
659 1531 851 1574 mandata,
873 1537 914 1567 ut
944 1544 1009 1581 per
1028 1544 1141 1568 omne
1156 1524 1382 1582 >obsequium
1402 1535 1461 1570 in-

350 1599 519 1635 sinuaret
547 1610 587 1633 se
619 1597 659 1632 in
688 1609 800 1645 quam
829 1597 993 1632 maxime
1022 1595 1245 1632 familiarem
1275 1609 1397 1641 usum,
1419 1605 1460 1635 ut

349 1662 485 1699 elicere
504 1661 633 1697 omnia
652 1672 803 1702 arcana,
825 1658 1084 1709 specularique
1104 1659 1252 1696 abditos
1273 1659 1352 1710 ejus
1373 1673 1459 1698 sen-

350 1739 412 1763 sus
432 1731 572 1777 posset.
630 1724 692 1761 Ita
716 1723 925 1773 digreditur
943 1722 1160 1759 Demetrius
1180 1736 1265 1759 cum
1285 1724 1458 1762 infestio-

348 1789 466 1832 ribus,
487 1801 599 1838 quam
619 1789 650 1824 si
670 1787 771 1824 solus
792 1788 877 1830 iret,
898 1786 1096 1836 praesidiis.
1545 1821 1546 1835 3

401 1853 542 1891 XXII.
571 1852 783 1902 Philippus,
807 1850 1009 1887 BIaedicam
1038 1850 1214 1900 primum,
1243 1851 1377 1888 deinde
1397 1865 1457 1888 so·
1497 1885 1502 1903 4
1543 1867 1546 1888 ι

347 1918 525 1955 litudines
552 1915 817 1967 interjacentes
839 1915 1010 1951 Maedicae
1037 1921 1149 1964 atque
1175 1914 1313 1952 Haemo
1333 1922 1456 1954 trans·
1496 1910 1511 1960 J.

346 1994 511 2032 gressus,
532 1981 699 2030 septimis
730 1979 878 2015 deinum
909 1979 1039 2014 castris
1071 1979 1116 2015 ad
1145 1979 1288 2016 radi-es
1315 1981 1453 2018 montis
1493 1962 1503 2038 f

344 2046 539 2096 pervenit:
572 2044 626 2080 ibi
657 2055 772 2080 unum
803 2049 970 2079 moratus
1001 2043 1099 2078 diem
1137 2043 1183 2078 ad
1220 2042 1452 2091 deligendos,
1488 2041 1512 2177 β
1537 2057 1546 2094 q

344 2122 439 2158 quos
474 2109 627 2145 duceret
657 2120 797 2149 secum,
829 2106 942 2142 tertio
973 2106 1031 2141 die
1061 2106 1133 2141 iter
1165 2111 1222 2141 est
1250 2106 1452 2155 ingressus.

343 2172 521 2209 Modicus
551 2172 673 2221 primo
703 2170 811 2205 labor
840 2171 877 2205 in
907 2170 991 2205 imis
1021 2168 1181 2205 collibus
1200 2168 1299 2205 fuit:
1333 2182 1450 2219 quan·
1492 2174 1494 2187 ²

342 2243 422 2273 tum
453 2237 491 2272 in
521 2235 758 2271 altitudinem
789 2232 1091 2282 egrediebantur,
1111 2234 1231 2282 magis
1258 2235 1450 2283 magisque

341 2300 526 2337 silvestria
546 2306 582 2335 et
602 2298 778 2349 pleraque
805 2298 905 2333 invia
935 2297 1018 2333 loca
1048 2297 1300 2348 excipiebant.
1359 2298 1448 2334 Per·
1482 2290 1484 2296 ¹

341 2377 475 2401 venere
495 2364 629 2401 deinde
648 2365 684 2400 iu
707 2370 783 2399 tam
804 2374 963 2412 opacum
985 2362 1071 2403 iter,
1091 2368 1148 2405 ut,
1169 2353 1248 2413 pratv
1264 2362 1448 2399 densitate
1476 2400 1479 2407 ,

1518 1342 1533 1434 'W-
