1546 2648
306 118 389 159 608
699 133 1034 166 FRAGMENTA.

355 219 532 268 Triginta
552 221 716 271 quinque
741 223 860 261 millia
888 231 1117 263 armatorum
1137 239 1184 264 eo
1200 228 1337 279 proelio
1356 228 1415 267 in-

302 282 461 319 terfecta
492 297 575 320 cum
606 286 697 336 ipsis
730 286 886 324 ducibus
919 288 1052 326 Livius
1086 291 1216 336 tradit,
1245 294 1414 343 recepti·

299 346 467 395 quinque
484 347 747 387 Romanorum
776 353 933 402 aquilas,
968 355 1078 404 signa
1105 368 1172 394 sex
1201 363 1239 394 et
1262 358 1414 407 viginti,

300 409 420 446 multa
436 411 570 460 spolia,
584 412 682 448 inter
693 427 775 462 quae
790 417 956 466 quinque
969 417 1090 455 fasces
1107 432 1191 456 cum
1207 420 1414 459 securibus,

297 473 459 512 Frontin.
480 477 539 513 lib.
555 477 594 514 ii.
614 478 771 526 Strateg.
791 491 870 528 cap.
888 493 922 518 v.
941 493 994 518 ex.
1013 483 1077 519 34.

341 538 474 575 Livius
491 540 558 584 ait,
575 551 781 590 numquam
796 541 994 580 Romanos
1011 545 1120 593 signa
1135 558 1219 582 cum
1234 547 1408 584 hostibus
1442 545 1454 550 ”

297 603 504 640 contulisse
536 611 645 640 tanto
677 618 836 642 numero
867 607 1076 646 inferiores.
1142 609 1279 659 Neque
1311 611 1412 648 enim

294 667 515 715 vigesimam
530 671 804 721 propemodum
818 679 978 722 partem,
994 673 1111 710 immo
1126 685 1195 711 nec
1211 675 1409 719 minorem,

295 740 493 782 aequarunt
526 734 686 772 victores
718 736 916 774 victorum.
976 738 1166 777 Plutarch.
1197 741 1235 775 in
1266 740 1408 776 Lucan.

285 808 374 845 pag.
393 797 484 834 511.

345 859 476 898 Livius
498 868 632 899 auctor
650 868 720 908 est,
749 864 877 914 priore
907 864 1044 915 proelio
1072 865 1198 916 plures
1216 865 1346 910 fuisse,
1366 865 1406 901 in

290 924 364 960 hoc
383 925 590 963 nobiliores
609 928 778 964 hostium
797 939 912 965 caesos
933 936 969 965 et
989 935 1133 979 captos.
1164 929 1353 966 Pluton-h.
1367 930 1406 965 in

288 987 432 1025 Lucan.
449 1002 538 1038 pag.
557 990 647 1028 513,

342 1052 458 1089 Creta
492 1055 617 1103 primo
653 1055 803 1102 quidem
840 1060 992 1090 centum
1038 1053 1173 1090 habuit
1206 1054 1402 1092 civitates:

285 1114 386 1151 unde
405 1114 696 1167 Hecatompolis
715 1117 815 1154 dicta
843 1124 899 1154 est
916 1133 923 1154 :
955 1124 1043 1168 post
1062 1118 1196 1167 viginti
1217 1125 1402 1167 quatuor:

285 1178 388 1222 inde,
426 1187 468 1215 ut
501 1180 652 1224 dicitur,
690 1180 797 1224 duas,
837 1180 997 1218 Gnoson
1035 1187 1072 1217 et
1118 1181 1407 1232 Hierapidnam.

283 1241 467 1281 Quamvis
486 1243 618 1280 Livius
645 1243 771 1294 plui-es
792 1257 813 1280 a
831 1243 992 1281 Metello
1022 1252 1256 1296 expugnatas
1290 1245 1404 1282 dicat.

286 1305 431 1342 Servius
449 1308 498 1344 ad
521 1307 617 1356 Virg.
634 1308 726 1344 AEn.
741 1307 795 1345 iii.
815 1308 901 1344 106.

335 1371 450 1411 Quod
470 1385 586 1422 quum
603 1373 785 1409 diluisset.
808 1374 870 1421 (de
881 1378 999 1410 morte
1010 1372 1257 1420 Mithridatis)
1274 1374 1401 1421 Agrae·

284 1436 355 1470 tius
387 1437 432 1472 de
462 1437 620 1485 orthogr.
655 1439 692 1473 in
718 1437 881 1473 Putschii
913 1448 1061 1485 corpore
1090 1442 1284 1485 grammat.
1314 1448 1401 1485 pag.

282 1499 400 1538 2267.
422 1506 456 1537 et
477 1501 642 1550 Gothofr.
662 1503 812 1538 Auctor.
833 1502 939 1550 Ling.
958 1502 1041 1538 Lat.
1070 1514 1156 1550 pag.
1180 1502 1294 1538 1352.
1313 1530 1317 1534 .

335 1560 496 1600 Etenim
525 1570 636 1615 capta
656 1564 763 1609 urbe,
779 1565 899 1601 -tertio
918 1565 1064 1602 demum
1098 1576 1240 1608 mense,
1259 1565 1320 1602 die
1342 1565 1406 1615 je-

275 1625 394 1676 junii,
435 1627 662 1678 Olympiade
709 1629 915 1665 centesima
960 1629 1238 1678 septuagesima
1286 1639 1403 1672 nona,

281 1691 326 1727 C.
343 1692 515 1729 Antonio
536 1700 573 1729 et
594 1693 651 1730 M.
671 1692 799 1730 Tullio
821 1693 1006 1729 Cicerone
1036 1692 1268 1735 consulibus,
1286 1703 1401 1741 quum

281 1754 316 1790 vi
337 1755 494 1803 ingressi
515 1756 643 1792 hostes
662 1769 742 1799 eos,
763 1757 827 1805 qui
846 1763 953 1792 erant
973 1757 1011 1792 in
1040 1755 1146 1800 fano,
1160 1755 1398 1805 jugularent,

280 1818 402 1854 nihilo
422 1820 541 1856 secius
562 1832 640 1856 rem
659 1821 824 1857 divinam
849 1820 973 1856 facere
1001 1818 1306 1870 perseverabant,
1334 1829 1404 1854 ne·

279 1894 353 1932 que
371 1888 475 1920 metu
490 1884 577 1920 vitae
597 1884 828 1933 amittendae,
848 1895 970 1933 neque
990 1882 1073 1933 jam
1094 1891 1275 1919 caesornm
1304 1881 1402 1918 mul·

278 1948 444 1986 titudine
477 1950 516 1985 in
549 1949 677 1998 fugam
708 1948 908 1999 compulsi,
933 1948 1111 1998 quicquid
1140 1947 1218 1997 pati
1249 1957 1402 1982 necesse

280 2018 375 2055 erat,
396 2012 488 2049 illud
508 2014 555 2050 ad
574 2026 655 2050 aras
674 2014 773 2064 ipsas
792 2013 936 2050 laturos
953 2025 1034 2048 esse
1053 2011 1185 2047 melius
1205 2015 1396 2059 putantes,

280 2088 394 2125 quam
425 2082 465 2112 ut
484 2076 625 2126 aliquid
640 2076 785 2127 legibus
811 2077 943 2128 patriis
963 2074 1222 2126 praescriptum
1242 2073 1396 2109 omitte·

278 2147 375 2177 rent.
405 2140 518 2180 Quod
534 2148 658 2178 autem
677 2142 750 2178 ista
762 2153 839 2178 non
853 2141 929 2176 sint
948 2138 1090 2181 fabula,
1105 2138 1214 2173 unice
1227 2136 1273 2172 ad
1289 2135 1393 2174 falsae

275 2205 428 2254 pietatis
458 2204 606 2241 laudem
639 2205 904 2241 ostentandam
934 2202 1118 2244 adhibita,
1155 2200 1221 2237 sed
1257 2201 1396 2250 ipsam-

273 2276 312 2305 et
332 2270 482 2313 veritam,
505 2270 725 2308 testimonio
745 2276 846 2314 sunt,
867 2270 930 2320 qni
951 2281 1008 2305 res
1031 2281 1052 2304 a
1070 2265 1256 2317 Pompeio
1275 2271 1397 2314 gestas
