1546 2648
350 161 435 202 610
743 170 1076 203 FRAGMENTA.
1503 176 1536 244 ᾖ,

405 259 694 309 Quadringenta
730 261 848 298 millia
880 262 1064 299 librorum
1094 261 1333 301 Alexandriae
1360 278 1462 304 arse·
1504 236 1535 311 ἶ,

352 333 455 368 runt,
476 325 766 375 pulcherrimum
796 328 908 375 regiae
938 327 1141 378 opulentiae
1161 336 1460 368 monumentum.
1480 337 1483 341 “

353 391 462 430 Alius
481 392 703 435 laudaverit,
725 393 822 428 sicut
838 392 969 429 Livius
987 409 997 438 3
1029 394 1093 442 qui
1118 393 1313 442 elegantiae
1332 407 1462 444 regum
1505 383 1516 426 ¹v

354 469 526 506 curaeque
558 457 752 505 egregium
788 457 826 493 id
856 469 951 506 opus
979 457 1034 493 ait
1063 457 1192 495 fuisse.
1262 459 1396 495 Seneca
1420 459 1465 496 cle
1527 458 1529 462 ⁴

352 522 539 569 tranquill.
558 522 669 557 anim.
684 532 762 568 cap.
783 520 832 556 ix.

406 583 504 619 Haec
522 583 568 619 de
587 583 709 619 Basso
729 582 879 630 quidam
899 583 1086 631 produnt:
1117 582 1249 618 Livius
1266 595 1372 626 vero,
1393 585 1464 620 mi-

351 645 481 683 litasse
507 646 611 682 illum
632 645 804 694 Pompeii
829 646 1004 694 auspiciis
1018 661 1030 691 3
1062 658 1137 694 quo
1161 646 1263 682 victo
1289 647 1466 696 privatim

353 711 475 759 egisse
520 710 639 759 Tyri;
689 709 950 758 corruptisque
995 708 1216 757 quibusdam
1253 709 1467 758 legionibus

351 774 532 816 effecisse,
571 780 626 816 ut,
668 773 871 809 interfecto
902 774 1034 817 Sexto,
1068 774 1191 824 ipsum
1232 774 1305 810 sibi
1337 775 1469 813 ducem

353 837 606 873 adsumerent.
661 838 822 885 Appian.
837 838 942 875 Alex.
977 839 1037 876 lib.
1062 838 1116 875 iii.
1145 839 1225 876 belz.
1256 840 1348 877 civil.
1380 852 1468 889 pag.

353 900 446 940 576.

407 965 594 1015 Optarem
612 967 706 1003 mihi
736 968 970 1016 contingere,
1001 968 1101 1016 quod
1126 967 1172 1003 T.
1191 967 1322 1003 Livius
1341 967 1474 1004 scribit

354 1029 401 1065 de
434 1029 606 1066 Catone:
639 1030 746 1080 cujus
780 1031 908 1080 gloriae
939 1042 1061 1076 neque
1097 1029 1241 1077 profuit
1273 1031 1471 1078 quisquam

355 1090 559 1132 laudando,
589 1102 659 1125 nec
678 1090 929 1139 vituperando
956 1092 1153 1139 quisquam
1181 1092 1328 1135 nocuit,
1355 1105 1471 1141 quum

354 1158 558 1200 utrumque
576 1153 730 1188 summis
751 1153 899 1201 praediti
926 1152 1087 1190 fecerint
1115 1155 1290 1202 ingeniis.
1347 1155 1475 1204 Signi·

357 1216 447 1253 ficat
477 1222 602 1252 autem
627 1215 684 1253 M.
706 1216 930 1253 Ciceronem
962 1224 1001 1253 et
1020 1217 1064 1254 C.
1081 1218 1283 1260 Caesarem,
1314 1230 1475 1267 quorum

358 1279 455 1316 alter
472 1279 616 1322 laudes,
636 1279 732 1316 alter
749 1281 1046 1329 vituperationes
1073 1293 1186 1331 supra
1210 1281 1301 1324 dicti
1326 1282 1477 1332 scripsit

358 1343 440 1380 viri.
496 1344 738 1392 Hieronymus
761 1345 858 1392 prol.
879 1344 938 1381 lib.
958 1344 997 1380 ii.
1017 1346 1053 1380 in
1071 1345 1208 1381 Oseam.

413 1407 542 1446 Quum
570 1408 729 1444 Caesaris
765 1407 905 1443 aedibus
940 1414 1039 1443 esset
1070 1420 1116 1443 ex
1148 1407 1476 1444 senatusconsulto

360 1469 596 1520 adjunctum,
637 1473 698 1518 (ut
731 1477 864 1506 auctor
892 1476 950 1506 est
982 1471 1131 1517 Livius)
1158 1470 1260 1507 velut
1292 1471 1337 1507 ad
1364 1484 1476 1507 orna-

362 1540 532 1571 mentum
558 1540 596 1570 et
624 1534 926 1584 amplitudinem,
946 1534 1204 1584 pinnaculum,
1231 1535 1271 1570 id
1299 1547 1366 1584 per
1395 1535 1477 1583 qui-

363 1604 462 1635 etem
482 1599 691 1647 imaginata
707 1598 846 1634 collabi
863 1598 1070 1648 Calpurnia
1086 1597 1281 1634 videbatur
1297 1597 1368 1634 sibi
1395 1598 1480 1634 ideo

364 1661 565 1698 lamentari
600 1669 638 1698 et
675 1662 889 1698 lacrimari:
922 1674 980 1705 ac,
1015 1674 1131 1711 quum
1164 1661 1228 1697 lux
1258 1662 1477 1711 appetisset,

364 1727 514 1775 rogavit
543 1727 745 1769 Caesarem,
776 1726 807 1761 si
837 1739 911 1775 qua
943 1726 1022 1762 fieri
1052 1732 1194 1775 posset,
1224 1738 1271 1762 ne
1298 1725 1479 1774 prodiret,

364 1790 430 1825 sed
450 1791 487 1825 in
508 1790 609 1827 aliud
628 1798 775 1840 tempus
803 1789 975 1840 rejiceret
995 1796 1180 1827 senatum.
1238 1789 1425 1826 Plutarch.
1445 1791 1482 1824 in

364 1853 428 1888 vit.
451 1852 578 1890 Caesar.
606 1868 691 1901 pag.
713 1853 804 1894 738.

420 1913 569 1950 Malum
585 1927 696 1952 omen
713 1924 784 1960 est,
801 1917 948 1966 quoties
960 1916 1095 1957 AEtna,
1113 1927 1219 1952 mons
1237 1914 1388 1958 Siciliae,
1404 1927 1483 1951 non

368 1978 529 2021 fumum,
558 1979 621 2014 sed
651 1980 884 2016 flammarum
913 1981 1031 2025 egerit
1061 1979 1220 2028 globos:
1253 1985 1304 2021 et,
1334 1985 1374 2014 ut
1393 1978 1484 2014 dicit

368 2041 517 2083 Livius,
539 2049 647 2078 tanta
666 2043 815 2079 flamma
835 2050 922 2079 ante
943 2050 1103 2078 mortem
1124 2042 1282 2078 Caesaris
1302 2054 1347 2077 ex
1362 2040 1485 2077 AEtna

370 2112 501 2142 monte
517 2106 683 2150 defluxit,
696 2115 737 2143 ut
751 2120 829 2143 non
844 2114 991 2143 tantum
1009 2108 1138 2142 vicinae
1157 2104 1281 2147 urbeS,
1293 2104 1357 2140 sed
1369 2105 1485 2141 etiam

370 2167 549 2216 Rhegina
568 2170 713 2212 civitas,
734 2184 816 2218 quae
837 2170 956 2205 multo
982 2169 1105 2218 spatio
1126 2168 1172 2204 ab
1194 2180 1238 2204 ea
1265 2168 1394 2211 distat,
1424 2167 1480 2204 af-

366 2230 534 2268 fiaretur.
593 2234 736 2270 Servius
754 2236 803 2270 ad
823 2234 919 2281 Vtrg.
946 2234 1072 2280 Georg.
1090 2233 1113 2268 i.
1130 2232 1219 2271 471.

426 2294 539 2334 Quod
561 2296 604 2333 de
622 2297 769 2334 caesare
785 2296 875 2334 olim
895 2296 1038 2347 majore
1053 2296 1168 2345 vulgo
1185 2295 1397 2332 dictitatum
1414 2300 1484 2338 est,

1512 610 1529 686 is
