1546 2648
310 139 389 181 166
462 175 466 182 ,
744 124 810 174 v⁶1¹.
834 143 968 174 mvn

111 246 203 279 U.C.
222 250 296 279 566.
309 239 471 277 indicem
490 236 619 275 arcani
635 241 719 273 rata
737 247 831 278 esse,
847 235 895 271 ad
913 233 1026 285 pedes
1043 231 1219 284 Sulpiciae
1237 231 1414 282 procidit,

109 292 154 324 Α·
167 290 204 322 C·
223 293 296 322 ¹⁸⁶·
310 311 349 342 et
368 317 451 341 eam
475 303 598 354 primo
616 313 724 338 orare
749 301 880 351 coepit,
902 301 959 337 Ne
976 301 1134 337 mulieris
1153 299 1326 335 libertina»
1341 310 1422 335 cum

124 1395 287 1426 Iudicium

124 1437 279 1479 Hispalae.

309 374 472 407 amatore
487 379 683 405 sermonem
700 368 738 402 in
763 378 838 402 rem
855 377 928 402 non
947 367 1078 402 seriam
1105 364 1223 406 modo,
1242 363 1304 399 sed
1321 364 1423 411 capi-

310 436 419 471 talem
445 435 568 476 etiam,
587 434 679 469 verti
703 432 835 468 vellet:
862 443 898 467 se
918 431 1072 467 terrendi
1098 427 1172 476 ejus
1198 440 1335 471 caussa,
1354 438 1426 464 non

309 511 378 548 quo
396 499 500 535 sciret
519 498 729 546 quidquam,
749 508 792 532 ea
811 496 968 532 locutam
983 507 1064 532 esse.
1107 493 1184 530 Hic
1204 491 1422 530 Postumius

310 574 490 602 accensus
519 562 590 604 ira,
621 566 697 598 tum
725 573 875 610 quoque,
905 561 973 603 ait,
1003 571 1083 597 eam
1111 571 1192 595 cum
1209 557 1362 594 AEbatio
1389 567 1425 592 se

312 632 476 665 amatore
500 627 665 663 cavillari
683 627 836 669 credere,
857 637 928 662 non
954 627 993 661 in
1011 625 1115 661 domo
1131 623 1348 671 gravissimoe
1360 619 1427 670 se·

311 694 417 729 minae
435 697 470 728 et
494 704 575 728 cum
593 692 734 727 consule
753 691 873 739 loqui:
903 695 941 725 et
966 688 1133 738 Sulpicia
1159 685 1342 724 adtollere
1359 697 1428 736 pa-

313 762 464 793 ventem
477 771 488 801 3
520 754 633 791 simul
660 753 762 790 illam
792 753 999 797 adhortari,
1028 751 1141 789 simul
1169 752 1264 788 iram
1297 749 1427 800 generi

313 818 443 856 lenire.
499 818 670 855 Tandem
695 817 932 861 confirmata,
952 816 1112 854 multum
1141 816 1316 852 incusata
1340 825 1426 864 per-

313 883 402 921 fidia
420 882 585 926 AEbutii,
605 882 669 931 qui
689 881 824 931 optimi
841 882 881 918 in
901 894 947 918 eo
963 881 1047 931 ipso
1063 880 1188 916 meriti
1206 878 1321 916 talem
1340 890 1427 927 gra-

313 947 406 984 tiam
425 946 629 989 retulisset,
649 957 820 994 magnum
836 945 902 982 sibi
928 949 1062 982 metum
1080 945 1260 985 Deorum,
1281 953 1431 991 quorum

315 1013 458 1049 occulta
475 1013 583 1048 initia
600 1012 822 1053 enuntiaret,
843 1008 1013 1057 majorem
1037 1010 1165 1052 multo,
1187 1007 1295 1050 dixit,
1317 1007 1430 1042 homi·

314 1088 403 1112 num
428 1087 512 1118 esse,
533 1077 596 1123 qai
621 1086 658 1110 se
676 1075 830 1110 indicem
856 1073 1019 1110 manibus
1045 1074 1118 1108 suis
1137 1071 1351 1119 discerpturi
1379 1080 1431 1104 es-

315 1144 418 1177 sent:
447 1141 569 1187 itaque
591 1139 657 1174 hoc
679 1149 716 1174 se
735 1138 947 1186 Sulpiciam,
971 1137 1035 1173 hoc
1060 1136 1238 1172 consulem
1254 1145 1371 1176 orare,
1391 1137 1433 1169 ut

317 1216 354 1241 se
371 1209 473 1241 extra
493 1204 644 1240 Italiam
663 1203 786 1251 aliquo
804 1203 1056 1245 amandarent,
1076 1202 1137 1238 ubi
1157 1201 1335 1249 reliquum
1351 1200 1434 1236 vitae

319 1270 446 1317 degere
465 1273 542 1305 tato
555 1272 682 1317 posset.
741 1268 842 1304 Bono
861 1269 983 1304 animo
1001 1278 1073 1303 esse
1087 1265 1224 1316 jubere
1243 1277 1323 1301 eam
1341 1275 1433 1299 con-

318 1333 389 1377 sul,
411 1339 462 1376 et,
482 1333 548 1369 sibi
566 1331 768 1381 curaefore,
789 1332 926 1375 dicere,
947 1337 988 1368 ut
1006 1331 1132 1367 Roma’
1147 1335 1225 1366 tuto
1244 1328 1434 1365 habitaret.

317 1397 418 1434 Tum
437 1396 599 1447 Hispala
625 1397 812 1445 originem
831 1408 1023 1432 sacrorum
1050 1394 1252 1446 expromit.
1307 1393 1435 1430 Primo

317 1464 515 1499 sacrarium
536 1463 576 1498 id
592 1461 820 1510 feminarum
837 1461 970 1510 fuisse,
998 1473 1062 1497 nec
1081 1471 1292 1509 quemquam
1319 1459 1436 1494 virum

317 1538 358 1563 eo
377 1528 524 1562 admitti
537 1526 694 1562 solitum.
757 1526 842 1562 Tres
860 1528 898 1562 in
923 1538 1018 1563 anno
1036 1529 1150 1561 statos
1167 1525 1242 1560 dies
1260 1521 1433 1565 habuisse,

318 1591 444 1640 quibus
462 1590 618 1627 interdiu
637 1590 791 1626 Bacchis
808 1591 1052 1626 initiarentur.
1099 1588 1310 1625 Sacerdotes
1327 1588 1364 1623 in
1382 1586 1436 1622 vi-

319 1667 395 1692 cem
414 1659 598 1691 matronas
613 1655 728 1690 creari
744 1656 880 1691 solitas.
937 1654 1134 1691 Pacullam
1148 1653 1308 1689 Anniam
1327 1651 1434 1688 Cam-

319 1731 456 1768 panam
473 1720 691 1756 sacerdotem
711 1720 846 1762 omnia,
868 1724 1053 1767 tamquam
1071 1716 1195 1754 Deam
1210 1717 1363 1759 monitu,
1380 1717 1436 1752 in-

321 1788 503 1819 mutasse:
531 1795 617 1818 nam
636 1787 671 1818 et
689 1784 784 1818 viros
798 1794 876 1818 eam
889 1784 1049 1830 primam
1061 1793 1141 1818 suos
1147 1782 1251 1831 filios
1266 1782 1437 1823 initiasse,

322 1847 482 1883 Minium
501 1851 536 1882 et
550 1847 771 1882 Herennium
790 1846 993 1883 Cerrinios:
1020 1851 1056 1882 et
1066 1850 1279 1881 nocturnum
1296 1856 1439 1881 sacrum

323 1922 366 1947 ex
384 1912 530 1954 diurno,
547 1914 582 1946 et
606 1923 674 1958 pro
700 1910 810 1947 tribus
828 1912 866 1946 in
891 1923 986 1947 anno
1006 1910 1126 1946 diebus
1143 1912 1268 1958 quinos
1291 1909 1441 1957 singulis

323 1974 497 2011 mensibus
515 1975 589 2010 dies
614 1975 800 2011 initiorum
814 1973 957 2024 fecisse.
1014 1974 1073 2010 Ex
1090 1986 1158 2022 quo
1179 1975 1215 2010 in
1240 1974 1441 2022 promiscuo

321 2049 427 2074 sacra
453 2040 537 2080 sint,
559 2042 594 2073 et
620 2040 792 2086 permixti
814 2040 882 2074 viri
899 2037 1065 2087 seminis,
1094 2043 1129 2074 et
1154 2039 1265 2074 noctis
1294 2037 1441 2074 licentia

322 2103 522 2143 accesserit,
542 2101 634 2138 nihil
664 2102 710 2138 ibi
727 2101 923 2151 facinoris,
949 2101 1042 2139 nihil
1055 2102 1198 2151 flagitii
1222 2102 1441 2150 praetennis·

322 2176 425 2203 sum.-
452 2166 562 2213 plura
580 2166 740 2201 virorum
762 2167 855 2204 inter
877 2177 962 2208 sese,
983 2178 1091 2214 quam
1112 2164 1350 2214 feminarum,
1371 2176 1442 2202 esse

322 2234 460 2277 stupra.
520 2229 561 2265 Si
581 2231 640 2278 qui
669 2232 784 2267 minus
803 2233 983 2280 patientes
1002 2231 1183 2266 dedecoris
1208 2231 1292 2272 sint,
1325 2234 1360 2266 et
1380 2232 1438 2279 pi-

324 2294 460 2342 griores
484 2294 533 2331 ad
549 2293 714 2345 facinuS,
741 2307 810 2344 pro
828 2297 982 2334 victimis
1010 2296 1203 2334 inmolari:
1230 2294 1322 2332 nihil
1338 2293 1442 2344 nefas
