1546 2648
456 137 666 169 mnnon.
688 137 912 168 mimano.
1155 125 1243 183 567

586 264 779 303 LXXVI.

121 334 189 388 A.
214 351 470 391 GABINIUS
489 351 640 399 legat-us,
659 351 762 388 rebus
781 351 947 388 adversus
962 350 1128 389 Lucanos
1157 366 1246 402 pro·

122 431 222 469 spere
237 420 358 466 gestis,
373 421 409 453 et
425 418 590 465 plurimis
608 416 753 464 oppidis
769 418 994 464 expugnatis,
1013 419 1047 454 in
1068 419 1247 456 obsidione

125 488 325 530 castrorum
355 481 537 517 hostilium
565 482 704 517 cecidit.
761 480 943 528 Sulpicius
976 482 1115 529 legatus
1137 484 1246 520 Mar-

120 550 264 584 rucinos
291 548 430 588 cecidit,
452 550 634 594 totamque
662 557 742 581 eum
766 547 947 593 regionem
977 549 1118 594 recepit.
1178 549 1242 586 Cn.

125 612 320 660 Pompeius
337 610 528 658 proconsul
550 609 708 646 Vestinos
726 614 762 645 et
784 610 950 658 Pelignos
969 612 1006 646 in
1025 612 1245 648 deditionem

125 678 272 724 accepit.
329 675 447 712 Marsi
465 686 615 723 quoque,
637 687 660 710 a
679 674 723 710 L.
742 674 913 715 Murena,
935 680 969 711 et
990 675 1133 712 Caecilio
1153 677 1245 713 Pin-

123 753 173 777 na
206 741 334 788 legalis
365 740 504 787 aliquot
540 739 675 787 praeliis
705 738 842 787 fracti,
882 752 1009 787 pacem
1052 743 1245 789 petierunt.

123 805 296 842 Asculum
315 817 338 840 a
360 803 423 840 Cn.
445 804 618 851 Pompeio
647 809 794 851 captum
817 808 881 845 est,
914 805 1009 841 ccesis
1033 810 1068 840 et
1086 818 1108 841 a
1128 805 1246 842 Mam.

123 870 282 906 AEmilio
302 870 419 916 legato
441 868 592 904 Italicis.
641 869 719 904 Silo
741 868 981 916 Ponzpaedius,
1011 869 1083 905 dux
1102 869 1247 905 Marso-

124 946 218 976 rum,
239 937 365 968 auctor
383 930 488 978 hujus
506 934 572 975 rei,
597 934 634 968 in
654 933 782 980 proelio
801 934 940 970 cecidit.
986 934 1249 971 Ariobarzanes

127 998 378 1046 Cappadociae,
407 997 618 1033 Nicomedes
638 997 818 1044 Bithynice
847 1010 957 1045 regno
988 1011 1012 1034 a
1030 999 1250 1036 Mithridate

125 1061 237 1100 Ponti
253 1073 335 1108 rege
360 1062 460 1108 pulsi
476 1066 571 1097 sunt.
628 1061 810 1097 Praeterea
830 1063 1044 1098 incursiones
1069 1063 1249 1099 lerucum

123 1126 163 1162 in
182 1125 439 1162 Macedoniam
463 1125 786 1174 populationesque
804 1127 978 1162 continet.

571 1219 786 1258 LXXVII.

130 1298 309 1363 QUUM
333 1307 379 1343 P.
397 1306 580 1354 Sulpicius
599 1305 761 1342 tribunus
787 1305 912 1354 plebis,
932 1312 1080 1344 auctore
1101 1307 1140 1345 C.
1160 1308 1248 1346 Ma-

123 1375 193 1416 rio,
211 1372 430 1420 perniciosas
446 1372 538 1418 leges
553 1371 830 1419 promulgasset,
852 1377 894 1407 ut
914 1371 1061 1407 exsules
1089 1384 1251 1409 revoca-

124 1449 271 1486 rentur,
291 1447 330 1478 et
354 1441 445 1477 novi
471 1441 570 1477 cives
598 1439 841 1489 libertinique
861 1440 1179 1477 distribuerentur
1207 1442 1249 1478 in

122 1505 261 1549 tribus,
298 1511 337 1542 et
369 1511 411 1541 ut
440 1503 589 1540 Marius
623 1503 798 1540 adversus
830 1503 1097 1541 Mithridatem
1130 1505 1255 1546 Ponti

125 1582 254 1619 regem
286 1569 363 1604 dux
393 1573 598 1610 crearetur,
625 1573 659 1603 et
686 1568 954 1604 adversantibus
980 1569 1179 1605 consulibus
1203 1570 1248 1610 Q.

126 1635 301 1682 Pompeio
320 1637 355 1669 et
372 1632 418 1668 L.
439 1632 554 1668 Sullae
571 1632 643 1667 vim
664 1632 852 1673 intulisset,
874 1633 986 1667 occiso
1008 1633 1051 1673 Q.
1074 1633 1249 1680 Pompeio

128 1698 280 1734 consulis
294 1697 395 1745 filio,
425 1707 556 1744 genero
583 1695 720 1739 Sullae5
752 1695 795 1731 L.
816 1695 923 1730 Sulla
943 1696 1064 1731 consul
1089 1708 1168 1732 cum
1187 1708 1250 1732 ex·

125 1763 238 1798 ercitu
260 1762 296 1797 in
315 1761 435 1797 urbem
453 1761 562 1802 venit,
581 1764 617 1795 et
634 1761 802 1795 adversus
819 1759 1025 1807 factionem
1041 1760 1195 1808 Sulpicii
1213 1765 1249 1796 et

127 1826 245 1862 Marii
263 1827 299 1861 in
320 1826 398 1872 ipsa
426 1824 511 1860 urbe
537 1825 728 1871 pugnavit,
749 1835 897 1871 eamque
925 1824 1088 1871 expulit:
1117 1836 1160 1859 ex
1179 1836 1251 1872 qua

127 1891 315 1927 duodecim
343 1901 366 1925 a
394 1893 519 1924 senatu
545 1888 670 1930 hostes,
697 1889 790 1923 inter
809 1899 895 1935 quos
916 1888 954 1923 C.
977 1888 1119 1924 Murius
1144 1893 1252 1936 pater

125 1960 162 1991 et
178 1955 296 2004 filius,
308 1953 469 2000 judicati
487 1957 581 1990 sunt.
627 1953 672 1988 P.
694 1953 891 2000 Sulpicius,
912 1965 1019 2000 quum
1038 1954 1074 1988 in
1094 1954 1251 2001 quadam

124 2020 214 2056 villa
235 2020 376 2060 lateret,
398 2019 530 2054 indicio
548 2018 640 2053 servi
667 2019 723 2053 sui
751 2022 927 2053 retractus
955 2022 990 2053 et
1020 2019 1152 2053 occisus
1174 2023 1252 2054 est:

124 2094 256 2125 servus,
283 2087 324 2118 ut
349 2083 539 2130 proemium
565 2082 778 2129 promissum
807 2082 916 2116 indici
943 2080 1099 2123 haberet,
1119 2093 1250 2117 manu-

125 2147 264 2188 missus,
285 2150 320 2181 et
339 2146 379 2181 ob
397 2146 510 2181 scelus
535 2146 675 2193 proditi
693 2146 831 2180 domini
850 2146 893 2180 de
909 2157 994 2180 saxo
1013 2143 1167 2190 dejectus
1186 2150 1249 2182 est.

128 2211 168 2247 C.
186 2209 328 2246 Marius
344 2210 451 2258 filius
470 2212 507 2246 in
526 2209 694 2258 Africam
714 2208 869 2256 trajecit.
916 2209 954 2245 C.
969 2210 1112 2245 Marius
1129 2214 1248 2257 pater,

123 2285 231 2325 quum
262 2276 300 2312 in
325 2275 520 2324 paludibus
548 2275 856 2312 Minturnensium
897 2274 1038 2318 lateret,
1072 2278 1251 2310 extractus
