1546 2648
152 301 196 333 U.
210 301 245 332 C.
259 307 333 334 563.

152 347 192 376 Α.
205 345 243 377 C.
261 352 333 380 189.

143 2208 254 2240 Castra

144 2253 315 2283 Gallorum

144 2296 324 2337 capiuntur.

350 207 432 246 104
477 218 481 225 ι
800 205 846 234 τ.
870 205 1003 234 mvn

347 297 442 334 sidia
460 296 561 333 enim
580 296 619 333 in
639 294 779 333 talibus
806 294 1068 345 iniquitatibus
1094 292 1265 330 locorum
1284 293 1451 330 maximo

347 372 446 411 saepe
474 359 558 396 usui
576 359 748 396 fuerunt:
780 365 836 402 ut,
862 359 992 408 primis
1016 357 1116 394 forte
1141 355 1362 400 deturbatis,
1392 368 1451 392 se·

345 425 460 462 cundi
478 430 516 461 et
532 429 666 473 tegant
684 422 827 474 pulsos,
845 429 882 459 et
905 423 1042 471 integri
1061 434 1227 472 pugnarn
1247 421 1450 471 excipiant.

346 488 505 532 Consul,
525 494 728 539 postquam
744 487 791 524 ad
805 486 985 530 tumulos,
1003 486 1050 523 ab
1070 486 1142 522 levi
1158 492 1348 522 armatura
1362 497 1451 534 cap-

343 559 421 598 tos,
441 553 564 603 prima
581 552 690 601 signa
715 551 907 600 legionum
929 556 1194 601 pervenerunt,
1214 549 1396 599 respirare
1415 553 1454 584 et

345 618 611 667 conquiescere
632 615 837 667 paullisper
861 615 1019 652 militem
1035 614 1148 665 jubet
1161 630 1172 660 3
1204 612 1315 650 simul
1334 618 1454 649 strata

343 693 413 733 per
435 680 602 718 tumulos
632 692 792 730 corpora
811 678 1008 715 Gallorum
1033 683 1224 715 ostentat:
1256 677 1323 720 Et,
1343 687 1453 725 quum

343 747 428 782 levis
443 749 631 781 armatura
645 744 717 780 tale
730 744 894 792 proelium
907 743 1075 785 ediderit,
1088 743 1174 790 quid
1187 741 1231 777 ab
1247 740 1452 788 legionibus,

342 809 430 857 quid
448 808 493 844 ab
502 806 611 854 justis
629 808 753 849 armis,
773 807 860 855 quid
877 806 921 842 ab
939 807 1069 842 animis
1081 804 1366 854 fortissimorum
1383 804 1454 839 mi-

343 873 449 909 litum
463 873 693 921 exspectari?
712 872 841 908 Castra
855 871 927 907 illis
941 871 1113 919 capienda
1124 881 1205 913 esse,
1218 870 1257 905 in
1268 880 1346 917 quoe
1357 879 1455 904 com-

337 938 468 985 pulsus
496 937 540 974 ab
570 938 639 973 levi
663 941 852 973 armatura
880 936 988 972 hostis
1018 935 1180 984 trepidet.
1235 931 1453 969 Praecedere

341 1007 470 1040 tamen
492 1001 606 1053 jubet
634 1001 755 1039 levem
784 1007 1036 1038 armaturam:
1068 1013 1165 1050 quae,
1189 1011 1305 1049 quum
1335 1002 1452 1034 staret

340 1079 494 1116 agmen,
525 1065 759 1115 conligendis
790 1078 857 1115 per
885 1063 1051 1102 tumulos
1082 1063 1185 1108 telis,
1219 1069 1261 1099 ut
1293 1060 1452 1099 missilia

342 1129 585 1173 aubficerent,
605 1129 707 1166 haud
726 1142 842 1178 segne
861 1129 899 1165 id
916 1129 1042 1179 ipsum
1066 1135 1214 1178 tempus
1234 1138 1453 1163 consumse-

342 1199 414 1229 rat.
460 1192 548 1228 Jam
564 1193 696 1229 castris
717 1191 1097 1243 adpropinquabant:
1129 1197 1167 1227 et
1182 1189 1298 1234 Galli,
1317 1202 1366 1226 ne
1382 1202 1452 1240 pa-

341 1269 425 1293 rum
451 1269 490 1292 se
516 1257 753 1293 munimenta
778 1269 846 1292 sua
873 1262 1060 1305 tegerent,
1090 1254 1225 1291 armati
1252 1266 1322 1305 pro
1350 1252 1450 1290 vallo

337 1321 616 1357 constiterant:
649 1320 777 1357 obruti
810 1321 944 1357 deinde
973 1320 1078 1357 omni
1110 1331 1247 1368 genere
1272 1317 1451 1360 telorum,

336 1397 470 1434 quum,
491 1398 567 1434 quo
585 1384 710 1435 plures
730 1398 774 1421 ac
793 1384 985 1421 densiores
1012 1390 1134 1427 erant,
1155 1395 1201 1420 eo
1218 1383 1343 1420 minus
1361 1382 1451 1419 vani

338 1449 546 1499 quidquam
575 1449 817 1486 intercideret
847 1449 928 1493 teli,
959 1449 1060 1485 intra
1086 1447 1226 1485 vallum
1246 1452 1451 1488 ,momento

336 1514 522 1564 temporis
547 1513 840 1565 compelluntur,
854 1512 1082 1550 stationibus
1100 1518 1251 1549 tantum
1268 1510 1384 1547 firmis
1404 1510 1452 1547 ad

336 1576 443 1628 ipsos
457 1577 579 1613 aditus
593 1584 786 1627 portarum
801 1576 954 1614 relictis.
977 1576 1022 1612 In
1036 1575 1331 1618 multitudinem,
1345 1587 1450 1611 com-

338 1640 488 1691 pulsam
508 1642 546 1678 in
568 1647 703 1685 castra,
725 1642 779 1677 vis
800 1643 932 1690 ingens
959 1641 1158 1678 missilium
1175 1638 1338 1676 telorum
1357 1651 1450 1675 con-

333 1703 562 1755 jiciebatur:
596 1712 646 1750 et,
671 1705 858 1742 vulnerari
882 1705 1037 1747 multos,
1059 1703 1216 1747 clamor,
1240 1702 1449 1753 permixtus

337 1768 539 1806 mulierum
569 1777 682 1819 atque
709 1783 911 1820 puerorum
939 1768 1165 1820 ploratibus,
1196 1766 1448 1816 significabat.

337 1831 387 1872 In
407 1846 487 1877 eos,
508 1835 571 1883 qui
593 1841 719 1884 portas
741 1833 968 1870 stationibus
989 1834 1064 1868 suis
1086 1831 1311 1874 clauserant,
1331 1830 1451 1879 legio-

337 1909 430 1934 num
446 1898 686 1947 antesignani
712 1897 788 1948 pila
808 1896 1076 1947 conjecerunt:
1107 1896 1147 1931 hi
1164 1908 1252 1931 vero
1271 1907 1349 1930 non
1368 1893 1452 1931 vul·

337 1960 584 2004 nerabantur,
598 1961 676 2004 sed,
693 1960 1005 1997 transverberatis
1022 1959 1152 2002 scutis,
1170 1958 1337 2008 plerique
1352 1958 1452 1994 inter

336 2036 378 2061 se
393 2026 559 2062 conserti
576 2024 772 2062 haerebant
788 2040 796 2062 :
826 2038 895 2061 nec
912 2025 1050 2061 diutius
1067 2024 1237 2074 inpetum
1252 2021 1450 2059 Romano-

336 2099 419 2126 rum
440 2091 712 2126 sustinuerunt.

390 2151 551 2189 XXIII.
580 2152 897 2203 Patentibnsjam
915 2152 1049 2203 portis,
1067 2151 1286 2201 priusquam
1302 2150 1447 2186 inrum-

337 2224 471 2268 perent
500 2218 677 2260 victores,
707 2217 799 2266 fuga
829 2230 847 2253 e
869 2217 1000 2253 castris
1027 2214 1225 2251 Gallorum
1251 2214 1289 2250 in
1319 2225 1450 2250 omnes

338 2290 463 2333 partes
493 2280 596 2317 facta
628 2287 707 2317 est:
743 2286 858 2316 ruunt
890 2279 980 2316 caeci
1009 2291 1076 2330 per
1104 2279 1198 2320 vias,
1225 2289 1294 2328 per
1321 2277 1445 2313 invia:

336 2344 440 2384 nulla
455 2345 664 2398 praecipitia
676 2357 780 2389 saxa,
795 2343 905 2383 nullae
920 2355 1029 2396 rupes
1042 2343 1217 2380 obstant:
1240 2339 1335 2378 nihil
1350 2353 1447 2392 prae-
