1546 2648
283 155 340 187 20
741 153 788 185 T.
809 155 942 185 len

90 250 402 284 U.C.5⁶2.mento
427 247 588 295 aperturi
612 250 772 294 portum,
801 260 907 296 quam
927 247 1163 285 obstruatur.9
1191 247 1255 284 Sin
1275 250 1397 283 autem

91 296 133 327 A.
145 295 183 327 C.
199 303 271 330 190.

89 1577 200 1610 Livius

91 1621 229 1651 mittitur
240 1620 273 1650 in

283 311 500 347 manendum
526 310 574 347 ibi
600 310 832 347 nihilominus
858 313 918 354 sit,
949 313 1037 360 quid
1069 314 1244 356 adtinere,
1273 311 1398 347 claudi

280 376 462 423 portum?
492 375 586 416 Quin
614 380 753 417 contra,
778 376 872 417 illos,
905 378 1079 412 tutissimo
1100 381 1223 425 portu,
1249 375 1398 423 opulen-

283 439 422 475 tissima
456 439 540 476 urbe
559 437 742 488 fruenteS,
780 440 900 475 omnia
931 441 1022 476 Asia
1050 441 1239 489 praebente,
1277 439 1400 487 quieta

283 504 406 539 aestiva
441 507 608 538 acturos:
647 502 842 545 Romanos,
875 509 999 551 aperto
1035 505 1073 540 in
1110 504 1204 539 mari
1225 500 1400 551 fluctibus

285 566 617 614 tempestatibusque
642 564 804 611 objectos,
835 567 993 602 omnium
1024 567 1157 614 inopes,
1185 568 1222 601 in
1247 564 1399 600 adsidua

282 629 438 665 statione
454 627 631 677 futuros,·
660 631 755 678 ipsos
781 631 897 677 magis
927 631 1108 678 adligatos
1138 630 1397 678 inpeditosque,

282 703 328 728 ne
345 693 433 741 quid
449 705 585 737 eorum,
609 705 686 742 quae
707 693 848 740 agenda
871 695 957 736 sint,
984 695 1123 742 possint
1143 703 1263 740 agere,
1291 703 1400 739 quam

281 760 326 791 ut
343 755 457 792 hostes
471 757 607 793 clausos
625 756 789 793 habeant.
843 755 1054 799 Eudamus,
1071 755 1272 806 praefectus
1287 754 1399 791 Rho-

283 818 355 855 diae
388 818 532 864 classis,
566 821 688 869 magis
719 832 802 856 eam
837 820 909 857 sibi
941 819 1139 869 displicere
1171 818 1400 855 sententiam

283 883 466 928 ostendit,
486 897 599 934 quam
619 885 714 935 ipse,
734 884 826 934 quid
844 889 1015 921 censeret
1037 882 1269 927 faciendum,
1290 883 1398 919 dixit.

282 945 481 998 Epicrates
500 948 691 994 Rhodius,
714 951 853 987 Omissa
871 951 909 986 in
929 949 1121 997 presentia
1140 946 1295 996 Epheso,
1315 948 1401 983 mit-

282 1011 428 1048 tendam
445 1014 592 1049 navium
606 1017 751 1061 partem
771 1015 809 1049 in
825 1013 989 1061 Lyciam,
1010 1010 1170 1054 censuit,
1187 1015 1223 1047 et
1241 1011 1397 1054 Patara,

283 1079 396 1122 eaput
420 1077 551 1122 gentis,
580 1077 618 1112 in
643 1077 849 1113 societatem
877 1074 1133 1122 adjungenda:
1160 1075 1197 1109 in
1229 1074 1319 1110 duas
1334 1074 1400 1110 vres

280 1149 432 1185 magnas
450 1140 489 1175 id
506 1142 587 1176 usui
601 1139 692 1188 fore
703 1155 714 1185 3
747 1144 781 1176 et
801 1139 975 1181 Rhodios,
999 1138 1142 1185 pacatis
1161 1141 1285 1172 contra
1303 1138 1402 1172 insu-

284 1201 359 1237 lam
376 1213 480 1238 suam
500 1205 615 1246 terris,
637 1204 722 1238 totis
743 1203 875 1238 viribus
897 1200 1098 1237 incumbere
1123 1200 1162 1235 in
1179 1200 1283 1236 unius
1301 1199 1399 1243 belli,

283 1266 380 1313 quod
411 1267 580 1303 adversus
607 1266 826 1303 Antiochum
856 1267 917 1310 sit,
949 1276 1075 1302 curam
1101 1275 1224 1312 posse;
1255 1268 1290 1299 et
1319 1275 1401 1300 eam

283 1330 445 1373 classem,
476 1343 554 1379 quae
585 1332 623 1367 in
655 1331 771 1378 Lycia
801 1333 1085 1378 compararetur,
1117 1328 1322 1371 intercludi,
1356 1339 1401 1364 ne

284 1393 515 1441 Polyxenida?
533 1393 782 1442 conjungatur.
813 1393 909 1429 Haec
929 1393 1092 1429 maxime
1110 1392 1231 1428 movit
1245 1397 1399 1428 senten·

284 1456 362 1493 tia:
394 1456 536 1508 placuit
566 1465 709 1501 tamen,
728 1457 924 1508 Regillum
956 1463 1039 1493 tota
1067 1455 1186 1492 classe
1215 1456 1322 1492 evehi
1351 1454 1399 1492 ad

284 1528 438 1572 portum
457 1523 616 1572 Ephesi,
637 1523 684 1560 ad
705 1523 942 1560 inferendum
961 1521 1135 1558 hostibus
1155 1528 1351 1558 terrorem.

339 1586 451 1624 XVI.
483 1588 527 1624 C.
542 1587 674 1624 Livius
696 1601 780 1624 cum
801 1588 943 1625 duabus
965 1584 1296 1636 quinqueremibus
1316 1584 1400 1620 Ro-

91 1663 235 1706 Lyciam,
284 1652 421 1694 manis,
439 1657 477 1688 et
496 1658 659 1701 quatuor
678 1652 975 1701 quadriremibus
996 1650 1174 1693 Rhodiis,
1196 1655 1233 1686 et
1253 1648 1398 1685 duabus

284 1715 423 1765 apertis
454 1714 671 1764 Smyrnaeis,
692 1716 731 1751 in
759 1715 919 1765 Lyciam
949 1721 1005 1750 est
1034 1714 1184 1756 missus,
1214 1711 1399 1748 Rhodum

283 1779 388 1829 prius
410 1777 540 1828 jussus
571 1780 685 1822 adire,
708 1785 746 1815 et
775 1780 903 1815 omnia
932 1791 1017 1814 cum
1045 1778 1091 1814 iis
1119 1776 1400 1813 communicare

284 1841 454 1879 consilia.
513 1842 711 1885 Civitates,
733 1855 824 1892 quas
845 1848 1111 1893 praetervectus
1133 1846 1203 1883 est,
1222 1838 1398 1882 Miletus,

282 1905 465 1953 BIyndus,
505 1905 812 1950 Halicarnassus,
859 1906 1016 1949 Cnidus,
1056 1906 1173 1948 Cous,
1215 1905 1400 1954 imperata

285 1970 388 2005 enise
414 1969 598 2007 fecerunt.
654 1969 836 2006 Rhodum
863 1977 905 2005 ut
932 1975 989 2006 est
1015 1975 1185 2012 ventum,
1209 1966 1321 2003 simul
1346 1973 1398 2009 et,

285 2032 333 2069 ad
353 2045 465 2081 quam
484 2045 562 2068 rem
583 2033 717 2069 missus
738 2039 849 2077 esset,
870 2034 915 2069 iis
939 2034 1128 2082 exposuit,
1150 2038 1187 2067 et
1206 2029 1401 2067 consuluit

286 2107 365 2133 eos,
397 2095 708 2146 Adprobantibus
728 2097 888 2139 cunctis,
910 2103 947 2132 et
966 2096 1013 2132 ad
1033 2108 1129 2138 eam,
1150 2106 1262 2143 quam
1282 2092 1399 2128 habe-

286 2158 367 2201 bat,
391 2159 547 2196 classem
567 2160 748 2196 adsumtis
771 2160 890 2197 tribus
911 2158 1222 2209 quadri1·emibuS‚
1243 2157 1400 2205 navigat

286 2223 439 2261 Patara.
496 2224 626 2260 Primo
656 2225 840 2261 secundus
867 2231 1000 2260 ventus
1034 2223 1081 2259 ad
1114 2224 1234 2273 ipsam
1268 2220 1400 2257 urbem

287 2287 436 2325 ferebat
469 2300 557 2334 eos5
601 2288 894 2340 sperabantque,
929 2288 1055 2325 subito
1088 2293 1232 2323 terrore
1262 2283 1402 2333 aliquid
