1546 2648
361 170 516 203 ωΒΕΡ.
541 169 621 197 xL.
656 169 878 197 emnxn.
1097 169 1175 214 233

67 260 186 308 loquio
203 260 276 296 dies
293 250 478 306 noctesque
494 259 704 296 insidietur.-
725 257 819 292 ultro
834 256 922 292 milii
941 269 1009 293 non
1032 260 1176 295 insidia·
1192 265 1230 295 U.
1243 265 1280 295 C.
1299 271 1372 300 ³70·

68 325 282 366 torismodo,
297 324 358 359 sed
378 324 525 358 latronis
541 320 721 369 manifesti
735 325 769 356 et
783 323 1012 369 percussoris,
1028 324 1175 369 speciem
1191 309 1229 338 Α·
1243 308 1280 338 C·
1299 315 1371 338 ¹⁸²·

67 388 196 423 induit.
252 388 421 423 Periculo
438 398 500 422 suo
520 391 553 421 te
571 389 737 426 eti-terret,
758 389 799 420 ut
817 386 957 420 innoxio
975 385 1097 434 fratri
1114 398 1180 433 per

64 451 224 486 eumdem
238 455 272 486 te
285 454 442 486 maturet
457 450 650 496 perniciem
664 464 676 484 .·
703 447 911 496 perfugium
924 449 990 484 sibi
1005 461 1179 496 nusquam

61 515 222 561 gentium
247 525 317 549 esse
345 515 412 556 ait,
434 517 474 549 ut
491 525 554 560 ego
582 524 626 548 ne
643 513 742 560 opud
771 517 805 547 te
824 513 966 560 quidem
985 514 1178 561 quidquam

60 579 134 625 spei
152 578 298 626 reliqua>
323 578 483 613 habeam.
542 576 841 618 Circumventum,
863 577 991 619 solum,
1024 578 1175 625 inopem,

61 643 198 677 invidia
213 644 344 689 gratiae
362 647 526 684 externae,
543 653 619 689 quae
637 641 730 676 obest
743 633 878 688 potius,
895 653 1001 688 quam
1019 642 1177 688 prodest,

60 711 199 743 onerat.
253 707 340 743 Jam
360 708 454 742 illud
473 718 580 754 quam
606 707 842 747 accusatorie,
866 698 964 753 quod
980 707 1093 742 noctis
1112 706 1177 742 hu·-

53 769 117 816 jus
135 772 267 806 crimen
294 773 433 806 miscuit
459 782 538 806 cum
561 774 679 805 cetera
706 771 936 805 insectatione
955 771 1036 805 υἱέας
1063 771 1180 805 meae?

61 838 158 869 utet
181 834 258 876 hoc,
290 835 386 881 quod
403 832 499 879 jam,
530 834 636 880 quale
661 834 720 874 sit,
750 834 849 875 scies,
878 837 1078 881 suspectum
1105 834 1178 869 alio

61 898 144 932 vitae
161 901 288 932 nostrie
307 901 425 932 tenore
431 895 579 944 faceret
592 912 603 932 .·
633 901 667 931 et
685 897 790 931 illam
806 908 935 931 vanam,
954 898 1178 932 criminatio-

62 972 139 996 nem
158 962 245 1008 spei,
265 961 475 1003 voluntatis,
495 961 724 995 consiliorum
743 972 901 996 meorum
922 965 1095 995 nocturno
1114 961 1180 996 hoc

51 1023 144 1074 ficto
160 1029 195 1060 et
213 1027 406 1073 composito
434 1029 646 1072 argumento
660 1023 830 1071 fulciret.
888 1023 1007 1059 Simul
1025 1029 1060 1059 et
1090 1025 1181 1059 illud

62 1089 235 1135 qua‘sivit,
254 1093 297 1124 ut
324 1090 509 1136 repentina
537 1093 571 1123 et
590 1089 736 1123 minime
757 1092 969 1135 praeparata
997 1089 1179 1123 accusatio

61 1152 255 1195 videretur,
276 1154 407 1200 quippe
431 1164 472 1188 ex
490 1153 602 1187 noctis
628 1150 731 1197 liujus
754 1147 850 1187 metu
879 1156 915 1187 et
934 1153 1092 1187 tumultu
1120 1163 1177 1187 re-

58 1216 207 1263 pentino
236 1221 371 1252 exorta.
430 1216 598 1264 Oportuit
627 1219 759 1258 autem,
781 1215 927 1258 Perseu,
958 1217 989 1251 si
1013 1217 1180 1263 proditor

62 1290 127 1326 ego
143 1281 260 1327 patris
279 1282 446 1328 regnique
460 1292 571 1322 eram,
591 1281 622 1314 si
646 1291 723 1314 cum
745 1279 930 1322 Romanis,
949 1281 980 1315 si
999 1292 1078 1315 cum
1098 1280 1180 1315 aliis

63 1345 216 1380 inim-icis
231 1347 348 1392 patris
371 1347 520 1381 inieram
540 1344 699 1386 consilia,
720 1356 791 1379 non
809 1347 1047 1391 exspectatam
1060 1342 1178 1390 fabu-

64 1407 137 1443 lam
156 1410 268 1444 noctis
287 1407 388 1455 hujus
410 1420 492 1450 esse,
512 1409 572 1443 sed
595 1408 811 1455 proditionis
831 1418 914 1442 meae
932 1410 1015 1441 ante
1042 1418 1098 1441 me
1115 1418 1177 1441 ac-

63 1475 223 1507 cusatum
238 1487 250 1507 .·
278 1473 309 1507 si
328 1472 393 1508 illa
411 1476 582 1519 separata
607 1470 650 1506 ab
669 1470 736 1506 hac
763 1482 858 1505 vana
877 1471 1057 1505 accusatio
1084 1473 1177 1511 erat,

64 1534 306 1582 invidiamque
338 1540 438 1571 tuam
467 1535 634 1570 adversus
661 1546 717 1569 me
749 1535 877 1580 magis,
907 1545 1016 1581 quam
1045 1534 1178 1567 crimen

64 1609 182 1633 meum
212 1599 429 1640 indicatura,
450 1598 554 1633 hodie
573 1609 708 1645 quoque
737 1610 815 1633 eam
843 1602 908 1632 aut
932 1597 1177 1644 proetermitti,

65 1665 131 1697 aut
155 1663 192 1696 in
210 1663 313 1698 aliud
341 1668 479 1710 tempus
498 1662 661 1710 differri.-
689 1667 731 1696 ut
753 1663 1029 1710 perspiceretur,
1057 1665 1179 1696 utrum

64 1724 223 1772 egotibi,
244 1737 292 1761 an
320 1731 358 1762 tu
391 1726 492 1767 mihi,
520 1737 610 1761 novo
630 1725 770 1773 quidem
799 1730 834 1760 et
860 1724 1037 1771 singulari
1052 1735 1180 1771 genere

66 1789 154 1830 odii,
185 1789 333 1824 insidias
357 1788 516 1838 fecisses.
573 1789 653 1835 Ego
685 1793 815 1830 tamen,
846 1792 1018 1834 quantum
1048 1788 1085 1822 in
1115 1786 1182 1821 hac

66 1851 182 1886 subita
195 1851 463 1899 perturbatione
477 1855 617 1900 potero,
636 1851 808 1899 separabo
827 1863 882 1891 ea,
903 1862 981 1898 quce
996 1855 1034 1885 tu
1054 1848 1180 1897 confu-

68 1914 176 1950 disti:
205 1919 241 1950 et
258 1917 371 1950 noctis
389 1913 493 1960 hujus
518 1915 680 1956 insidias,
702 1918 767 1948 aut
787 1918 879 1955 tuas,
901 1918 966 1948 aut
989 1925 1097 1954 meas,
1119 1913 1180 1947 de·

69 1983 197 2026 tegam..
253 1981 447 2016 Occidendi
465 1981 520 2015 sui
540 1980 724 2015 consilium
742 1990 798 2013 me
815 1979 930 2020 inisse,
954 1978 1065 2013 videri
1079 1978 1156 2011 vult
1170 1993 1183 2012 .-

67 2047 108 2078 ut
123 2044 272 2085 scilicet,
301 2042 435 2090 majore
451 2043 580 2092 fratre
607 2042 759 2084 sublato,
787 2040 885 2087 cujus
903 2040 989 2087 jure
1004 2042 1181 2088 gentium,

68 2118 164 2142 more
182 2107 436 2150 Macedonum,
468 2112 526 2143 tuo
555 2108 678 2148 etiam,
710 2111 751 2141 ut
781 2108 848 2148 ait,
861 2104 1002 2151 judicio
1033 2116 1183 2151 regnum

70 2168 318 2218 estfuturum,
338 2183 402 2218 ego
418 2172 534 2206 minor
551 2172 589 2205 in
608 2168 694 2215 ejus,
711 2181 813 2217 quem
834 2169 1048 2210 occidissem,
1064 2179 1182 2203 succe-

70 2233 188 2267 derem
210 2233 338 2270 locum.
385 2236 483 2275 Quid
501 2246 585 2281 ergo
605 2235 670 2269 illa
684 2233 749 2269 sibi
768 2234 845 2269 vult
860 2244 949 2280 pars
963 2232 1081 2267 altera
1100 2242 1181 2266 ora-

16 2302 29 2333 ?
68 2297 185 2338 tionis,
216 2310 287 2344 qua
318 2297 498 2334 Romanos
527 2311 551 2334 α
579 2310 634 2334 me
668 2299 780 2335 cultos
812 2298 878 2340 ait,
914 2300 1022 2344 atque
1058 2305 1180 2333 eorum
