1546 2648
308 189 462 219 LIBER
486 185 716 216 xxxvln.
747 185 855 214 CAP.
881 184 984 214 LVI.
1124 181 1202 227 145

92 275 286 328 peculatus
299 277 528 319 viderentur,
545 273 679 312 scribae
692 285 843 322 quoque
858 272 933 308 duo
953 277 991 308 et
1012 283 1205 310 accensus,
1218 273 1261 305 U.
1278 274 1316 306 C.
1333 279 1410 309 565·

90 341 138 379 L.
154 340 359 384 Hostilius,
380 346 419 377 et
446 339 593 383 scribae,
623 345 662 375 et
694 349 890 380 accensus,
920 336 1139 386 priusquam
1158 336 1205 373 de
1216 318 1257 350 A·
1273 317 1311 350 C·
1330 324 1404 354 ¹⁸⁷·

90 405 270 456 Scipione
291 403 479 456 judicium
497 403 618 447 fieret,
649 401 816 438 absoluti
845 407 956 437 sunt:
989 400 1134 452 Scipio,
1165 405 1204 436 et

87 470 136 507 A.
168 469 359 507 Hostilius
396 469 558 519 legatus,
596 473 635 504 et
672 467 716 504 C.
729 466 864 503 Furius
895 465 1088 503 damnati:
1123 466 1202 508 Quo
1215 464 1398 515 Damnatur

86 536 305 572 commodior
319 547 394 584 pax
412 533 591 571 Antiocho
605 533 768 574 daretur,
786 531 991 580 Scipionem
1007 541 1068 567 sex
1085 531 1205 567 millia
1215 509 1250 540 L*
1267 509 1387 551 δῶμα

80 600 203 648 pondo
228 600 323 642 auri,
345 599 606 648 quadringenta
631 597 814 644 octoginta
833 596 975 643 argenti
996 595 1082 644 plus
1100 607 1204 632 acce·

82 665 188 712 pisse,
210 676 318 712 quam
342 664 380 699 in
404 663 574 700 cerarium
598 661 789 698 retulerit:
819 660 866 696 A.
886 659 1086 696 Hostilium
1104 665 1202 696 octo·

80 732 187 777 ginta
211 730 334 778 pondo
353 730 449 771 auri,
478 728 622 776 argenti
639 727 902 775 quadringenta
927 726 1023 763 tria:
1050 725 1202 764 Furium

82 799 288 842 quaestorem
306 795 388 831 auri
401 795 521 842 pondo
535 797 673 829 centum
686 793 850 840 triginta,
870 792 1014 840 argenti
1030 792 1199 831 ducenta.

81 857 165 895 Has
187 870 259 907 ego
279 870 442 895 summas
463 858 544 894 auri
560 863 598 893 et
613 857 762 906 argenti
777 855 914 892 relatas
942 856 1043 907 apud
1058 857 1197 893 Antia-

80 929 158 960 tem
183 923 335 960 inveni:
367 923 407 959 in
431 922 479 959 L.
496 922 675 972 Scipione
694 920 824 958 malim
850 921 1024 970 equidem
1050 920 1198 959 librarii

80 988 272 1032 mendum,
286 1000 398 1038 quam
417 987 657 1024 mendacium
672 986 881 1037 scriptoris,
896 999 976 1023 esse
992 987 1031 1023 in
1047 999 1195 1026 summa

80 1054 161 1091 auri
181 1059 295 1103 atque
312 1053 474 1102 argenti.
531 1051 697 1088 similius
718 1052 819 1088 enim
838 1053 917 1088 veri
936 1059 1005 1096 est,
1028 1053 1191 1102 argenti,

79 1131 194 1168 quam
218 1118 314 1161 auri,
334 1117 455 1168 majus
482 1117 628 1168 pondus
650 1117 766 1153 fuisse
779 1133 790 1162 3
823 1123 861 1153 et
880 1118 1007 1168 potius
1029 1119 1191 1168 quadra-

77 1183 172 1232 gieS,
192 1194 307 1232 quam
335 1182 530 1219 ducenties
556 1181 793 1231 quadragies,
814 1181 921 1219 litem
939 1184 1188 1221 aestimatam:

78 1260 124 1285 eo
153 1248 289 1296 magis,
313 1247 428 1297 quod,
454 1253 572 1283 tantae
599 1259 753 1283 summae
779 1247 971 1284 *rationem
997 1249 1112 1286 etiam
1141 1249 1190 1286 ab

73 1313 159 1364 ipso
178 1312 222 1349 P.
243 1311 420 1362 Scipione
440 1311 660 1361 requisitam
671 1324 759 1348 esse
777 1312 818 1348 in
837 1320 986 1356 senatu,
1006 1314 1187 1352 tradunt:

73 1377 286 1426 librumque
314 1375 472 1412 rationis
493 1374 588 1425 ejuS,
610 1388 725 1425 quum
753 1375 917 1414 Lucium
935 1377 1092 1415 fratrem
1121 1378 1189 1416 ad·

71 1441 170 1479 ferre
182 1440 373 1492 jussisset,
399 1441 636 1491 inspectante
656 1448 797 1478 senatu
817 1443 892 1479 suis
920 1443 1043 1493 ipsum
1062 1447 1185 1482 mani-

69 1506 140 1544 bus
160 1506 416 1556 concerpsisse
431 1521 439 1542 :
471 1505 748 1554 indignantem,
761 1507 877 1556 quod,
895 1521 1011 1558 quum
1025 1509 1083 1547 bis
1098 1510 1185 1553 mil.

71 1570 139 1608 lies
170 1571 210 1607 in
245 1570 417 1607 aerarium
448 1569 652 1614 intuli-sset,
684 1571 908 1621 quadragies
939 1574 1039 1611 ratio
1069 1574 1116 1611 ab
1143 1588 1183 1614 se

70 1640 301 1686 posceretur.
356 1633 417 1672 Ab
447 1634 578 1670 eadem
606 1634 744 1672 fiducia
773 1637 903 1681 animi,
935 1651 1052 1687 quum
1080 1653 1185 1689 quae-

71 1706 191 1736 stores
207 1699 406 1749 pecuniam
421 1711 468 1736 ex
481 1699 613 1735 aerario
626 1706 759 1737 contra
773 1700 897 1750 legem
911 1715 1084 1752 promere
1102 1718 1183 1743 non

67 1764 265 1808 auderent,
281 1765 500 1815 poposcisse
516 1764 652 1809 claves,
667 1772 705 1802 et
720 1779 759 1802 se
774 1771 1182 1817 aperturumaerarium

67 1829 220 1871 dixisse,
241 1829 319 1877 qui,
340 1835 383 1865 ut
402 1828 650 1873 clauderetur,
671 1830 868 1869 effecisset.

119 1892 224 1930 LVI.
252 1891 379 1929 Multa
398 1891 485 1936 alia,
505 1893 545 1929 in
566 1893 754 1944 Scipionis
768 1897 873 1932 exitu
892 1898 1057 1934 maxime
1075 1900 1175 1944 vitas,

66 1957 201 2007 dieque
229 1957 343 2001 dicta,
370 1963 508 2001 morte,
528 1958 674 2002 funere,
702 1960 890 2010 sepulcro,
919 1963 958 1998 in
989 1963 1177 2002 diversum

66 2021 244 2058 trahunt:
268 2027 322 2064 ut,
340 2021 400 2058 cui
417 2021 542 2065 famae,
559 2023 694 2071 quibus
711 2024 859 2074 scriptis
881 2026 1083 2070 adsentiar,
1097 2040 1176 2065 non

65 2084 237 2122 habeam.
278 2084 372 2121 Non
383 2085 429 2121 de
448 2092 668 2122 accusatore
688 2089 889 2135 convenit5
923 2090 987 2126 alii
1005 2091 1063 2128 M.
1083 2091 1174 2128 Nae-

64 2147 181 2191 vium,
211 2147 275 2184 alii
301 2148 473 2186 Petillios
499 2149 599 2186 diem
629 2150 766 2188 dixisse
797 2153 967 2190 scribunt
983 2169 990 2190 :
1022 2168 1101 2192 non
1128 2156 1174 2194 de

66 2217 251 2261 tempore,
271 2225 346 2261 quo
364 2214 466 2250 dicta
480 2213 558 2250 dies
579 2215 650 2251 sit:
682 2229 760 2252 non
780 2217 826 2253 de
845 2230 960 2261 anno,
976 2232 1051 2268 quo
1071 2233 1174 2257 mor-2

0 2274 3 2321 ᾗ
56 2280 150 2311 Δωας
171 2275 243 2311 sit:
274 2288 352 2312 non
371 2276 437 2313 ubi
455 2284 641 2322 mortuuS,
661 2286 727 2316 aut
744 2280 863 2318 elatus
885 2283 945 2320 sit.
991 2283 1069 2320 Alii
1089 2284 1174 2321 Ro-

63 2350 148 2382 mae,
168 2338 232 2380 alii
257 2339 406 2380 Literni
425 2348 464 2379 et
487 2349 693 2389 mortuum,
715 2351 752 2382 et
778 2346 991 2397 sepultum:
1024 2348 1172 2386 utrobi-

123 2403 224 2442 VoL.
238 2404 314 2444 ·1V.
609 2407 651 2447 H
