<?xml version="1.0" encoding="UTF-8"?>
<!DOCTYPE html PUBLIC "-//W3C//DTD XHTML 1.0 Transitional//EN"
    "http://www.w3.org/TR/xhtml1/DTD/xhtml1-transitional.dtd">
<html xmlns="http://www.w3.org/1999/xhtml" xml:lang="en" lang="en">
 <head>
  <title>
</title>
<meta http-equiv="Content-Type" content="text/html;charset=utf-8" />
  <meta name='ocr-system' content='tesseract 3.04.00' />
  <meta name='ocr-capabilities' content='ocr_page ocr_carea ocr_par ocr_line ocrx_word'/>
</head>
<body>
  <div class='ocr_page' id='page_1' title='image "./historiarumquaes04livyuoft/historiarumquaes04livyuoft_0296.png"; bbox 0 0 1546 2648; ppageno 0'>
   <div class='ocr_carea' id='block_1_1' title="bbox 91 950 277 1030">
    <p class='ocr_par' dir='ltr' id='par_1_1' title="bbox 91 950 277 1030">
     <span class='ocr_line' id='line_1_1' title="bbox 92 950 275 987; baseline 0.005 -7"><span class='ocrx_word' id='word_1_1' title='bbox 92 950 186 981; x_wconf 87' lang='lat' dir='ltr'><strong>U.C.</strong></span> <span class='ocrx_word' id='word_1_2' title='bbox 202 957 275 987; x_wconf 81' lang='lat'>574.</span> 
     </span>
     <span class='ocr_line' id='line_1_2' title="bbox 91 994 277 1030; baseline -0.011 -4"><span class='ocrx_word' id='word_1_3' title='bbox 91 995 133 1026; x_wconf 80' lang='grc' dir='ltr'><strong>Α.</strong></span> <span class='ocrx_word' id='word_1_4' title='bbox 148 994 186 1025; x_wconf 85' lang='lat' dir='ltr'><strong>C.</strong></span> <span class='ocrx_word' id='word_1_5' title='bbox 204 1000 277 1030; x_wconf 77' lang='lat'><strong>178.</strong></span> 
     </span>
    </p>
   </div>
   <div class='ocr_carea' id='block_1_2' title="bbox 92 1079 243 1152">
    <p class='ocr_par' dir='ltr' id='par_1_2' title="bbox 92 1079 243 1152">
     <span class='ocr_line' id='line_1_3' title="bbox 93 1079 243 1109; baseline 0.007 -1"><span class='ocrx_word' id='word_1_6' title='bbox 93 1079 243 1109; x_wconf 82' lang='lat' dir='ltr'><strong>Istricum</strong></span> 
     </span>
     <span class='ocr_line' id='line_1_4' title="bbox 92 1121 229 1152; baseline -0.007 0"><span class='ocrx_word' id='word_1_7' title='bbox 92 1121 229 1152; x_wconf 83' lang='lat' dir='ltr'><strong>bellum.</strong></span> 
     </span>
    </p>
   </div>
   <div class='ocr_carea' id='block_1_3' title="bbox 294 217 1404 246">
    <p class='ocr_par' dir='ltr' id='par_1_3' title="bbox 294 217 1404 246">
     <span class='ocr_line' id='line_1_5' title="bbox 294 217 1404 246; baseline 0 0"><span class='ocrx_word' id='word_1_8' title='bbox 294 217 1404 246; x_wconf 95' lang='lat' dir='ltr'><strong> </strong></span> 
     </span>
    </p>
   </div>
   <div class='ocr_carea' id='block_1_4' title="bbox 456 400 1229 475">
    <p class='ocr_par' dir='ltr' id='par_1_4' title="bbox 456 400 1229 475">
     <span class='ocr_line' id='line_1_6' title="bbox 456 400 1229 475; baseline -0.001 0"><span class='ocrx_word' id='word_1_9' title='bbox 456 420 521 475; x_wconf 87' lang='lat' dir='ltr'><strong>T.</strong></span> <span class='ocrx_word' id='word_1_10' title='bbox 560 420 774 475; x_wconf 68' lang='grc' dir='ltr'><strong>[ΝΠ</strong></span> <span class='ocrx_word' id='word_1_11' title='bbox 821 400 1229 475; x_wconf 83' lang='lat' dir='ltr'><strong>PATAVINI</strong></span> 
     </span>
    </p>
   </div>
   <div class='ocr_carea' id='block_1_5' title="bbox 659 577 1023 751">
    <p class='ocr_par' dir='ltr' id='par_1_5' title="bbox 659 577 1023 751">
     <span class='ocr_line' id='line_1_7' title="bbox 659 577 1023 617; baseline 0.005 -2"><span class='ocrx_word' id='word_1_12' title='bbox 659 577 872 615; x_wconf 85' lang='lat' dir='ltr'>LIBER</span> <span class='ocrx_word' id='word_1_13' title='bbox 911 578 1023 617; x_wconf 89' lang='lat' dir='ltr'><strong>XLI.</strong></span> 
     </span>
     <span class='ocr_line' id='line_1_8' title="bbox 712 728 984 751; baseline -0.004 -6"><span class='ocrx_word' id='word_1_14' title='bbox 712 728 984 751; x_wconf 45' lang='grc'><strong>,4-</strong></span> 
     </span>
    </p>
   </div>
   <div class='ocr_carea' id='block_1_6' title="bbox 625 862 1054 888">
    <p class='ocr_par' dir='ltr' id='par_1_6' title="bbox 625 862 1054 888">
     <span class='ocr_line' id='line_1_9' title="bbox 625 862 1054 888; baseline 0.005 -2"><span class='ocrx_word' id='word_1_15' title='bbox 625 862 648 886; x_wconf 68' lang='lat'><strong>-10</strong></span> <span class='ocrx_word' id='word_1_16' title='bbox 760 863 784 886; x_wconf 55' lang='grc' dir='ltr'><strong><em>ἃ</em></strong></span> <span class='ocrx_word' id='word_1_17' title='bbox 896 863 920 886; x_wconf 56' lang='grc' dir='ltr'><strong><em>ἃ</em></strong></span> <span class='ocrx_word' id='word_1_18' title='bbox 1031 864 1054 888; x_wconf 58' lang='grc' dir='ltr'>ὕ</span> 
     </span>
    </p>
   </div>
   <div class='ocr_carea' id='block_1_7' title="bbox 280 945 1445 2332">
    <p class='ocr_par' dir='ltr' id='par_1_7' title="bbox 280 945 1445 2332">
     <span class='ocr_line' id='line_1_10' title="bbox 287 945 1395 1000; baseline 0.003 -15"><span class='ocrx_word' id='word_1_19' title='bbox 287 961 310 985; x_wconf 85' lang='lat' dir='ltr'><strong>a</strong></span> <span class='ocrx_word' id='word_1_20' title='bbox 336 953 444 998; x_wconf 84' lang='lat' dir='ltr'><strong>patre</strong></span> <span class='ocrx_word' id='word_1_21' title='bbox 472 946 511 983; x_wconf 89' lang='lat' dir='ltr'><strong>in</strong></span> <span class='ocrx_word' id='word_1_22' title='bbox 540 958 633 996; x_wconf 86' lang='lat' dir='ltr'><strong>pace</strong></span> <span class='ocrx_word' id='word_1_23' title='bbox 660 945 832 983; x_wconf 85' lang='lat' dir='ltr'><strong>habitam</strong></span> <span class='ocrx_word' id='word_1_24' title='bbox 860 958 1038 991; x_wconf 85' lang='lat' dir='ltr'><strong>armasse,</strong></span> <span class='ocrx_word' id='word_1_25' title='bbox 1059 959 1179 997; x_wconf 89' lang='lat' dir='ltr'><strong>eoque</strong></span> <span class='ocrx_word' id='word_1_26' title='bbox 1200 947 1395 1000; x_wconf 81' lang='lat' dir='ltr'><strong>juventuti</strong></span> 
     </span>
     <span class='ocr_line' id='line_1_11' title="bbox 288 1009 1179 1064; baseline -0.001 -15"><span class='ocrx_word' id='word_1_27' title='bbox 288 1010 478 1064; x_wconf 87' lang='lat' dir='ltr'><strong>praedandi</strong></span> <span class='ocrx_word' id='word_1_28' title='bbox 499 1009 642 1059; x_wconf 80' lang='lat' dir='ltr'><strong>cupidae</strong></span> <span class='ocrx_word' id='word_1_29' title='bbox 661 1016 857 1059; x_wconf 83' lang='lat' dir='ltr'><strong>pergratus</strong></span> <span class='ocrx_word' id='word_1_30' title='bbox 879 1023 959 1047; x_wconf 91' lang='lat' dir='ltr'><strong>esse</strong></span> <span class='ocrx_word' id='word_1_31' title='bbox 973 1011 1179 1049; x_wconf 83' lang='lat' dir='ltr'>dicebatur.</span> 
     </span>
     <span class='ocr_line' id='line_1_12' title="bbox 341 1074 1392 1124; baseline 0 -11"><span class='ocrx_word' id='word_1_32' title='bbox 341 1075 552 1113; x_wconf 83' lang='lat' dir='ltr'>Consilium</span> <span class='ocrx_word' id='word_1_33' title='bbox 581 1075 626 1111; x_wconf 91' lang='lat' dir='ltr'><strong>de</strong></span> <span class='ocrx_word' id='word_1_34' title='bbox 656 1074 793 1111; x_wconf 76' lang='lat' dir='ltr'><strong>Isti-ico</strong></span> <span class='ocrx_word' id='word_1_35' title='bbox 815 1074 917 1111; x_wconf 91' lang='lat' dir='ltr'><strong>bello</strong></span> <span class='ocrx_word' id='word_1_36' title='bbox 937 1088 1051 1124; x_wconf 88' lang='lat' dir='ltr'><strong>quum</strong></span> <span class='ocrx_word' id='word_1_37' title='bbox 1070 1075 1227 1112; x_wconf 82' lang='lat' dir='ltr'><strong>haberet</strong></span> <span class='ocrx_word' id='word_1_38' title='bbox 1246 1077 1392 1121; x_wconf 86' lang='lat' dir='ltr'><strong>consul,</strong></span> 
     </span>
     <span class='ocr_line' id='line_1_13' title="bbox 285 1137 1392 1188; baseline -0.001 -11"><span class='ocrx_word' id='word_1_39' title='bbox 285 1140 350 1177; x_wconf 84' lang='lat' dir='ltr'><strong>alii</strong></span> <span class='ocrx_word' id='word_1_40' title='bbox 378 1138 584 1188; x_wconf 87' lang='lat' dir='ltr'><strong>gerendum</strong></span> <span class='ocrx_word' id='word_1_41' title='bbox 613 1137 818 1187; x_wconf 85' lang='lat' dir='ltr'><strong>extemplo,</strong></span> <span class='ocrx_word' id='word_1_42' title='bbox 843 1144 1046 1187; x_wconf 81' lang='lat' dir='ltr'><strong>antequam</strong></span> <span class='ocrx_word' id='word_1_43' title='bbox 1075 1138 1300 1175; x_wconf 82' lang='lat' dir='ltr'><strong>contrahere</strong></span> <span class='ocrx_word' id='word_1_44' title='bbox 1328 1153 1392 1176; x_wconf 86' lang='lat' dir='ltr'><strong>co-</strong></span> 
     </span>
     <span class='ocr_line' id='line_1_14' title="bbox 283 1192 1445 1254; baseline 0.001 -15"><span class='ocrx_word' id='word_1_45' title='bbox 283 1205 365 1254; x_wconf 86' lang='lat' dir='ltr'><strong>pias</strong></span> <span class='ocrx_word' id='word_1_46' title='bbox 385 1203 514 1238; x_wconf 88' lang='lat' dir='ltr'><strong>hostes</strong></span> <span class='ocrx_word' id='word_1_47' title='bbox 534 1207 704 1251; x_wconf 77' lang='lat' dir='ltr'><strong>possent,</strong></span> <span class='ocrx_word' id='word_1_48' title='bbox 726 1200 789 1237; x_wconf 89' lang='lat' dir='ltr'><strong>alii</strong></span> <span class='ocrx_word' id='word_1_49' title='bbox 811 1200 1083 1237; x_wconf 83' lang='lat' dir='ltr'><strong>consulendum</strong></span> <span class='ocrx_word' id='word_1_50' title='bbox 1104 1201 1205 1252; x_wconf 87' lang='lat' dir='ltr'><strong>prius</strong></span> <span class='ocrx_word' id='word_1_51' title='bbox 1221 1210 1392 1240; x_wconf 86' lang='lat' dir='ltr'><strong>senatum</strong></span> <span class='ocrx_word' id='word_1_52' title='bbox 1441 1192 1445 1193; x_wconf 28' lang='lat'><em>⁷</em></span> 
     </span>
     <span class='ocr_line' id='line_1_15' title="bbox 285 1263 1393 1314; baseline 0 -12"><span class='ocrx_word' id='word_1_53' title='bbox 285 1265 501 1303; x_wconf 86' lang='lat' dir='ltr'><strong>censebant.</strong></span> <span class='ocrx_word' id='word_1_54' title='bbox 558 1263 661 1300; x_wconf 86' lang='lat' dir='ltr'><strong>Vicit</strong></span> <span class='ocrx_word' id='word_1_55' title='bbox 680 1264 881 1308; x_wconf 81' lang='lat' dir='ltr'><strong>sententia,</strong></span> <span class='ocrx_word' id='word_1_56' title='bbox 902 1277 986 1313; x_wconf 81' lang='lat' dir='ltr'><strong>quoe</strong></span> <span class='ocrx_word' id='word_1_57' title='bbox 1013 1265 1110 1302; x_wconf 88' lang='lat' dir='ltr'><strong>diem</strong></span> <span class='ocrx_word' id='word_1_58' title='bbox 1129 1277 1206 1301; x_wconf 90' lang='lat' dir='ltr'><strong>non</strong></span> <span class='ocrx_word' id='word_1_59' title='bbox 1225 1265 1393 1314; x_wconf 85' lang='lat' dir='ltr'><strong>profere-</strong></span> 
     </span>
     <span class='ocr_line' id='line_1_16' title="bbox 282 1326 1404 1376; baseline -0.001 -9"><span class='ocrx_word' id='word_1_60' title='bbox 282 1330 363 1367; x_wconf 80' lang='lat' dir='ltr'><strong>bat.</strong></span> <span class='ocrx_word' id='word_1_61' title='bbox 419 1328 617 1365; x_wconf 83' lang='lat' dir='ltr'><strong>Profectus</strong></span> <span class='ocrx_word' id='word_1_62' title='bbox 647 1326 694 1363; x_wconf 91' lang='lat' dir='ltr'><strong>ab</strong></span> <span class='ocrx_word' id='word_1_63' title='bbox 714 1327 891 1376; x_wconf 87' lang='lat' dir='ltr'><strong>Aquileia</strong></span> <span class='ocrx_word' id='word_1_64' title='bbox 910 1327 1041 1364; x_wconf 80' lang='lat' dir='ltr'><strong>consul</strong></span> <span class='ocrx_word' id='word_1_65' title='bbox 1062 1334 1184 1364; x_wconf 81' lang='lat' dir='ltr'><strong>castra</strong></span> <span class='ocrx_word' id='word_1_66' title='bbox 1203 1328 1251 1364; x_wconf 90' lang='lat' dir='ltr'><strong>ad</strong></span> <span class='ocrx_word' id='word_1_67' title='bbox 1268 1327 1404 1366; x_wconf 86' lang='lat' dir='ltr'><strong>lacum-</strong></span> 
     </span>
     <span class='ocr_line' id='line_1_17' title="bbox 284 1379 1390 1442; baseline -0.001 -12"><span class='ocrx_word' id='word_1_68' title='bbox 284 1393 433 1430; x_wconf 89' lang='lat' dir='ltr'><strong>Timavi</strong></span> <span class='ocrx_word' id='word_1_69' title='bbox 462 1392 612 1442; x_wconf 85' lang='lat' dir='ltr'><strong>posuit3</strong></span> <span class='ocrx_word' id='word_1_70' title='bbox 648 1392 826 1439; x_wconf 88' lang='lat' dir='ltr'><strong>(inminet</strong></span> <span class='ocrx_word' id='word_1_71' title='bbox 853 1391 948 1428; x_wconf 84' lang='lat' dir='ltr'><strong>mari</strong></span> <span class='ocrx_word' id='word_1_72' title='bbox 977 1392 1007 1427; x_wconf 92' lang='lat' dir='ltr'><strong>is</strong></span> <span class='ocrx_word' id='word_1_73' title='bbox 1031 1390 1152 1438; x_wconf 89' lang='lat' dir='ltr'><strong>lacus)</strong></span> <span class='ocrx_word' id='word_1_74' title='bbox 1175 1379 1304 1434; x_wconf 83' lang='lat' dir='ltr'><strong>eodem</strong></span> <span class='ocrx_word' id='word_1_75' title='bbox 1327 1393 1390 1429; x_wconf 90' lang='lat' dir='ltr'><strong>de-</strong></span> 
     </span>
     <span class='ocr_line' id='line_1_18' title="bbox 284 1453 1390 1499; baseline -0.001 -6"><span class='ocrx_word' id='word_1_76' title='bbox 284 1469 366 1493; x_wconf 84' lang='lat' dir='ltr'><strong>cem</strong></span> <span class='ocrx_word' id='word_1_77' title='bbox 385 1455 542 1492; x_wconf 91' lang='lat' dir='ltr'><strong>navibus</strong></span> <span class='ocrx_word' id='word_1_78' title='bbox 574 1455 617 1490; x_wconf 89' lang='lat' dir='ltr'><strong>C.</strong></span> <span class='ocrx_word' id='word_1_79' title='bbox 637 1454 771 1491; x_wconf 87' lang='lat' dir='ltr'><strong>Furius</strong></span> <span class='ocrx_word' id='word_1_80' title='bbox 790 1455 961 1499; x_wconf 84' lang='lat' dir='ltr'><strong>duumvir</strong></span> <span class='ocrx_word' id='word_1_81' title='bbox 980 1453 1121 1490; x_wconf 88' lang='lat' dir='ltr'><strong>navalis</strong></span> <span class='ocrx_word' id='word_1_82' title='bbox 1141 1454 1256 1491; x_wconf 86' lang='lat' dir='ltr'><strong>venit.</strong></span> <span class='ocrx_word' id='word_1_83' title='bbox 1312 1456 1390 1492; x_wconf 85' lang='lat' dir='ltr'><strong>Ad-</strong></span> 
     </span>
     <span class='ocr_line' id='line_1_19' title="bbox 286 1518 1389 1567; baseline -0.002 -10"><span class='ocrx_word' id='word_1_84' title='bbox 286 1532 412 1556; x_wconf 86' lang='lat' dir='ltr'><strong>versus</strong></span> <span class='ocrx_word' id='word_1_85' title='bbox 442 1518 657 1567; x_wconf 86' lang='lat' dir='ltr'><strong>Illyriorum</strong></span> <span class='ocrx_word' id='word_1_86' title='bbox 686 1518 843 1555; x_wconf 85' lang='lat' dir='ltr'><strong>classem</strong></span> <span class='ocrx_word' id='word_1_87' title='bbox 871 1518 988 1555; x_wconf 86' lang='lat' dir='ltr'><strong>creati</strong></span> <span class='ocrx_word' id='word_1_88' title='bbox 1026 1518 1212 1556; x_wconf 80' lang='lat' dir='ltr'><strong>duumviri</strong></span> <span class='ocrx_word' id='word_1_89' title='bbox 1240 1519 1389 1556; x_wconf 80' lang='lat' dir='ltr'><strong>navales</strong></span> 
     </span>
     <span class='ocr_line' id='line_1_20' title="bbox 285 1580 1392 1631; baseline -0.001 -11"><span class='ocrx_word' id='word_1_90' title='bbox 285 1589 406 1626; x_wconf 90' lang='lat' dir='ltr'><strong>erant,</strong></span> <span class='ocrx_word' id='word_1_91' title='bbox 433 1582 497 1630; x_wconf 90' lang='lat' dir='ltr'><strong>qui</strong></span> <span class='ocrx_word' id='word_1_92' title='bbox 522 1581 700 1617; x_wconf 88' lang='lat' dir='ltr'><strong>tuendam</strong></span> <span class='ocrx_word' id='word_1_93' title='bbox 729 1581 864 1629; x_wconf 85' lang='lat' dir='ltr'><strong>viginti</strong></span> <span class='ocrx_word' id='word_1_94' title='bbox 892 1580 1050 1618; x_wconf 81' lang='lat' dir='ltr'><strong>navibus</strong></span> <span class='ocrx_word' id='word_1_95' title='bbox 1075 1582 1168 1617; x_wconf 86' lang='lat' dir='ltr'><strong>mari</strong></span> <span class='ocrx_word' id='word_1_96' title='bbox 1200 1582 1392 1631; x_wconf 83' lang='lat' dir='ltr'><strong>superiore</strong></span> 
     </span>
     <span class='ocr_line' id='line_1_21' title="bbox 284 1644 1389 1688; baseline 0 -6"><span class='ocrx_word' id='word_1_97' title='bbox 284 1647 499 1688; x_wconf 88' lang='lat' dir='ltr'><strong>Anconam,</strong></span> <span class='ocrx_word' id='word_1_98' title='bbox 520 1644 622 1680; x_wconf 89' lang='lat' dir='ltr'><strong>velut</strong></span> <span class='ocrx_word' id='word_1_99' title='bbox 641 1645 830 1681; x_wconf 86' lang='lat' dir='ltr'><strong>cardinem</strong></span> <span class='ocrx_word' id='word_1_100' title='bbox 849 1644 1033 1682; x_wconf 89' lang='lat' dir='ltr'><strong>haberent</strong></span> <span class='ocrx_word' id='word_1_101' title='bbox 1051 1659 1058 1680; x_wconf 91' lang='lat'><strong>:</strong></span> <span class='ocrx_word' id='word_1_102' title='bbox 1082 1645 1167 1681; x_wconf 84' lang='lat' dir='ltr'><strong>inde</strong></span> <span class='ocrx_word' id='word_1_103' title='bbox 1185 1645 1232 1682; x_wconf 92' lang='lat' dir='ltr'><strong>L.</strong></span> <span class='ocrx_word' id='word_1_104' title='bbox 1246 1646 1389 1682; x_wconf 88' lang='lat' dir='ltr'><strong>Corne-</strong></span> 
     </span>
     <span class='ocr_line' id='line_1_22' title="bbox 283 1708 1389 1757; baseline -0.001 -11"><span class='ocrx_word' id='word_1_105' title='bbox 283 1711 355 1747; x_wconf 86' lang='lat' dir='ltr'><strong>lius</strong></span> <span class='ocrx_word' id='word_1_106' title='bbox 375 1709 508 1746; x_wconf 82' lang='lat' dir='ltr'><strong>dextra</strong></span> <span class='ocrx_word' id='word_1_107' title='bbox 525 1708 638 1744; x_wconf 84' lang='lat' dir='ltr'><strong>litora</strong></span> <span class='ocrx_word' id='word_1_108' title='bbox 657 1721 774 1757; x_wconf 84' lang='lat' dir='ltr'><strong>usque</strong></span> <span class='ocrx_word' id='word_1_109' title='bbox 793 1709 840 1745; x_wconf 86' lang='lat' dir='ltr'><strong>ad</strong></span> <span class='ocrx_word' id='word_1_110' title='bbox 858 1708 1079 1752; x_wconf 77' lang='lat' dir='ltr'><strong>Tarentum,</strong></span> <span class='ocrx_word' id='word_1_111' title='bbox 1108 1708 1150 1745; x_wconf 94' lang='lat' dir='ltr'><strong>C.</strong></span> <span class='ocrx_word' id='word_1_112' title='bbox 1171 1708 1304 1745; x_wconf 84' lang='lat' dir='ltr'><strong>Furius</strong></span> <span class='ocrx_word' id='word_1_113' title='bbox 1326 1710 1389 1749; x_wconf 72' lang='lat' dir='ltr'><strong>lae·</strong></span> 
     </span>
     <span class='ocr_line' id='line_1_23' title="bbox 284 1772 1388 1823; baseline 0 -13"><span class='ocrx_word' id='word_1_114' title='bbox 284 1787 330 1810; x_wconf 87' lang='lat' dir='ltr'><strong>va</strong></span> <span class='ocrx_word' id='word_1_115' title='bbox 349 1785 466 1822; x_wconf 92' lang='lat' dir='ltr'><strong>usque</strong></span> <span class='ocrx_word' id='word_1_116' title='bbox 481 1773 526 1808; x_wconf 87' lang='lat' dir='ltr'><strong>ad</strong></span> <span class='ocrx_word' id='word_1_117' title='bbox 543 1772 757 1821; x_wconf 83' lang='lat' dir='ltr'><strong>Aquileiam</strong></span> <span class='ocrx_word' id='word_1_118' title='bbox 777 1777 956 1809; x_wconf 82' lang='lat' dir='ltr'><strong>tueretur.</strong></span> <span class='ocrx_word' id='word_1_119' title='bbox 990 1772 1051 1808; x_wconf 82' lang='lat' dir='ltr'><strong>Eae</strong></span> <span class='ocrx_word' id='word_1_120' title='bbox 1067 1784 1179 1808; x_wconf 77' lang='lat' dir='ltr'><strong>naves</strong></span> <span class='ocrx_word' id='word_1_121' title='bbox 1195 1773 1241 1808; x_wconf 86' lang='lat' dir='ltr'><strong>ad</strong></span> <span class='ocrx_word' id='word_1_122' title='bbox 1261 1775 1388 1823; x_wconf 83' lang='lat' dir='ltr'><strong>proxi-</strong></span> 
     </span>
     <span class='ocr_line' id='line_1_24' title="bbox 285 1835 1389 1886; baseline 0 -13"><span class='ocrx_word' id='word_1_123' title='bbox 285 1849 387 1873; x_wconf 90' lang='lat' dir='ltr'><strong>mum</strong></span> <span class='ocrx_word' id='word_1_124' title='bbox 407 1842 558 1886; x_wconf 88' lang='lat' dir='ltr'><strong>portum</strong></span> <span class='ocrx_word' id='word_1_125' title='bbox 577 1837 617 1871; x_wconf 88' lang='lat' dir='ltr'><strong>in</strong></span> <span class='ocrx_word' id='word_1_126' title='bbox 636 1835 758 1872; x_wconf 88' lang='lat' dir='ltr'><strong>Istriae</strong></span> <span class='ocrx_word' id='word_1_127' title='bbox 778 1835 868 1871; x_wconf 83' lang='lat' dir='ltr'><strong>fines</strong></span> <span class='ocrx_word' id='word_1_128' title='bbox 891 1847 975 1871; x_wconf 88' lang='lat' dir='ltr'><strong>cum</strong></span> <span class='ocrx_word' id='word_1_129' title='bbox 994 1835 1175 1871; x_wconf 86' lang='lat' dir='ltr'><strong>onerariis</strong></span> <span class='ocrx_word' id='word_1_130' title='bbox 1196 1843 1234 1871; x_wconf 86' lang='lat' dir='ltr'><strong>et</strong></span> <span class='ocrx_word' id='word_1_131' title='bbox 1248 1849 1389 1886; x_wconf 85' lang='lat' dir='ltr'><strong>magno</strong></span> 
     </span>
     <span class='ocr_line' id='line_1_25' title="bbox 284 1899 1387 1949; baseline 0.002 -12"><span class='ocrx_word' id='word_1_132' title='bbox 284 1907 498 1937; x_wconf 83' lang='lat' dir='ltr'><strong>commeatu</strong></span> <span class='ocrx_word' id='word_1_133' title='bbox 524 1901 645 1936; x_wconf 79' lang='lat' dir='ltr'><strong>missae</strong></span> <span class='ocrx_word' id='word_1_134' title='bbox 664 1915 672 1936; x_wconf 90' lang='lat'>:</span> <span class='ocrx_word' id='word_1_135' title='bbox 703 1907 928 1949; x_wconf 88' lang='lat' dir='ltr'><strong>secutusque</strong></span> <span class='ocrx_word' id='word_1_136' title='bbox 947 1913 1032 1936; x_wconf 91' lang='lat' dir='ltr'><strong>cum</strong></span> <span class='ocrx_word' id='word_1_137' title='bbox 1061 1899 1274 1948; x_wconf 83' lang='lat' dir='ltr'><strong>legionibus</strong></span> <span class='ocrx_word' id='word_1_138' title='bbox 1295 1915 1387 1939; x_wconf 91' lang='lat' dir='ltr'><strong>con-</strong></span> 
     </span>
     <span class='ocr_line' id='line_1_26' title="bbox 284 1964 1385 2014; baseline 0.001 -13"><span class='ocrx_word' id='word_1_139' title='bbox 284 1964 343 2001; x_wconf 82' lang='lat' dir='ltr'><strong>sul</strong></span> <span class='ocrx_word' id='word_1_140' title='bbox 370 1964 536 2014; x_wconf 87' lang='lat' dir='ltr'><strong>quinque</strong></span> <span class='ocrx_word' id='word_1_141' title='bbox 562 1965 680 2002; x_wconf 80' lang='lat' dir='ltr'><strong>ferme</strong></span> <span class='ocrx_word' id='word_1_142' title='bbox 708 1964 825 2000; x_wconf 87' lang='lat' dir='ltr'><strong>millia</strong></span> <span class='ocrx_word' id='word_1_143' title='bbox 843 1976 865 2000; x_wconf 88' lang='lat' dir='ltr'><strong>a</strong></span> <span class='ocrx_word' id='word_1_144' title='bbox 885 1965 976 2000; x_wconf 81' lang='lat' dir='ltr'><strong>mari</strong></span> <span class='ocrx_word' id='word_1_145' title='bbox 1005 1965 1133 2014; x_wconf 88' lang='lat' dir='ltr'><strong>posuit</strong></span> <span class='ocrx_word' id='word_1_146' title='bbox 1148 1971 1282 2002; x_wconf 80' lang='lat' dir='ltr'><strong>castra.</strong></span> <span class='ocrx_word' id='word_1_147' title='bbox 1339 1966 1385 2002; x_wconf 87' lang='lat' dir='ltr'><strong>In</strong></span> 
     </span>
     <span class='ocr_line' id='line_1_27' title="bbox 282 2027 1386 2079; baseline 0.001 -15"><span class='ocrx_word' id='word_1_148' title='bbox 282 2034 397 2079; x_wconf 89' lang='lat' dir='ltr'><strong>portu</strong></span> <span class='ocrx_word' id='word_1_149' title='bbox 425 2029 635 2079; x_wconf 82' lang='lat' dir='ltr'><strong>emporium</strong></span> <span class='ocrx_word' id='word_1_150' title='bbox 662 2028 765 2064; x_wconf 81' lang='lat' dir='ltr'><strong>brevi</strong></span> <span class='ocrx_word' id='word_1_151' title='bbox 795 2027 1035 2078; x_wconf 85' lang='lat' dir='ltr'><strong>perfrequens</strong></span> <span class='ocrx_word' id='word_1_152' title='bbox 1062 2028 1219 2071; x_wconf 86' lang='lat' dir='ltr'><strong>factum,</strong></span> <span class='ocrx_word' id='word_1_153' title='bbox 1239 2030 1386 2066; x_wconf 88' lang='lat' dir='ltr'><strong>omnia-</strong></span> 
     </span>
     <span class='ocr_line' id='line_1_28' title="bbox 281 2091 1383 2141; baseline 0.003 -15"><span class='ocrx_word' id='word_1_154' title='bbox 281 2103 356 2140; x_wconf 87' lang='lat' dir='ltr'><strong>que</strong></span> <span class='ocrx_word' id='word_1_155' title='bbox 383 2091 472 2126; x_wconf 90' lang='lat' dir='ltr'><strong>hinc</strong></span> <span class='ocrx_word' id='word_1_156' title='bbox 500 2091 539 2126; x_wconf 92' lang='lat' dir='ltr'><strong>in</strong></span> <span class='ocrx_word' id='word_1_157' title='bbox 568 2097 692 2127; x_wconf 86' lang='lat' dir='ltr'><strong>castra</strong></span> <span class='ocrx_word' id='word_1_158' title='bbox 719 2091 1064 2141; x_wconf 84' lang='lat' dir='ltr'><strong>subportabantur:</strong></span> <span class='ocrx_word' id='word_1_159' title='bbox 1097 2097 1148 2133; x_wconf 85' lang='lat' dir='ltr'><strong>et,</strong></span> <span class='ocrx_word' id='word_1_160' title='bbox 1170 2104 1244 2139; x_wconf 89' lang='lat' dir='ltr'><strong>quo</strong></span> <span class='ocrx_word' id='word_1_161' title='bbox 1268 2092 1305 2128; x_wconf 92' lang='lat' dir='ltr'><strong>id</strong></span> <span class='ocrx_word' id='word_1_162' title='bbox 1325 2099 1383 2129; x_wconf 89' lang='lat' dir='ltr'><strong>tu-</strong></span> 
     </span>
     <span class='ocr_line' id='line_1_29' title="bbox 281 2153 1384 2204; baseline 0.003 -15"><span class='ocrx_word' id='word_1_163' title='bbox 281 2154 356 2190; x_wconf 86' lang='lat' dir='ltr'><strong>tius</strong></span> <span class='ocrx_word' id='word_1_164' title='bbox 376 2153 495 2196; x_wconf 81' lang='lat' dir='ltr'><strong>fieret,</strong></span> <span class='ocrx_word' id='word_1_165' title='bbox 517 2154 698 2189; x_wconf 86' lang='lat' dir='ltr'><strong>stationes</strong></span> <span class='ocrx_word' id='word_1_166' title='bbox 719 2154 766 2189; x_wconf 89' lang='lat' dir='ltr'><strong>ab</strong></span> <span class='ocrx_word' id='word_1_167' title='bbox 786 2154 961 2189; x_wconf 89' lang='lat' dir='ltr'><strong>omnibus</strong></span> <span class='ocrx_word' id='word_1_168' title='bbox 989 2160 1196 2190; x_wconf 84' lang='lat' dir='ltr'><strong>castrorum</strong></span> <span class='ocrx_word' id='word_1_169' title='bbox 1216 2156 1384 2204; x_wconf 80' lang='lat' dir='ltr'><strong>partibus</strong></span> 
     </span>
     <span class='ocr_line' id='line_1_30' title="bbox 280 2216 1383 2267; baseline 0.002 -15"><span class='ocrx_word' id='word_1_170' title='bbox 280 2216 519 2253; x_wconf 76' lang='lat' dir='ltr'><strong>circumdatae</strong></span> <span class='ocrx_word' id='word_1_171' title='bbox 549 2222 662 2252; x_wconf 81' lang='lat' dir='ltr'><strong>sunt:</strong></span> <span class='ocrx_word' id='word_1_172' title='bbox 701 2217 740 2252; x_wconf 89' lang='lat' dir='ltr'><strong>in</strong></span> <span class='ocrx_word' id='word_1_173' title='bbox 770 2216 997 2265; x_wconf 85' lang='lat' dir='ltr'><strong>Istriamque</strong></span> <span class='ocrx_word' id='word_1_174' title='bbox 1034 2229 1142 2253; x_wconf 90' lang='lat' dir='ltr'><strong>suum</strong></span> <span class='ocrx_word' id='word_1_175' title='bbox 1170 2218 1383 2267; x_wconf 85' lang='lat' dir='ltr'><strong>praesidium</strong></span> 
     </span>
     <span class='ocr_line' id='line_1_31' title="bbox 281 2279 1383 2332; baseline 0.002 -16"><span class='ocrx_word' id='word_1_176' title='bbox 281 2279 473 2324; x_wconf 68' lang='lat' dir='ltr'><strong>stativum,</strong></span> <span class='ocrx_word' id='word_1_177' title='bbox 493 2280 691 2332; x_wconf 85' lang='lat' dir='ltr'><strong>repentina</strong></span> <span class='ocrx_word' id='word_1_178' title='bbox 719 2280 855 2318; x_wconf 82' lang='lat' dir='ltr'><strong>cohors</strong></span> <span class='ocrx_word' id='word_1_179' title='bbox 885 2279 1108 2318; x_wconf 85' lang='lat' dir='ltr'><strong>Placentina</strong></span> <span class='ocrx_word' id='word_1_180' title='bbox 1130 2280 1305 2332; x_wconf 78' lang='lat' dir='ltr'><strong>obposita</strong></span> <span class='ocrx_word' id='word_1_181' title='bbox 1325 2281 1383 2318; x_wconf 87' lang='lat' dir='ltr'><strong>in-</strong></span> 
     </span>
    </p>
   </div>
   <div class='ocr_carea' id='block_1_8' title="bbox 1486 0 1546 2648">
    <p class='ocr_par' dir='ltr' id='par_1_8' title="bbox 1486 0 1546 2648">
     <span class='ocr_line' id='line_1_32' title="bbox 1486 0 1546 2648; baseline 0 0"><span class='ocrx_word' id='word_1_182' title='bbox 1486 0 1546 2648; x_wconf 95' lang='lat' dir='ltr'><strong> </strong></span> 
     </span>
    </p>
   </div>
  </div>
 </body>
</html>
