1546 2648
167 298 258 333 uc.
276 306 348 332 5⁶4.

165 341 206 376 Α.
219 345 256 376 C.
276 351 346 375 188.

365 198 444 243 128
519 222 523 229 -
811 214 856 242 τ.
880 213 1014 243 mvn

359 299 431 342 nit,
457 298 559 336 nulla
588 301 824 338 memorabili
853 300 890 338 in
920 303 1115 352 provincia
1141 316 1180 339 re
1209 309 1329 352 gesta,
1351 310 1391 340 ut
1420 317 1464 341 ea

358 362 564 413 probabilis
586 377 699 401 morae
720 377 851 401 caussa
870 373 981 409 esset,
1003 367 1102 415 quod
1131 367 1245 404 solito
1274 368 1390 404 serius
1417 369 1465 404 ad

359 427 514 464 comitia
536 429 709 465 venisset.
768 429 935 466 Comitia
960 431 1176 468 consulibus
1202 431 1379 481 rogandis
1406 431 1465 468 fu-

358 498 468 527 erunt
501 498 588 528 ante
622 491 720 527 diem
750 492 1012 530 duodecimum
1042 494 1235 531 Kalendas
1268 494 1461 531 Martias:

358 557 474 593 creati
492 556 549 593 M.
564 556 743 593 AEmilius
765 557 944 607 LepiduS,
967 559 1010 595 C.
1029 559 1249 596 Flaminius.
1304 559 1465 596 Postero

358 621 417 657 die
449 627 628 671 praetores
661 620 752 657 facti
778 622 851 671 Ap.
872 621 1048 658 Claudius
1074 622 1250 666 Pulcher,
1281 624 1359 660 Ser.
1380 623 1465 659 Sul-

358 686 476 734 picius
515 685 652 729 Galba,
689 686 738 725 Q.
767 686 967 722 Terentius
1001 672 1149 730 Cull'eo,
1188 687 1234 724 L.
1263 687 1463 724 Terentius

356 748 586 791 Massiliota,
617 749 666 788 Q.
692 748 845 787 Fulvius
874 749 1046 793 Flaccus,
1075 750 1131 786 M.
1154 750 1289 787 Furius
1319 751 1464 787 Crassi-

356 825 434 862 pes.
492 813 667 849 Comitiis
703 813 894 863 perfectis,
925 826 1016 863 quas
1052 815 1265 865 provincias
1294 815 1465 865 praetori-

356 875 427 912 bus
457 889 537 913 esse
565 877 745 928 placeret,
775 877 904 914 retulit
933 879 980 915 ad
1009 885 1180 915 senatum
1210 878 1369 915 consul:
1401 879 1465 915 de-

358 947 554 977 creverunt
584 941 674 978 duas
705 942 852 986 Romae,
876 942 974 993 juris
1004 943 1155 980 dicundi
1184 956 1339 989 caussa;
1375 944 1464 980 duas

356 1012 464 1042 extra
488 1005 654 1050 Italiam,
676 1006 842 1043 Siciliam
867 1013 905 1043 et
927 1007 1136 1044 Sardiniam
1155 1024 1165 1053 3
1197 1008 1288 1044 duas
1317 1009 1356 1044 in
1385 1007 1466 1044 Ita-

355 1069 419 1113 lia,
440 1070 647 1107 Tarentum
674 1079 711 1107 et
731 1071 918 1107 Galliam:
950 1079 988 1108 et
1016 1071 1221 1122 extemplo,
1247 1072 1465 1122 priusquam

355 1133 496 1170 inirent
531 1135 809 1183 magistratum,
844 1135 970 1171 sortiri
1001 1134 1111 1185 jussi.
1169 1135 1248 1172 Ser.
1278 1134 1464 1185 Sulpicius

354 1197 552 1241 urbanam,
573 1199 622 1238 Q.
642 1199 842 1235 Terentius
869 1200 1106 1250 peregrinam
1126 1206 1183 1235 est
1207 1199 1361 1235 sortitus
1378 1214 1387 1235 z
1417 1198 1465 1236 L.

354 1260 556 1298 Terentius
578 1262 758 1305 Siciliam,
780 1263 828 1302 Q.
845 1262 999 1299 Fulvius
1020 1263 1243 1304 Sardiniam,
1261 1263 1333 1313 Ap.
1348 1262 1462 1299 Clau-

356 1325 437 1362 dius
471 1325 695 1369 Tarentum,
721 1325 778 1363 M.
798 1325 933 1363 Furius
961 1325 1136 1363 Galliam.
1191 1326 1252 1362 Eo
1285 1339 1386 1362 anno
1415 1325 1463 1363 L.

355 1389 548 1426 Minucius
585 1389 764 1439 Myrtilus
807 1395 847 1426 et
881 1389 927 1427 L.
956 1389 1138 1432 Manlius,
1176 1390 1277 1438 quod
1317 1389 1463 1439 legatos

357 1453 697 1502 Karthaginienses
718 1453 885 1504 pulsasse
905 1453 1140 1496 dicebantur,
1153 1452 1334 1503 jussuM.
1349 1453 1464 1490 Clau-

356 1518 405 1554 dii
435 1519 606 1569 praetoris
627 1517 728 1554 urbis
749 1531 815 1569 per
833 1518 982 1555 feciales
1002 1518 1131 1554 traditi
1151 1524 1239 1554 sunt
1256 1517 1405 1566 legatis,
1426 1524 1464 1554 et

355 1583 632 1632 Karthaginem
656 1584 788 1619 avecti.
845 1583 891 1618 In
910 1582 1115 1631 Liguribus
1145 1582 1274 1630 magni
1300 1580 1404 1624 belli,
1425 1587 1463 1617 et

355 1647 546 1696 gliscentis
574 1649 611 1683 in
632 1648 708 1684 dies
731 1648 863 1695 magis,
884 1646 986 1682 fama
1005 1652 1085 1682 erat
1103 1661 1111 1681 :
1143 1646 1270 1694 itaque
1298 1643 1462 1681 consuli-

354 1711 423 1747 bus
444 1712 565 1755 novis,
587 1724 661 1760 quo
682 1711 740 1747 die
759 1711 805 1746 de
824 1710 1026 1760 provinciis
1046 1715 1083 1745 et
1108 1709 1154 1745 de
1187 1707 1379 1758 republica
1404 1720 1462 1744 re-

353 1774 536 1819 tulerunt,
569 1782 719 1810 senatus
751 1774 917 1823 utrisque
945 1773 1104 1822 Ligures
1135 1772 1367 1822 provinciam
1397 1771 1461 1807 de-

353 1839 481 1874 crevit.
538 1837 640 1874 Huic
661 1836 990 1873 senatusconsulto
1006 1835 1170 1885 Lepidus
1193 1835 1323 1871 consul
1343 1836 1460 1872 inter-

353 1902 523 1944 cedebat,
545 1903 726 1949 indignum
755 1913 823 1937 esse
851 1900 1071 1951 praedicam,
1093 1900 1249 1936 consules
1277 1901 1395 1936 ambos
1424 1902 1461 1936 in
1497 1914 1499 1916 ·

350 1967 460 2002 valles
479 1967 656 2014 Ligurum
686 1966 832 2001 includi.
880 1964 934 2000 M.
955 1964 1117 1999 Fulvium
1141 1969 1175 1999 et
1197 1963 1259 2000 Cn.
1276 1965 1460 2001 Manlium

349 2030 528 2066 biennium
546 2029 641 2075 jam,
672 2031 827 2065 alterum
857 2030 892 2064 in
920 2027 1081 2075 Europa,
1111 2028 1262 2063 alterum
1293 2030 1327 2063 in
1356 2030 1460 2070 Asia,

349 2094 447 2129 velut
464 2106 531 2141 pro
551 2093 724 2140 Philippo
744 2098 850 2139 atque
868 2090 1044 2126 Antiocho
1062 2091 1279 2133 substitutos,
1300 2103 1460 2138 reg-nare.

350 2157 392 2193 Si
414 2159 585 2193 exercitus
605 2158 639 2192 in
666 2156 719 2192 his
742 2158 843 2192 terris
871 2167 941 2191 esse
965 2155 1122 2202 placeat,
1143 2156 1299 2190 consules
1327 2156 1370 2191 iis
1392 2168 1460 2204 po-

351 2223 430 2264 tius,
470 2233 575 2269 quam
610 2223 784 2269 privatos,
821 2231 967 2267 praeesse
1003 2224 1174 2266 oportere.
1238 2220 1369 2266 Vagari
1405 2231 1461 2256 eos

348 2297 427 2321 cum
449 2284 531 2320 belli
559 2290 692 2320 terrore
715 2296 780 2332 per
804 2273 975 2323 nation‘es‚
997 2282 1119 2329 quibus
1138 2283 1266 2318 bellum
1286 2284 1459 2318 indictum

347 2361 416 2384 uon
435 2351 494 2391 sit,
520 2360 643 2396 pacem
670 2350 787 2398 pretio
816 2349 1046 2383 venditante-⁹.
1077 2374 1080 2375 γ
1107 2346 1149 2382 δί
1176 2359 1236 2383 eas
1260 2348 1462 2395 provincias
