1546 2648
82 290 126 321 U.
140 291 177 322 C.
192 295 265 323 563.

82 336 122 365 A.
136 335 174 366 C.
192 341 262 368 189.

300 188 355 243 84
470 215 475 221 -
560 228 565 232 ,
741 203 788 234 T.
810 204 942 235 mvn

295 290 478 335 hostium,
498 290 576 336 sed,
597 290 770 343 dispositi
798 306 866 344 per
890 305 1018 331 muros
1039 298 1077 330 et
1103 299 1238 340 turres,
1259 307 1306 332 ex
1322 300 1417 333 tuto-

296 354 535 405 pugnabant.

350 419 441 457 VII.
470 420 643 463 Perseus,
673 419 738 456 ubi
765 420 894 456 adesse
909 420 1064 458 AEtolos
1086 422 1241 466 audivit,
1270 423 1411 460 omissa

295 483 494 521 obsidione
539 485 656 528 urbis,
695 497 807 533 quam
855 484 1117 535 obpugnabat,
1161 487 1410 538 depopulatus

294 554 445 585 tantum
488 561 614 598 agros,
652 547 963 599 Amphilochiam
1010 551 1183 595 excessit,
1222 557 1335 601 atque
1370 552 1413 588 in¹

294 611 564 650 Macedoniam
585 613 710 650 rediit.
766 612 821 649 Et
839 613 994 650 AEtolos
1023 615 1112 651 inde
1140 616 1313 652 avocavit
1340 628 1411 666 po-

296 677 442 728 pulatio
480 678 680 714 maritimae
709 691 797 714 orae.
854 677 1053 715 Pleuratus
1083 679 1300 729 Illyriorum
1328 692 1409 724 rex,

297 754 382 778 cum
411 742 609 791 sexaginta
636 741 769 778 lembis
801 743 1042 779 Corinthium
1073 744 1195 780 sinum
1225 745 1410 788 invectus,

269 803 484 854 aadjunctis
518 806 763 850 Achaeorum,
799 819 881 854 quae
913 806 1037 842 Patris
1078 814 1198 850 erant,
1236 807 1411 851 navibus,

80 1391 242 1422 Cuniculo

82 1436 177 1465 Rom.
195 1436 276 1466 Am·

81 1478 224 1508 braciam

81 1528 215 1553 tentant.

294 869 484 905 maritima
511 868 669 905 AEtoliae
706 869 909 905 vastabat:
952 870 1126 906 adversus
1171 883 1265 920 quos
1309 870 1412 907 mille

292 933 418 970 AEtoli
439 935 556 979 missi,
578 948 814 985 quacumque
834 948 873 972 se
893 935 1020 972 classis
1049 937 1319 986 circumegerat
1344 949 1412 987 per

293 997 448 1035 litorum
477 999 696 1043 amfractus,
716 999 952 1036 brevioribus
973 1001 1115 1037 semitis
1143 1001 1412 1039 obcurrebant.

291 1063 347 1101 Et
365 1064 532 1102 Romani
559 1066 605 1102 ad
624 1065 881 1109 Ambraciam,
902 1065 1071 1116 pluribus
1091 1066 1184 1102 locis
1205 1067 1412 1116 quatiendo

294 1129 474 1165 arietibus
502 1142 644 1172 muros,
666 1129 902 1178 aliquantum
925 1129 1027 1166 urbis
1047 1130 1283 1166 nudaverant
1301 1144 1308 1166 :
1341 1142 1412 1166 nec

293 1199 422 1230 tamen
448 1200 648 1244 penetrare
667 1195 706 1230 in
726 1193 859 1230 urbem
885 1200 1075 1243 poterant.
1131 1193 1234 1230 Nam
1263 1200 1302 1230 et
1329 1194 1411 1244 pari

295 1256 487 1293 celeritate
516 1270 636 1293 novus
665 1270 735 1307 pro
765 1257 891 1293 diruto
922 1270 1048 1293 murus
1079 1256 1345 1307 objiciebatur,
1373 1263 1412 1293 et

297 1322 446 1365 armati,
467 1323 584 1359 ruinis
605 1328 876 1372 superstantes,
897 1323 1017 1358 instar
1042 1322 1267 1358 munimenti
1290 1328 1410 1358 erant.

297 1385 446 1436 Itaque,
476 1399 590 1436 quum
624 1394 755 1436 aperta
784 1387 820 1422 vi
852 1399 984 1437 parum
1013 1386 1233 1436 procederet
1264 1385 1411 1422 consuli

296 1462 369 1494 res,
391 1450 606 1487 cuniculum
629 1450 834 1492 occultum,
855 1450 972 1486 vineis
999 1456 1087 1486 ante
1108 1455 1285 1489 contecto
1308 1449 1410 1493 loco,

298 1529 408 1565 agere
438 1516 629 1552 instituit:
663 1521 701 1551 et
730 1515 974 1564 aliquamdiu,
1005 1527 1119 1563 quum
1150 1514 1227 1550 dies
1257 1520 1411 1550 noctes-

297 1593 369 1630 que
389 1581 426 1617 in
449 1593 561 1631 opere
582 1587 722 1623 essent,
743 1593 821 1616 non
841 1579 964 1615 solum
983 1578 1052 1614 sub
1083 1585 1182 1614 terra
1208 1578 1410 1622 fodientes,

296 1645 361 1682 sed
384 1652 577 1695 egerentes
599 1646 711 1682 etiam
730 1645 902 1687 humum,
922 1642 1089 1679 fefellere
1114 1643 1275 1679 hostem.
1333 1642 1411 1679 Cu·

294 1709 417 1746 mulus
438 1717 594 1760 repente
614 1716 723 1746 terrae
744 1710 913 1745 eminens
934 1707 1045 1743 index
1066 1707 1191 1756 operis
1211 1707 1411 1757 oppidanis

296 1773 367 1809 fuit
385 1788 390 1808 :
425 1774 640 1823 pavidique,
661 1786 709 1809 ne
722 1771 805 1823 jam
826 1771 990 1808 subrutis
1019 1771 1148 1813 muris,
1168 1769 1270 1806 facta
1289 1771 1328 1806 in
1349 1783 1411 1806 ur·-

296 1838 381 1874 bem
403 1838 462 1873 via
488 1845 600 1880 esset,
622 1838 764 1874 fossam
794 1838 895 1872 intra
920 1848 1067 1871 murum
1093 1847 1114 1870 e
1144 1834 1299 1882 regione
1330 1833 1410 1884 ejus

297 1902 436 1952 operiS‚
470 1901 571 1950 quod
604 1902 722 1937 vineis
760 1906 975 1937 contectum
1010 1906 1103 1942 erat,
1137 1900 1271 1935 (lucere
1302 1900 1413 1936 insti-

297 1971 431 2001 tuunt:
465 1964 571 2015 cujus
608 1965 671 2002 ubi
709 1965 756 2002 ad
788 1971 934 2000 tantam
972 1963 1225 2006 altitudinem,
1261 1969 1412 2012 quantae

298 2022 377 2066 esse
408 2029 530 2065 solum
560 2029 730 2066 infimum
759 2027 922 2065 cuniculi
950 2034 1112 2078 poterat,
1144 2034 1410 2078 pervenerunt,

297 2093 449 2130 silentio
476 2093 593 2137 facto,
610 2094 784 2144 pluribus
817 2093 910 2129 locis
938 2105 1027 2129 aure
1055 2092 1221 2134 admota,
1243 2092 1410 2128 sonitum

297 2157 523 2194 fodientium
544 2157 761 2208 captabant.
818 2158 940 2197 Quem
969 2156 1034 2192 ubi
1061 2161 1301 2205 acceperunt,
1322 2167 1412 2206 ape-

298 2222 400 2258 riunt
429 2228 570 2258 rectam
603 2223 640 2258 in
673 2221 887 2259 cuniculum
922 2222 1047 2257 viam:
1079 2233 1149 2257 nec
1178 2219 1251 2256 fuit
1284 2219 1412 2269 magni

298 2283 449 2337 operis:
482 2283 676 2323 {nomento
703 2287 802 2324 enim
829 2287 876 2323 ad
905 2287 1033 2330 inane,
1055 2297 1237 2335 suspenso
1256 2272 1410 2322 furculis
