1546 2648
303 195 459 225 LIBER
481 193 710 223 xxxvln.
743 193 850 222 CAP.
875 194 1001 224 Lvu.
1125 191 1201 235 147

93 283 277 321 honsione
298 282 476 333 praesenti
495 281 640 320 reddat.
695 281 935 330 Castigatum
962 280 1062 318 enim
1081 294 1203 331 quon·
1216 296 1259 328 n,
1273 296 1311 328 c,
1324 300 1398 329 56⁵.

92 349 178 386 dam
197 347 244 385 ab
264 361 309 385 eo
328 347 526 398 populum,
547 348 614 390 ait,
635 346 738 396 quod
757 359 843 383 eum
867 352 1091 398 perpetuum
1111 360 1202 384 con·
1216 341 1257 374 Α·
1271 340 1310 373 C·
1329 347 1402 378 ¹⁸⁷·

91 412 210 450 sulem
240 418 278 449 et
300 412 525 448 dictatorem
548 410 661 447 vellet
678 410 826 447 facere:
858 410 1098 462 prohibuisse
1128 417 1205 448 sta-

89 484 173 515 tuas
193 476 266 514 sibi
294 477 334 514 in
364 476 537 519 comitio,
557 475 596 512 in
625 475 793 519 Rostris,
814 475 852 512 in
883 475 1001 519 curia,
1031 475 1071 512 in
1091 475 1207 527 Capi-

87 541 198 586 tolio,
219 541 259 578 in
285 540 380 578 cella
398 540 506 577 Jovis
534 540 649 591 poni:
681 539 936 590 prohibuisse,
962 552 1012 576 ne
1030 539 1207 577 decerne-

84 611 204 650 retur,
226 611 269 642 ut
290 606 418 655 imago
438 617 507 641 sua
532 603 755 656 triumphali
775 610 913 640 ornatu
932 616 953 641 e
971 603 1116 656 templo
1135 604 1205 642 Jo-

87 670 143 706 vis
164 670 300 720 optimi
318 668 476 706 maximi
495 668 628 706 exiret.

140 734 269 772 LVII.
298 733 410 778 Haec,
439 732 500 770 vel
528 733 568 770 in
596 731 816 770 laudatione
844 732 984 783 posita,
1011 733 1207 782 ingentem

83 799 384 848 magnitudinem
413 798 531 835 animi
560 797 805 835 moderandis
836 797 884 834 ad
916 797 1065 835 civilem
1093 797 1205 835 habi-

84 870 166 900 tum
195 862 406 900 honoribus
433 862 705 912 significarent,
726 876 810 912 quae
837 862 1103 913 exprobrando
1131 863 1205 900 ini-

84 929 204 966 micus
224 928 377 964 fatetur.
433 927 538 964 Huic
571 927 749 964 Graccho
777 928 965 964 minorem
994 940 1042 964 ex
1060 926 1203 965 duabus

86 992 172 1030 filiis
195 993 302 1043 (nam
327 991 449 1043 major
478 992 522 1029 P.
544 991 727 1028 Cornelio
754 991 906 1029 Nasicae
928 991 1031 1028 haud
1050 991 1164 1030 dubie
1183 1006 1206 1030 a

85 1063 193 1108 patre
212 1056 414 1094 conlocata
433 1056 530 1104 erat)
553 1062 713 1107 nuptam
733 1055 850 1092 fuisse
870 1056 1062 1093 convenit.
1106 1055 1206 1094 Illud

85 1136 221 1175 parum
233 1129 398 1167 constat,
412 1129 538 1160 utrum
553 1129 642 1174 post
654 1129 816 1159 mortem
832 1121 950 1173 patris
964 1128 1003 1158 et
1018 1121 1207 1172 desponsa

84 1188 150 1232 sit,
177 1194 216 1224 et
241 1188 431 1239 nupserit:
465 1200 512 1224 an
531 1200 629 1224 verae
649 1187 723 1224 iuae
744 1187 945 1238 opiniones
972 1187 1062 1231 sint,
1084 1186 1206 1225 Grac-

84 1253 211 1298 chum,
242 1266 358 1303 quum
390 1253 437 1290 L.
466 1253 596 1305 Scipio
625 1253 665 1289 in
701 1251 854 1289 vincula
881 1252 1095 1295 duceretur,
1133 1264 1205 1290 nec

81 1318 281 1368 quisquam
300 1317 532 1366 collegarum
552 1317 696 1354 auxilio
717 1323 830 1361 esset,
844 1315 1009 1367 jurasse,
1037 1317 1115 1353 Sibi
1134 1319 1204 1354 ini-

81 1383 236 1420 micitias
255 1395 335 1420 cum
354 1383 595 1432 Scipionibus,
617 1395 694 1431 quae
702 1381 874 1431 fuissent,
891 1393 1034 1418 manere
1045 1398 1059 1426 ‚-
1086 1394 1152 1419 nec
1169 1395 1206 1419 se

80 1449 210 1495 gratiae
227 1449 424 1497 quaerendae
439 1459 561 1484 caussa
577 1447 774 1496 quidquam
782 1446 913 1496 facere
926 1462 938 1484 .·
961 1447 1035 1490 sed,
1052 1448 1088 1483 in
1101 1459 1204 1496 quem

84 1524 260 1549 carcerem
291 1525 392 1560 reges
419 1517 455 1549 et
480 1515 714 1562 imperatores
746 1512 900 1548 hostium
928 1512 1113 1549 ducente-m
1147 1513 1203 1549 vi-

83 1577 192 1613 disset
210 1577 256 1613 P.
275 1576 508 1626 Africanum,
528 1579 566 1613 in
591 1589 670 1613 eum
695 1589 730 1613 se
744 1575 909 1625 fratrem
936 1574 1010 1624 ejus
1029 1577 1113 1613 duci
1131 1589 1201 1614 non

78 1652 282 1689 passurum.
339 1640 535 1684 Senatum,
556 1653 602 1677 eo
623 1641 682 1677 die
704 1640 805 1677 forte
825 1648 1042 1678 coenantem
1063 1641 1104 1677 in
1125 1642 1202 1678 Ca-

81 1704 234 1755 pitolio,
268 1706 563 1749 consurrexisse,
598 1711 637 1742 et
668 1706 821 1756 petisse,
861 1712 903 1742 ut
938 1706 1038 1743 inter
1070 1706 1200 1757 epulas
1251 1741 1253 1743 ,

83 1767 258 1805 Graccho
291 1768 408 1805 filiam
438 1769 642 1806 Africanus
670 1769 945 1820 desponderet:
979 1769 1114 1820 quibus
1144 1770 1200 1807 ita

81 1831 181 1868 inter
192 1831 386 1883 publicum
403 1832 585 1869 sollemne
602 1833 840 1884 sponsalibus
858 1834 930 1870 rite
942 1833 1068 1877 factis,
1082 1847 1199 1884 quum

81 1907 120 1932 se
140 1895 295 1933 domum
316 1897 534 1948 recepisset,
558 1897 776 1948 Scipionem
794 1897 964 1934 AEmiliae
984 1899 1094 1935 uxori
1115 1898 1197 1937 dix-

80 1960 167 2004 isse,
188 1959 303 1997 filiam
323 1974 362 1998 se
381 1963 567 1998 minorem
583 1961 828 2012 despondisse
844 1977 852 1999 :
886 1975 1001 2012 quum
1017 1962 1095 2007 illa,
1113 1975 1198 2000 mu-

79 2023 248 2061 liebriter
279 2025 579 2075 indignabunda,
607 2026 704 2063 nihil
733 2027 776 2063 de
804 2027 998 2063 communi
1031 2027 1107 2064 filia
1137 2023 1196 2063 s'e-

73 2102 166 2126 Acum
198 2091 468 2135 consultatum,
497 2091 712 2142 adjecisset,
743 2105 835 2136 non,
868 2093 898 2128 si
936 2092 995 2130 Ti.
1017 2092 1194 2130 Graccho

0 2162 1 2179 ³
45 2192 47 2195 ,
82 2152 202 2197 daret,
222 2162 413 2205 expertem
439 2155 588 2193 consilii
614 2156 789 2194 debuisse
815 2164 974 2195 matrem
995 2170 1075 2195 esse
1085 2175 1096 2205 5
1128 2158 1194 2195 laee·

81 2224 165 2254 tum
190 2218 406 2270 Scipionem
433 2227 513 2259 tam
542 2222 721 2258 concordi
744 2221 907 2272 judicio,
928 2223 999 2274 ipsi
1029 2223 1194 2275 despon-

82 2293 162 2319 nam
181 2285 428 2335 respondisse.
485 2286 581 2324 Haec
598 2286 643 2323 de
663 2293 774 2324 tanto
794 2288 890 2333 viro,
908 2300 1135 2338 quamquam
1158 2294 1194 2325 et

600 2350 641 2387 H
661 2352 684 2388 2
