1546 2648
378 156 536 190 LIBER
561 152 679 182 XLV.
713 150 820 179 CAP.
844 148 915 177 XI.
1119 143 1200 187 491

87 249 327 298 universique
343 260 389 284 eo
407 244 509 283 bello
529 242 721 280 hostiliter
739 240 927 280 dixerant,
943 235 1200 283 fecerantque,
1216 239 1258 270 U.
1272 239 1308 270 C.
1323 245 1396 270 534.

86 316 244 353 retulit:
277 319 328 356 et,
352 312 410 348 vir
437 322 546 361 asper
571 307 741 357 ingenio,
768 303 933 352 augebat
959 300 1200 337 atrocitatem
1213 283 1302 314 3⁸0·
1320 288 1394 313 ¹⁶⁸·

85 393 231 422 eorum,
266 391 348 426 quae
379 376 608 416 dicerentur,
640 371 747 408 vultu
774 368 872 406 truci
897 372 936 403 et
964 363 1201 402 accusatoria

85 457 200 482 voce:
224 448 279 484 ut,
301 453 414 490 quum
436 439 597 489 propriae
618 435 820 473 simultatis
840 431 944 469 nulla
964 442 1096 467 caussa
1115 441 1202 465 cum

86 509 240 545 civitate
255 512 368 548 esset,
389 517 435 541 cx
456 504 566 539 unius
587 500 773 538 senatoris
792 497 961 534 Romani
978 494 1200 536 acerbitate,

86 572 206 622 qualis
228 573 265 607 in
286 584 325 607 se
346 569 509 606 universi
532 574 683 604 senatus
705 565 852 601 animus
873 567 986 604 esset,
1007 557 1201 610 conjecta-

87 644 183 673 rent.
226 636 269 671 C.
284 634 449 670 Decimii
469 631 702 668 moderatior
720 629 844 665 oratio
863 626 950 669 fuit,
967 626 1045 675 qui,
1067 627 1105 661 in
1121 625 1203 672 ple-

85 705 203 750 risque
221 712 355 742 eorum,
373 710 450 747 qua>
469 699 746 733 commemorata
765 706 787 729 a
808 693 969 740 Popillio
984 694 1108 733 essent,
1127 689 1204 726 cul-

84 778 173 815 pam
201 776 271 801 ηοη
298 777 404 813 penes
429 764 619 811 populum,
639 762 700 797 sed
718 771 827 808 penes
848 768 984 807 paucos
1012 756 1207 791 concitores

85 832 186 878 vulgi
215 842 296 872 esse,
318 829 438 864 dixit:
470 840 540 869 eos,
561 827 724 863 venalem
753 826 914 872 linguam
943 822 1121 864 habentes,
1142 821 1206 856 cle-

89 900 189 932 creta
215 895 325 942 plena
354 894 461 940 regiae
493 891 752 927 adsentationis
774 888 934 938 fecisse:
963 892 998 923 ει·
1019 898 1078 922 eas
1109 886 1208 932 lega-

90 963 202 996 tiones
220 960 365 1000 misisse,
388 969 540 1006 quarum
566 956 726 992 Rhodios
743 965 881 1001 semper
907 964 979 988 non
1004 953 1122 987 minus
1136 961 1208 999 pu-

91 1026 203 1067 deret,
225 1036 331 1072 quam
349 1024 545 1071 paeniteret.
605 1021 692 1063 Quae
719 1020 853 1060 omnia,
873 1019 904 1053 si
935 1015 1211 1064 tamenpopulo

82 1089 199 1138 foret,
222 1091 257 1124 in
284 1090 406 1136 capita
427 1076 614 1123 noxiorum
639 1086 797 1121 versura.
855 1082 953 1118 Cum
981 1093 1121 1129 magno
1142 1079 1211 1116 ad·
1221 1073 1380 1122 Rh0d101

95 1165 205 1189 sensu
227 1152 374 1188 auditus
396 1157 466 1193 est,
485 1163 565 1186 non
594 1148 714 1197 magis
744 1160 804 1190 eo,
826 1145 926 1194 quod
954 1144 1207 1181 multitudinis
1220 1126 1403 1193 ἱζῐὲἑοᾳῗτὲ-

94 1228 234 1252 noxam
253 1214 439 1257 elevabat,
457 1226 568 1263 quam
583 1212 686 1263 quod
707 1211 856 1261 culpam
876 1210 915 1246 in
932 1216 1105 1246 auctores
1125 1221 1208 1245 ver·
1220 1211 1343 1241 verant,
1357 1247 1364 1253 ,

93 1286 205 1316 terat.
262 1278 398 1327 Itaque
428 1290 544 1327 quum
573 1277 761 1327 principes
787 1288 919 1311 eorum
944 1274 1131 1311 Romanis
1151 1286 1211 1310 re-
1222 1251 1377 1280 damnati.

97 1344 341 1395 sponderent,
368 1354 607 1392 nequaquam
627 1347 755 1377 tamen
776 1347 854 1377 tam
873 1346 982 1389 grata
1002 1340 1126 1376 oratio
1146 1351 1212 1375 eo-

94 1421 178 1444 rum
206 1407 294 1449 fuit,
315 1406 394 1456 qui,
421 1418 504 1455 quoe
533 1404 719 1455 Popillius
749 1403 957 1454 objecerat,
979 1403 1122 1440 diluere
1152 1408 1214 1439 ut-

97 1483 258 1520 cumque
287 1470 416 1508 conati
444 1475 533 1505 sunt
546 1486 556 1515 3
589 1481 703 1518 quam
725 1467 871 1512 eoru'm,
892 1468 956 1518 qui
975 1467 1154 1504 Decimio
1174 1467 1213 1504 in

98 1534 318 1572 auctoribus
350 1533 397 1569 ad
427 1532 618 1583 piaculum
650 1545 760 1569 noxae
799 1532 1025 1583 objiciendis
1064 1532 1222 1568 adsensi(

99 1605 199 1635 sunt.
255 1597 463 1633 Decretum
491 1596 608 1645 igitur
631 1596 837 1646 extemplo,
862 1603 918 1640 ut,
939 1597 1003 1646 qui
1029 1609 1099 1646 pro
1122 1595 1215 1632 Per-

100 1675 166 1698 seo
183 1662 358 1699 adversus
377 1660 577 1697 Romanos
598 1659 738 1696 dixisse
753 1661 858 1710 quid,
875 1666 942 1697 aut
959 1661 1108 1704 fecisse,
1123 1673 1216 1697 con-

100 1728 356 1769 vincerentur,
384 1725 518 1775 capitis
546 1724 902 1763 condemnarentur.
959 1726 1218 1763 Excesserunt

102 1791 196 1828 urbe
215 1789 285 1826 sub
311 1789 476 1826 adventu
495 1788 761 1825 Romanorum
782 1790 949 1839 quidam,
971 1789 1035 1827 alii
1055 1796 1219 1827 mortem

101 1855 174 1892 sibi
194 1855 474 1892 consciverunt.
529 1852 684 1903 Legati,
705 1864 784 1890 non
805 1854 904 1890 ultra
923 1867 1035 1904 quam
1051 1855 1219 1904 quinque

102 1921 182 1956 (lies
227 1918 359 1955 Rhodi
395 1918 549 1961 morati,
594 1917 867 1955 Alexandriam
913 1919 1219 1969 proficiscuntur.

102 1983 189 2021 Nec
208 1995 255 2019 eo
283 1982 436 2031 segnius
459 1980 608 2031 judicia
626 1994 671 2018 ex
702 1982 855 2019 decreto
882 1995 1010 2019 coram
1028 1983 1087 2019 his
1116 1982 1220 2020 facto

104 2048 237 2084 Rhodi
265 2046 566 2084 exercebantur:
599 2059 712 2095 quam
740 2047 1129 2098 perseverantiamin
1154 2060 1221 2089 ex-

110 2111 300 2160 sequenda
318 2124 358 2148 re
376 2110 543 2148 Decimii
561 2110 697 2148 lenitas
712 2111 749 2149 ᾗ.

162 2175 237 2212 ΧΙ.
267 2177 395 2216 Quum
429 2176 513 2213 haec
556 2183 790 2226 gererentur,
828 2177 1044 2214 Antiochus
1081 2176 1223 2214 frustra

109 2241 266 2277 tentatis
284 2240 484 2277 moenibus
512 2240 754 2279 Alexandriae
788 2241 1045 2278 abscesserat:
1078 2248 1222 2278 cetera·
1236 2245 1299 2276 Res
1315 2244 1372 2276 AE-

111 2317 185 2355 que
202 2304 377 2356 AEgypto
396 2305 556 2355 potitus,
577 2305 711 2343 relicto
729 2306 906 2359 Memphi
930 2305 1075 2357 majore
1094 2306 1224 2344 Ptole·
1237 2288 1335 2330 gypti.

637 2370 677 2407 Y
697 2371 719 2408 6
