1546 2648
155 271 198 302 U.
209 269 245 301 C.
263 278 337 303 580.

154 314 183 344 A
207 312 244 344 ε’
266 319 334 350 ¹⁷2¹
348 345 389 376 ta
407 339 545 376 eximia
563 338 754 375 celeritate
778 345 942 388 poterat,
963 350 1154 387 regressus
1173 339 1213 374 in
1231 338 1455 375 Macedoni-

153 653 191 683 In
206 653 325 683 Eume-

152 705 229 725 nem
242 705 311 734 per·

150 746 295 768 CuSSOICS

152 789 171 808 a
187 779 296 810 Perseo

155 822 328 854 subornati.

349 177 433 232 336
504 177 508 183 “
803 187 849 216 τ.
873 187 1007 217 1.1v11

403 276 492 313 XV.
513 274 788 324 Legationibus
800 276 977 319 dimissis,
991 287 1105 325 quum
1119 273 1324 326 Harpalus,
1336 287 1457 325 quan·

347 415 422 446 am,
435 404 652 439 nunciasset
666 404 759 452 regi,
775 403 944 439 nondum
956 403 1107 452 quidem
1123 409 1299 452 parantes
1313 401 1456 438 bellum

345 466 540 515 reliquisse
558 478 598 502 se
615 465 829 509 Romanos,
849 466 914 502 sed
933 467 987 502 ita
1005 464 1178 508 infestos,
1199 471 1242 501 ut
1259 463 1370 501 facile
1389 464 1455 501 ad·

344 537 506 580 pareret,
527 542 606 566 non
625 529 805 566 dilaturos
823 546 833 575 ς
866 536 904 565 et
922 530 1016 579 ipse,
1031 535 1281 579 praeterquam
1296 528 1398 578 quod
1416 533 1456 563 et

345 593 399 628 ita
417 592 594 628 credebat
612 592 795 634 futurum,
809 591 891 641 jam
912 593 1026 628 etiam
1041 591 1210 634 volebat,
1227 591 1267 627 in
1284 590 1377 627 flore
1396 591 1452 626 vi·

344 655 441 690 rium
461 667 500 691 se
519 655 672 691 credens
694 667 785 691 esse.
843 654 1007 690 Eumeni
1035 661 1124 690 ante
1143 666 1273 690 omnes
1293 653 1452 690 infestus

344 724 446 754 erat:
479 731 501 754 a
529 718 634 768 cujus
665 719 848 767 sanguine
878 718 1028 754 ordiens
1049 717 1204 760 bellum,
1233 717 1452 753 Evandrum

344 781 579 825 Cretensem,
601 782 735 818 ducem
763 782 1004 824 auxiliorum,
1032 787 1070 817 et
1097 780 1450 823 Macedonas.tres‚

343 845 518 882 adsuetos
551 847 768 882 ministeriis
805 845 938 882 talium
970 845 1196 887 facinorum,
1230 844 1276 880 ad
1310 843 1450 880 caedem

341 909 438 956 regis
459 908 665 945 subornat:
696 908 898 957 litei-asque
928 909 980 943 eis
1000 908 1066 944 dat
1093 908 1139 943 ad
1165 907 1290 943 Praxo
1318 907 1449 956 hospi-

339 981 432 1017 tam,
462 975 671 1024 principem
704 975 931 1011 auctoritate
966 980 1005 1010 et
1034 973 1168 1023 opibus
1198 971 1449 1022 Delphorum.

341 1039 439 1075 Satis
460 1040 675 1083 constabat,
701 1040 926 1082 Eumenem,
948 1046 989 1074 ut
1018 1038 1245 1074 sacrificaret
1262 1036 1448 1087 Apollini,

338 1101 511 1152 Delphos
531 1104 810 1140 adscensurum.
866 1102 1063 1150 Progressi
1088 1114 1172 1137 cum
1191 1100 1370 1136 Evandro
1389 1100 1448 1136 iu-

339 1166 551 1208 sidiatores,
565 1166 660 1202 nihil
673 1166 773 1202 aliud
785 1165 832 1202 ad
844 1166 1097 1216 peragendum
1112 1164 1318 1213 inceptum,
1335 1176 1448 1212 quam

337 1231 413 1267 loci
445 1232 786 1282 opportunitatem,
820 1232 950 1268 omnia
983 1232 1270 1272 circumeuntes,
1302 1242 1446 1279 quaere-

336 1295 441 1332 bant.
499 1296 826 1332 Adscendentibus
847 1296 893 1332 ad
912 1295 1094 1345 templum
1113 1307 1135 1331 a
1155 1294 1303 1336 Cirrha,
1323 1293 1446 1344 prius-

336 1371 448 1407 quam
468 1360 726 1409 perveniretur
752 1360 799 1396 ad
816 1360 1030 1408 frequentia
1060 1357 1223 1395 aedificiis
1247 1356 1344 1400 loca,
1365 1369 1446 1392 ma-

336 1423 435 1458 ceria
455 1428 535 1458 erat
555 1422 601 1458 ab
619 1422 711 1459 laeva
738 1423 880 1459 semitae
899 1422 1067 1472 paullum
1097 1427 1248 1466 exstans
1267 1432 1291 1456 a
1308 1420 1444 1456 funda-

335 1491 478 1528 mento,
496 1498 569 1534 qua
585 1486 720 1535 singuli
735 1487 939 1522 transirent
953 1501 962 1531 3
987 1485 1118 1521 dextra
1134 1495 1218 1534 pars
1234 1483 1319 1520 labe
1334 1490 1443 1519 terrae

334 1547 371 1583 in
388 1548 622 1596 aliquantum
639 1548 847 1585 altitudinis
864 1549 988 1584 diruta
1005 1553 1084 1583 erat
1100 1561 1106 1582 :
1140 1552 1226 1596 post
1240 1547 1443 1583 maceriam

334 1622 373 1646 se
392 1610 629 1655 abdiderunt,
651 1612 827 1660 gradibus
854 1612 1070 1654 adstructis,
1091 1617 1133 1648 ut
1157 1622 1204 1647 ex
1223 1622 1281 1653 ea,
1300 1610 1404 1646 velut
1422 1623 1442 1647 e

335 1686 456 1717 muro,
479 1675 554 1712 tela
580 1676 619 1712 in
648 1682 937 1726 praetereuntem
968 1674 1212 1724 conjicerent.
1268 1673 1398 1711 Primo
1420 1686 1442 1710 a

331 1738 426 1774 mari
444 1738 670 1775 circumfusa
686 1738 798 1775 turba
822 1740 1030 1777 amicorum
1058 1751 1101 1774 ac
1121 1737 1324 1774 satellitum
1350 1749 1439 1787 pro-

331 1800 487 1836 cedebat
503 1815 510 1837 x
533 1801 668 1838 deinde
687 1802 944 1839 extenuabant
963 1801 1158 1852 paullatim
1173 1801 1358 1849 angustiae
1373 1812 1440 1849 ag-

331 1875 429 1901 men.
488 1863 565 1900 Ubi
586 1864 631 1902 ad
652 1876 737 1901 eum
763 1864 888 1902 locum
907 1871 1061 1901 ventum
1088 1869 1158 1906 est,
1179 1876 1254 1912 qua
1281 1863 1437 1913 singulis

331 1926 494 1963 eundum
518 1934 612 1968 erat,
639 1927 780 1976 primus
810 1927 982 1964 semitam
1010 1928 1198 1975 ingressus
1225 1926 1438 1965 Pantaleon

330 1988 487 2027 AEtoliae
503 1990 690 2040 princePS,
707 2002 792 2026 cum
808 2002 883 2039 quo
903 1991 1098 2027 institutus
1114 1990 1192 2039 regi
1205 2001 1328 2027 sermo
1344 1997 1436 2028 erat.

326 2051 426 2090 Tum
439 2053 677 2091 insidiatores
694 2054 815 2090 exorti
831 2065 922 2091 saxu
933 2054 1008 2091 duo
1023 2054 1193 2103 iugentia
1207 2053 1409 2092 devolvunt
1424 2069 1432 2093 ε

327 2127 487 2165 quorum
507 2116 627 2153 altero
646 2123 759 2166 caput
783 2118 900 2155 ictum
921 2124 977 2155 est
1005 2118 1098 2165 regi,
1120 2117 1239 2154 altero
1257 2118 1435 2155 humerus

327 2179 494 2228 sopitus:
529 2192 574 2216 ex
594 2180 727 2219 semita
751 2179 909 2230 proclivi
940 2182 977 2217 iu
998 2181 1139 2218 declive
1168 2180 1295 2217 multis
1324 2192 1436 2233 super

324 2240 541 2294 prolapsum
564 2240 647 2294 jam
684 2242 783 2280 saxis
822 2244 1027 2293 congestis,
1058 2250 1096 2282 et
1132 2244 1248 2283 ceteri
1283 2244 1434 2296 quidem
