1546 2648
375 187 454 228 142
501 212 506 219 .
676 210 677 213 ,
826 187 872 216 Τ.
897 189 1030 218 mvn

171 282 214 312 U.
229 281 264 311 C.
281 285 354 312 565.
367 282 461 319 erat,
482 277 543 313 cui
569 276 780 313 inimicitiae
800 290 886 314 cum
904 278 948 315 P.
963 278 1144 329 Scipione
1169 277 1453 315 intercedebant
1468 292 1475 311 ι

169 324 342 358 Λ·Ο·187“
364 340 411 383 is,
433 352 546 388 quum
565 341 746 376 vetuisset
770 353 910 377 nomen
938 353 1047 378 suum
1068 342 1218 378 decreto
1246 341 1476 390 collegarum

365 403 541 448 adscribi,
561 405 842 454 tristioremque
869 418 1000 441 omnes
1029 407 1258 442 sententiam
1278 411 1474 455 exspecta-

167 459 333 532 (ᾗῖἒῐίἳξξῃ
363 474 461 510 rent,
485 469 540 504 ita
565 468 751 504 decrevit:
787 470 905 510 Quum
935 470 979 505 L.
997 470 1120 518 Scipio
1148 474 1289 506 excuset
1316 469 1476 505 morbum

169 545 203 574 in
216 546 350 583 gratiam
363 544 434 568 esse
452 545 582 569 caussa>
588 532 724 581 fratri,
741 535 828 569 satis
845 535 882 569 id
896 534 961 570 sibi
976 535 1101 570 videri.
1131 535 1179 570 Se
1198 535 1242 571 P.
1255 534 1473 582 Scipionem,

167 588 336 629 Scipionis.
357 598 570 645 priusquam
600 597 753 633 Romam
783 600 942 641 redisset,
974 600 1137 635 accusari
1163 611 1235 634 non
1257 610 1475 646 passurum.-

363 667 439 699 tum
459 675 608 711 quoque,
621 665 653 698 si
670 675 706 698 se
718 664 889 710 adpellet‚
911 664 1046 698 auxilio
1066 664 1098 698 ei
1105 662 1294 710 futurum,
1313 673 1357 697 ne
1372 672 1474 697 caus·

359 739 437 762 sam
456 728 564 762 dicat.
612 727 672 762 Ad
692 727 729 762 icl
737 726 933 774 fastigium
952 726 1052 761 rebus
1068 727 1188 773 gestis,
1205 724 1390 760 honoribus
1405 736 1473 772 po-

357 792 438 839 puli
459 791 626 834 Romani,
649 791 692 826 P.
708 791 911 839 Scipionem
930 791 1095 826 Deorum
1121 790 1372 837 hominumque
1391 800 1474 824 con-

358 867 459 890 sensu
481 857 690 902 pervenisse,
712 860 753 891 ut
770 855 834 891 sub
854 855 996 891 Rostris
1019 866 1119 891 reum
1137 858 1246 896 stare,
1267 857 1302 889 et
1316 853 1472 901 praebere

359 931 464 955 aures
491 920 765 955 adolescentium
795 921 973 962 conviciis,
999 920 1135 967 populo
1166 919 1330 955 Romano
1360 918 1474 965 magis

360 983 531 1031 deforme,
554 996 660 1033 quam
680 985 761 1032 ipsi,
783 985 840 1020 sit.
884 1002 889 1007 ·

410 1047 525 1084 LIII.
553 1047 706 1098 Adjecit
721 1048 873 1084 (leci-eto
889 1043 1215 1096 indignationem:
1239 1045 1474 1094 Subpedibus

356 1113 480 1149 vestris
497 1112 617 1153 stabit,
633 1112 777 1154 tribuni,
793 1113 948 1148 domitor
967 1113 1028 1148 ille
1041 1111 1192 1161 Africae,
1209 1111 1331 1158 Scipio
1345 1112 1365 1146 ,9
1377 1111 1472 1169 ’ὶάεο

358 1181 512 1224 quatuor
530 1176 761 1212 nobilissimos
780 1177 884 1212 duces
903 1177 1095 1212 Poenorum
1114 1178 1151 1212 in
1169 1176 1363 1224 Hispania,
1380 1171 1469 1223 ξηια-

360 1246 441 1276 tuor
459 1242 632 1277 exercitus
645 1239 754 1289 fudit
762 1240 984 1289 fugavitque
995 1257 1009 1277 .·
1037 1243 1116 1277 ideo
1137 1240 1335 1289 Syphacem
1360 1241 1468 1288 cepit,

357 1304 596 1341 Hannibalem
611 1305 752 1347 devicit,
764 1305 1026 1352 Karthaginem
1039 1305 1247 1353 vectigalem
1259 1304 1356 1340 nobis
1356 1302 1468 1352 fecit,

355 1368 573 1404 Antiochum
589 1370 738 1417 (recepit
752 1371 844 1405 enim
848 1369 1011 1417 fratrem
1023 1374 1216 1406 consortem
1233 1367 1336 1414 hujus
1344 1369 1471 1415 glorice

355 1433 400 1468 L.
414 1433 554 1480 Scipio)
576 1434 677 1470 ultra
701 1435 813 1469 Tauri
822 1432 918 1481 juga
937 1436 1079 1477 emovit,
1099 1438 1141 1470 ut
1159 1433 1291 1470 duobus
1309 1433 1470 1469 Petilliis

353 1497 609 1541 subcumberet,
647 1510 707 1534 vos
735 1500 778 1534 cle
809 1499 852 1534 P.
866 1498 1044 1547 Africano
1076 1499 1240 1547 palmam
1258 1489 1467 1546 ¹peteritis.‹’

354 1561 524 1598 Nullisne
547 1564 684 1598 meritis
710 1565 796 1605 suis,
817 1564 926 1598 nullis
948 1564 1071 1599 vestris
1090 1562 1277 1598 honoribus
1295 1574 1463 1610 umquam

353 1626 391 1662 in
411 1638 528 1662 arcem
549 1631 664 1662 tutam
684 1631 718 1662 et
736 1628 833 1663 velut
854 1632 1016 1662 sanctam
1035 1627 1126 1662 clari
1144 1627 1214 1663 viri
1237 1627 1467 1674 pervenient.-

351 1689 424 1732 ubi,
443 1691 474 1725 si
493 1702 563 1726 non
585 1690 807 1733 venerabilis,
829 1691 1003 1726 inviolata
1024 1691 1152 1726 saltem
1169 1694 1327 1726 senectus
1345 1701 1466 1725 eorum

350 1754 546 1790 considat?
573 1752 699 1789 Movit
726 1760 763 1790 et
783 1754 990 1797 decretum,
1011 1760 1048 1789 et
1075 1752 1223 1803 adjecta
1242 1753 1366 1788 oratio
1385 1765 1463 1789 non

350 1822 495 1853 ceteros
516 1817 643 1859 modo,
666 1816 728 1852 sed
750 1818 851 1867 ipsos
871 1818 984 1853 etiam
1000 1825 1262 1854 accusatores:
1295 1823 1346 1859 et,
1368 1817 1459 1853 deli-

348 1877 546 1916 beraturos
567 1893 620 1924 se,
642 1880 731 1930 quid
751 1881 808 1917 sui
828 1880 926 1931 juris
948 1887 986 1917 et
1005 1881 1118 1918 officii
1145 1887 1256 1924 esset,
1274 1881 1462 1918 dixerunt.

349 1943 509 1980 Senatus
540 1944 686 1988 deinde,
717 1945 880 1981 concilio
909 1945 1028 1996 plebis
1056 1946 1224 1989 dimisso,
1244 1945 1376 1982 haberi
1404 1952 1462 1982 est

346 2013 494 2057 coeptus
511 2023 518 2044 z
553 2008 605 2044 ibi
638 2009 768 2057 gratiae
806 2010 980 2058 ingentes
1018 2010 1066 2047 ab
1102 2011 1275 2047 universo
1312 2010 1458 2053 ordine,

344 2071 536 2120 praecipue
555 2083 578 2107 a
600 2072 861 2109 consularibus
891 2074 1191 2123 senioribusque,
1211 2074 1271 2110 Ti.
1286 2073 1460 2110 Graccho

345 2139 439 2170 actae
461 2142 563 2177 sunt,
585 2135 686 2183 quod
715 2136 988 2186 rempublicam
1016 2138 1172 2188 privatis
1203 2137 1457 2174 simultatibus

345 2198 535 2249 potiorem
561 2198 780 2237 habuisset:
814 2207 852 2236 et
871 2201 1013 2238 Petillii
1035 2203 1158 2238 vexati
1187 2209 1275 2238 sunt
1294 2201 1457 2252 probriS,

344 2262 450 2311 quod
465 2262 661 2313 splendere
677 2264 801 2301 aliena
821 2266 960 2303 invidia
972 2267 1196 2310 voluissent,
1214 2273 1252 2303 et
1270 2265 1392 2317 spolia
1411 2278 1458 2302 ex

342 2326 516 2366 Africani
548 2329 741 2381 triumpho
771 2336 958 2382 peterent.
1017 2331 1218 2369 Silentium
1255 2330 1387 2369 deinde
1418 2330 1461 2367 de
