1546 2648
343 191 429 235 530
800 191 847 221 τ.
872 192 1005 222 mvn

149 286 192 318 U.
206 287 243 318 C.
258 281 513 330 58⁵.ficiscenti
537 280 830 329 praesagientibus
848 284 977 320 animis
1002 284 1192 320 victoriam
1221 286 1460 335 triumphum-

147 329 329 367 A.c.1⁶7.

342 358 408 394 que
427 347 694 389 destinavimus,
727 347 758 382 ei
785 348 914 384 victori
944 347 1165 397 triumphum
1195 351 1398 397 negaturi?
1423 355 1460 387 et

341 411 485 459 quidem
503 422 574 446 non
598 410 757 447 homines
780 416 934 456 tantum,
952 414 1014 449 sed
1043 413 1143 449 Deos
1168 416 1278 450 etiam
1302 427 1366 451 suo
1393 415 1457 452 ho-

337 487 423 512 nore
429 474 649 525 fraudaturi
661 477 683 512 ,9
710 477 798 513 Diis
827 489 964 526 quoque
981 479 1090 521 enim,
1119 489 1189 515 non
1203 479 1319 515 solum
1336 479 1454 516 homi-

289 554 291 557 ’
335 539 448 583 nibus,
469 539 625 576 debetur.
689 540 818 577 Uirum
848 540 1000 588 majores
1029 544 1140 578 vestri
1165 545 1325 580 omnium
1349 555 1454 592 mag-

335 614 464 640 narum
481 615 602 640 rerum
620 607 656 639 et
679 605 864 652 principia
882 607 997 641 exorsi
1015 605 1059 640 ab
1076 606 1163 641 Diis
1180 611 1276 650 sunt,
1296 611 1332 642 et
1337 607 1454 656 finem

337 679 418 704 eum
445 668 684 703 statuerunt.9
713 667 859 710 Consul,
887 669 1126 718 proficiscens,
1164 674 1353 717 piaton-e,
1383 682 1454 719 pa-

336 733 470 768 ludatis
489 732 683 774 lictoribus,
712 733 751 768 in
776 733 1002 780 provinciam
1021 738 1055 769 et
1083 735 1134 770 ad
1151 734 1294 777 bellum,
1312 739 1397 770 vota
1415 735 1454 771 in

337 796 515 845 Capitolio
541 801 754 844 nuncupat:
781 797 909 840 victor,
935 803 1145 846 perpetrato
1163 799 1300 841 eodem,
1322 800 1360 834 in
1379 798 1450 834 Ca-

330 861 461 908 pitolio
482 860 705 908 triumphans
729 861 778 896 ad
806 861 946 898 eosdem
965 862 1077 904 Deos,
1102 863 1228 911 quibus
1255 867 1340 898 vota
1357 875 1450 899 nun-

335 925 492 973 cupavit,
519 926 649 961 merita
679 926 776 961 dona
800 926 929 974 populi
962 927 1119 963 Romani
1150 928 1338 964 traducit:
1361 939 1451 976 pars

332 994 404 1025 iton
433 990 584 1024 minima
617 988 794 1037 triumphi
825 994 877 1025 est
917 991 1072 1026 victimoe
1106 991 1347 1038 praecedentes
1357 1007 1370 1034 ,-
1409 996 1450 1027 ut

332 1054 523 1102 adpareat,
554 1054 643 1089 Diis
664 1058 786 1101 grates
813 1059 976 1102 agentem
1004 1057 1258 1103 imperatorem
1285 1055 1328 1091 ob
1354 1067 1448 1092 rem·

327 1118 512 1167 'publicam
539 1117 622 1153 bene
647 1122 784 1165 gestam
817 1120 947 1154 redire.
1006 1120 1135 1155 Omnes
1160 1120 1243 1155 illas
1271 1121 1446 1162 victimas,

333 1193 421 1231 quas
453 1182 690 1217 traducendas
724 1182 763 1217 in
795 1182 976 1230 triumpho
1007 1184 1218 1226 vindicavit,
1247 1183 1344 1219 alias
1375 1183 1448 1219 alio

332 1247 498 1288 caedente,
528 1249 685 1281 mactate
700 1261 712 1281 :
740 1246 823 1281 illas
855 1247 997 1294 quidem
1033 1248 1157 1295 epulas
1187 1251 1343 1289 senatus,
1370 1259 1448 1295 quae

329 1322 393 1346 nec
407 1310 553 1358 privato
573 1310 662 1352 loca,
683 1322 746 1346 nec
769 1310 914 1358 publico
938 1310 1110 1360 profano,
1129 1312 1192 1347 sed
1210 1312 1249 1348 in
1268 1310 1448 1359 Capitolio

330 1375 498 1417 eduntur,
519 1378 641 1410 utrum
670 1375 852 1411 hominum
877 1376 1076 1423 voluptatis
1108 1387 1246 1419 caussa,
1275 1388 1324 1412 an
1343 1375 1446 1412 Deo-

329 1451 411 1475 rum
429 1438 693 1486 hominumque,
713 1443 858 1474 auctore
871 1438 950 1474 Ser.
972 1438 1101 1481 Galba,
1125 1440 1306 1476 turbaturi
1332 1441 1445 1476 estis?

331 1503 376 1540 L.
396 1503 524 1539 Paulli
542 1503 723 1551 triumpho
750 1508 866 1551 porta?
893 1503 1107 1539 claudentur
1122 1504 1144 1539 ,9
1171 1503 1250 1540 Rex
1269 1505 1443 1540 Macedo-

329 1579 415 1603 num
435 1566 584 1603 Perseus
602 1578 681 1603 cum
700 1566 818 1603 liberis
835 1571 871 1602 et
891 1566 994 1603 turba
1011 1567 1088 1603 alia
1106 1569 1345 1615 captivorum,
1358 1580 1441 1616 spo-

330 1633 381 1668 lia
398 1632 652 1674 Macedonum,
673 1633 764 1667 citra
775 1620 1203 1680 flumenrelinquentur?
1228 1631 1273 1668 L.
1289 1632 1446 1669 Paullus

322 1698 508 1746 privatus,
529 1700 714 1743 tamquam
731 1706 816 1731 rure
833 1696 983 1737 rediens,
1005 1707 1028 1731 a
1043 1707 1113 1744 por
1121 1701 1159 1732 ta
1178 1697 1329 1733 domum
1350 1697 1446 1734 ibit?

328 1761 382 1798 Et
401 1766 452 1804 ta,
473 1762 645 1803 centurio,
668 1760 781 1802 miles,
812 1761 900 1808 quid
922 1761 966 1796 de
990 1762 1208 1808 imperatore
1227 1761 1362 1797 Paullo
1388 1773 1443 1797 se-

325 1830 433 1874 natus
451 1826 601 1862 decrerit
616 1826 750 1873 potius,
772 1837 880 1872 quam
899 1826 986 1872 quid
1003 1825 1083 1861 Ser.
1105 1824 1224 1861 Galba
1230 1824 1440 1873 fabuletur,

325 1891 438 1926 audi.-
466 1895 499 1926 et
519 1889 583 1926 hoc
602 1890 716 1925 dicere
733 1901 789 1924 me
810 1891 946 1937 potius,
968 1901 1075 1937 quam
1094 1889 1211 1932 illum,
1232 1890 1330 1925 audi.
1370 1890 1442 1926 Ille

322 1955 428 1997 nihil,
442 1957 683 2002 praeterqua'm
703 1953 812 2000 loqui,
829 1957 863 1988 et
883 1954 998 2000 ipsum
1017 1953 1190 1988 maledice
1203 1965 1246 1988 ac
1263 1954 1434 2001 maligne,

324 2020 451 2056 didicit
468 2034 480 2054 .·
507 2029 571 2066 ego
591 2022 644 2053 ter
662 2021 697 2053 et
715 2018 820 2053 vicies
839 2029 918 2053 cum
938 2017 1034 2052 hoste
1055 2028 1121 2065 per
1147 2019 1438 2064 provocationem

319 2083 505 2132 pugnavi:
533 2093 576 2117 ex
607 2080 777 2123 omnibus,
815 2092 896 2116 cum
927 2080 1051 2128 quibus
1085 2092 1231 2116 manum
1262 2083 1435 2124 conserui,

322 2147 438 2195 spolia
457 2146 587 2181 retuli:
617 2146 754 2191 insigne
771 2156 900 2192 corpus
925 2144 1078 2180 honestis
1096 2144 1330 2187 cicatricibus,
1358 2157 1435 2181 om·

322 2210 421 2246 nibus
439 2210 586 2245 adverso
605 2219 752 2256 corpore
770 2209 935 2255 exceptis,
956 2207 1077 2243 habeo.
1134 2206 1312 2244 Nudasse
1329 2207 1434 2244 dein·

322 2274 368 2310 de
387 2285 426 2309 se
446 2273 595 2316 dicitur,
616 2279 667 2316 et,
689 2285 764 2322 quo
793 2285 952 2322 quaeque
970 2271 1072 2308 bello
1093 2272 1250 2309 vulnera
1278 2279 1435 2323 accepta

322 2345 462 2381 essent,
483 2336 657 2374 retulisse
672 2351 680 2374 :
712 2348 794 2387 quoe
810 2336 899 2373 dum
918 2342 1101 2381 ostentat,
1118 2336 1305 2388 adapertis
1319 2336 1434 2381 forte,
