1546 2648
328 191 484 222 mmm
508 191 738 221 xxxv111.
771 189 877 220 esp·
901 191 1043 221 va1.
1168 192 1244 237 ¹33

120 280 239 330 jecit:
265 287 307 319 ut
324 295 394 318 non
416 283 488 318 tela
507 294 549 318 επ·
566 283 748 330 superiore
767 282 843 318 loco
865 283 1061 323 mitterent,
1081 283 1144 318 sect
1170 295 1246 319 cor·
1259 290 1302 321 U.
1315 290 1352 321 C.
1367 294 1441 323 5⁶5.

123 359 218 396 pora
235 359 299 384 sua
318 347 417 383 macla
438 345 634 391 injicerent,
657 347 802 383 obruere
827 359 889 382 nos
911 351 1118 395 potuerunt.
1151 347 1249 388 Quid
1258 334 1298 365 A·
1315 334 1353 365 C·
1368 339 1442 369 ¹⁸7⁰

127 411 241 458 igitur
274 412 437 446 incidit?
465 411 604 457 Magna
632 410 792 458 j‘ortuna
824 411 954 458 populi
989 411 1145 446 Romani
1181 416 1247 453 est,

128 486 299 522 magnum
319 479 354 510 et
378 475 532 510 terribile
554 486 695 510 nomen.
754 474 905 510 Recenti
931 475 1038 510 ruina
1056 474 1248 510 Hanniba—

133 538 188 581 lis,
204 538 382 587 Philippi,
396 539 577 580 Antiochi,
593 550 709 586 prope
727 539 884 574 adtoniti
902 542 1018 581 erant,
1041 543 1151 574 tantoe
1169 550 1248 574 cor-

127 614 257 650 porum
276 603 396 639 moles.
452 603 587 638 Fundis
600 604 811 650 sagittisque
830 603 867 638 in
876 601 1013 651 fugam
1033 604 1250 638 consternati

128 671 236 702 sunt:
260 666 405 714 gladius
426 667 462 701 in
487 667 562 702 acie
581 671 787 702 cruentatus
807 679 877 702 non
899 670 951 702 est
975 666 1115 702 Gallico
1139 666 1229 702 bello
1238 682 1252 703 :

132 730 231 765 velut
252 731 372 765 avium
394 731 576 772 examina,
599 731 647 765 ad
679 732 852 777 crepitum
875 732 1035 778 primum
1063 731 1252 766 missilium

133 794 329 830 avolavere.
386 795 452 835 At,
475 794 646 836 Hercule,
676 806 737 830 nos
765 796 889 837 iidem,
919 796 1147 842 (admonente
1163 793 1253 843 for-

137 862 238 900 tuna,
270 859 370 906 quid,
397 861 428 895 si
459 860 591 895 hostem
625 861 875 903 habuissemus,
910 873 1075 897 casurum·
1097 860 1250 909 fuisset)

133 934 241 970 quum
269 924 454 959 redeuntes
483 925 518 960 in
556 925 777 960 latrunculos
811 926 968 961 Thracas
998 927 1252 968 incidissemus,

132 988 224 1030 caesi,
247 986 393 1036 fugati,
425 991 523 1024 exuti
553 990 802 1037 inpedimentis
825 1002 956 1026 sumus.
1007 990 1049 1031 Q.
1069 990 1255 1026 Minucius

139 1052 322 1095 Thermus,
342 1054 380 1089 in
401 1066 469 1102 quo
492 1054 589 1089 haud
610 1055 740 1102 paullo
763 1055 846 1102 plus
871 1055 994 1090 damni
1011 1053 1162 1103 factum
1187 1060 1251 1098 est,

134 1128 241 1164 quam
270 1118 300 1152 si
325 1117 388 1154 Cn.
408 1118 587 1161 Manlius,
618 1117 718 1164 cujus
747 1120 947 1154 temeritate
976 1131 1018 1155 ea
1048 1120 1168 1155 clades
1197 1122 1253 1156 in-

135 1181 287 1223 ciderat,
304 1183 465 1229 perisset,
487 1195 566 1217 cum
586 1184 708 1218 multis
726 1184 813 1218 viris
829 1181 992 1231 fortibus
1010 1185 1164 1220 cecidit:
1193 1196 1254 1220 ex-

134 1247 275 1288 ercitus,
295 1247 414 1294 spolia
438 1249 530 1295 regis
548 1247 721 1282 Antiochi
749 1247 916 1296 referens,
943 1246 1126 1295 trifariam
1149 1249 1253 1284 dissi-

129 1313 254 1357 patuS‚
275 1311 360 1346 alibi
380 1312 550 1358 primum,
571 1312 658 1347 alibi
682 1317 902 1359 postremum
922 1323 1062 1358 agmen,
1083 1313 1171 1348 alibi
1199 1315 1254 1349 in-

130 1376 353 1423 pedimenta,
392 1378 486 1412 inter
516 1389 637 1425 vepres
671 1379 706 1413 in
741 1376 1077 1425 latebris-ferarum
1116 1384 1256 1415 noctem

134 1451 244 1476 unam
269 1441 422 1476 delituit.
482 1441 556 1476 Pro
585 1441 639 1476 his
668 1441 868 1488 triumphus
894 1443 1065 1488 petitur.9
1094 1441 1136 1477 Si
1163 1442 1257 1479 nihil

135 1505 173 1540 in
207 1504 362 1541 Thracia
393 1506 505 1541 cladis
538 1507 810 1553 ignominiceque
834 1504 943 1554 foret
979 1511 1177 1554 acceptum,
1214 1508 1258 1543 cle

136 1569 259 1617 quibus
277 1569 431 1606 hostibus
457 1570 677 1618 triumphum
704 1571 874 1617 peteres?
906 1571 949 1605 de
978 1572 1034 1613 iis,
1055 1576 1097 1607 ut
1115 1573 1254 1619 opinor,

138 1646 224 1681 quos
244 1634 307 1669 tibi
326 1634 439 1670 hostes
455 1639 598 1670 senatus
617 1639 681 1670 aut
705 1635 858 1681 populas
880 1633 1064 1670 Romanus
1093 1637 1256 1673 aedisset.

138 1696 200 1733 Sic
229 1697 312 1734 huic
338 1698 382 1734 L.
400 1698 574 1746 Scipioni,
602 1700 653 1734 sic
677 1699 735 1733 illi
752 1697 819 1733 M<
837 1699 957 1734 Acilio
983 1700 1026 1734 (Ie
1049 1711 1131 1747 rege
1148 1701 1267 1738 Antis

137 1761 238 1805 ocho,
256 1764 308 1798 sic
330 1764 457 1811 paullo
477 1768 560 1799 ante
584 1764 624 1799 T.
645 1763 814 1803 Quinctio
832 1764 875 1798 de
901 1775 982 1810 rege
1001 1763 1187 1812 Philippo,
1208 1766 1259 1801 sic

136 1826 182 1862 P.
197 1825 375 1875 Africano
403 1829 446 1864 de
464 1827 687 1869 Hannibale,
717 1832 751 1862 et
771 1827 903 1869 Panis,
931 1833 966 1863 et
984 1827 1162 1876 Syphace,
1191 1830 1258 1865 tri-

135 1891 288 1938 umphus
305 1893 412 1928 slatus
426 1908 437 1928 .·
467 1896 502 1927 et
520 1893 671 1928 minima
692 1892 771 1933 illa,
794 1903 900 1939 quum
915 1890 995 1937 jam
1014 1897 1157 1928 senatus
1176 1905 1257 1929 cen-

136 1957 260 1992 suisset
291 1956 435 1998 bellum,
467 1958 614 2004 quoesita
650 1960 770 1991 tamen
801 1960 898 1997 sunt,
928 1956 1052 2003 quibus
1082 1959 1259 1992 nuncian-

139 2021 222 2056 dum
243 2025 355 2056 esset:
386 2022 472 2069 ipsis
494 2022 618 2068 utique
646 2020 784 2067 regibus
814 2021 1073 2063 nunciaretur5
1103 2033 1148 2056 an
1171 2023 1260 2057 satis

139 2091 239 2126 esset,
260 2086 308 2121 od
326 2087 528 2133 praesisliwn
551 2086 699 2133 aliquod
717 2087 883 2120 nunciari
896 2090 917 2120 ς)
950 2085 1066 2120 Vultis
1083 2097 1166 2133 ergo
1186 2085 1260 2122 haec

141 2150 260 2185 omnia
287 2151 401 2197 pollui
420 2155 455 2185 et·
480 2149 651 2198 conjuncti
670 2151 690 2185 ,9
719 2150 800 2185 tolli
816 2149 972 2198 fecialia
992 2148 1115 2196 jura.9
1143 2151 1260 2186 nullos

141 2226 212 2249 esse
226 2213 381 2261 feciales
398 2216 418 2250 ,9
433 2215 508 2263 fiat
533 2215 547 2260 (
555 2227 645 2263 pace
664 2213 790 2250 Dezim
810 2215 977 2260 dixerim)
996 2213 1147 2260 jactura
1173 2215 1259 2252 reli-

140 2278 256 2325 gionis
272 2294 283 2313 .·
312 2277 438 2314 oblivio
465 2280 630 2314 Deorum
657 2280 781 2326 capiat
802 2283 949 2327 pectora
975 2285 1103 2314 vestra.
1159 2279 1261 2313 Num

141 2346 307 2379 senatum
333 2353 470 2391 quoque
489 2343 533 2379 de
555 2343 644 2379 bello
667 2343 803 2379 consuli
831 2354 903 2379 non
924 2343 1086 2391 placet?
1112 2353 1183 2379 non
1210 2342 1263 2379 ad
