1546 2648
296 169 453 198 LIBER
477 165 667 197 xxxlx.
699 167 807 196 CAP.
832 167 1037 199 xxxvn.
1158 167 1236 215 195

120 260 209 302 rint,
230 259 292 307 qui
309 257 408 294 nobis
427 258 616 294 victoriam
646 257 823 294 dederunt
834 273 846 300 ,·
875 269 1030 306 quonam
1053 259 1160 294 modo
1178 270 1235 303 ea,
1248 263 1292 295 U.
1305 262 1342 294 C.
1356 258 1432 294 ⁵⁶⁸.

122 335 200 371 quae
226 322 312 359 belli
329 320 418 369 jure
434 327 518 358 acta
535 326 631 365 sunt,
660 323 699 358 in
727 322 1021 370 disceptationem
1050 324 1197 360 veniunt
1213 325 1236 361 ,θ
1250 309 1288 340 Α·
1301 307 1340 339 C*
1360 312 1430 339 ¹⁸⁴⁹

121 399 275 435 quorum
310 391 430 423 tamen
461 387 622 422 maxima
652 398 743 434 pars
776 385 869 422 nihil
895 386 1056 435 pertinet
1086 387 1136 423 ad
1164 399 1239 426 nos.

123 452 299 489 Nostrum
324 457 389 495 est,
416 453 512 500 quod
530 452 753 488 evocavimus
780 463 837 488 eos
865 451 913 487 ad
930 462 1093 487 caussam
1117 451 1240 488 dicen-

121 517 221 559 dam,
251 518 313 565 qui
340 517 390 553 ad
417 528 521 553 arma
546 516 817 553 multitudinem
848 516 1065 558 exciverunt,
1085 516 1149 564 qui
1179 527 1242 551 ex·

117 589 373 633 pugnaverant
399 585 585 620 maritima
621 584 769 632 oppida,
808 584 870 632 qui
905 583 1148 631 diripuerant,
1178 585 1242 631 qui

120 648 253 686 caedem
275 650 483 698 principum
500 648 682 697 fecerant.
741 648 848 689 Quod
874 659 957 684 vero
975 648 1046 690 illi,
1062 648 1241 684 venientes

122 713 162 749 in
186 718 318 756 castra,
349 711 528 761 interfecti
551 717 647 755 sunt,
677 716 834 748 vestrum
862 717 927 755 est,
960 714 1059 748 Areu
1082 716 1118 748 et
1135 712 1239 749 Alci-

123 777 239 820 biade,
260 778 322 826 qui
346 789 440 813 nunc
457 789 531 819 nos,
551 778 582 813 si
601 777 688 812 Diis
703 777 838 825 placet,
859 777 1046 818 accusatis,
1066 788 1140 813 non
1156 788 1240 813 nos-
1287 763 1290 768 Ι

122 845 229 878 trum.
286 841 438 876 Exsules
465 840 820 876 Lacedaemoniorum
842 841 930 888 (quo
959 841 997 877 in
1023 851 1170 877 numero
1202 840 1241 876 hi

119 916 258 954 quoque
276 906 348 941 cluo
361 903 538 953 fuerunt)
571 908 607 940 et
636 909 722 941 tunc
739 904 919 940 nobiscum
936 909 1054 948 erant,
1072 909 1121 948 et,
1142 905 1239 953 quod

119 970 339 1007 domicilium
357 969 423 1006 sibi
452 969 661 1017 delegerant
679 970 867 1006 maritima
884 970 1034 1018 oppida,
1053 981 1090 1005 se
1103 971 1238 1018 petitos

118 1035 310 1078 credentes,
330 1036 369 1071 in
395 1046 465 1076 eos,
487 1046 634 1083 quorum
664 1045 775 1083 opera
788 1035 914 1082 patria
942 1039 1100 1071 extorres
1125 1046 1171 1070 ne
1197 1034 1237 1070 in

119 1103 199 1136 tuto
217 1100 360 1148 quidem
374 1100 496 1135 exsilio
511 1110 614 1147 posse
632 1110 872 1135 consenescere
884 1110 922 1135 se
936 1098 1235 1148 indignabantur,

120 1164 280 1211 inpetum
288 1161 474 1212 fecerunt.
507 1162 782 1199 ‚Lacedaemonii
799 1163 913 1210 igitur
931 1162 1234 1206 Lacedaemonios,

116 1238 189 1263 non
223 1227 362 1271 Achaei,
392 1227 675 1277 interfecerunt:
702 1238 779 1270 nec,
801 1224 889 1272 jure
917 1238 966 1263 an
990 1225 1128 1274 injuria
1155 1227 1236 1264 coesi

115 1291 202 1334 sint,
222 1294 472 1339 argumentari
488 1291 615 1341 refert.

168 1355 387 1392 XXXVII.
417 1357 469 1392 At
496 1357 590 1392 enim
619 1355 687 1391 illa
710 1359 805 1391 certe
829 1359 946 1390 vestra
968 1360 1066 1398 sunt,
1093 1354 1232 1399 Achaei,

115 1421 210 1470 quod
237 1421 329 1468 leges
355 1421 652 1468 disciplinamque
677 1419 952 1455 vetustissimam
978 1419 1138 1467 Lycurgi
1154 1431 1232 1456 sus-

117 1484 261 1529 tulistis,
279 1485 373 1532 quod
395 1496 516 1521 muros
535 1485 706 1520 diruistis.
764 1483 854 1524 Quae
870 1487 1026 1532 utraque
1044 1484 1088 1520 ab
1107 1484 1233 1521 iisdem

115 1547 219 1596 objici
247 1550 308 1597 qui
330 1552 476 1597 possunt
492 1549 513 1584 .9
541 1559 648 1596 quum
667 1547 765 1583 muri
788 1547 1069 1584 Lacedaemoniis
1086 1559 1158 1583 non
1186 1548 1231 1584 ab

117 1612 298 1661 Lycurgo,
317 1614 379 1649 sed
402 1624 536 1662 paucos
560 1616 646 1648 ante
662 1623 774 1648 annos
798 1611 847 1648 ad
875 1612 1135 1648 dissolvendam
1154 1611 1231 1661 Ly-

116 1678 219 1725 curgi
245 1678 471 1726 disciplinam
497 1678 667 1713 exstructi
683 1678 767 1714 sint.
828 1677 988 1724 Tyranni
1006 1678 1099 1712 enim
1117 1688 1233 1726 nuper

115 1752 187 1784 eote,
213 1753 332 1778 arcem
360 1747 397 1778 et
423 1743 684 1778 munimentum
707 1741 786 1783 sibi,
805 1752 876 1777 non
894 1742 1047 1784 civitati,
1073 1752 1245 1789 parave(

113 1809 212 1843 runt.
268 1805 332 1848 Et,
351 1806 382 1841 si
410 1807 556 1841 exsistat
574 1805 678 1841 hodie
705 1805 749 1840 ab
777 1804 902 1853 inferis
920 1803 1120 1853 Lycurgus,
1136 1817 1231 1853 gau·

115 1869 198 1905 deat
215 1869 328 1905 ruinis
345 1880 482 1911 eorum,
513 1873 549 1905 et
567 1881 659 1905 nunc
686 1880 723 1904 se
738 1870 901 1917 patriam
919 1872 955 1904 et
970 1868 1146 1916 Spartam
1164 1881 1232 1905 an·

115 1933 253 1982 tiquam
281 1944 470 1981 agnoscere
498 1934 609 1969 dicat.
666 1933 751 1969 Non
771 1931 1071 1980 Philopoemenem
1090 1944 1231 1982 exspec-

0 2000 2 2031 i
116 2001 208 2040 tare,
230 2009 295 2034 nec
326 1997 488 2042 Achaeos,
518 1999 582 2034 sed
605 2010 666 2034 vos
690 1999 773 2046 ipsi,
797 1997 1077 2040 Lacedaemonii,
1106 1998 1233 2034 ‘cestris

115 2061 277 2098 manibus
305 2063 449 2099 amoliri
474 2067 510 2099 et
538 2063 680 2099 diruere
708 2063 829 2098 omnia
857 2062 1058 2110 tyrannidis
1083 2063 1233 2110 vestigia

118 2124 294 2163 debuistis.
353 2127 485 2164 Vestrae
512 2129 606 2164 enim
633 2129 708 2163 illae
725 2125 902 2176 deformes
919 2127 1033 2163 veluti
1050 2128 1233 2164 cicatrices

115 2191 296 2226 servitutis
323 2196 449 2228 erant:
478 2197 527 2237 et,
550 2204 658 2242 quum
684 2193 759 2228 sine
786 2193 898 2228 muris
923 2204 990 2240 per
1015 2193 1234 2239 octingentos

114 2265 228 2302 prope
256 2265 366 2291 annos
393 2255 509 2300 liberi,
539 2257 736 2306 aliquando
757 2257 867 2293 etiam
884 2257 1065 2305 principes
1088 2256 1234 2293 Graeciae

104 2316 284 2367 fuissetis,
298 2321 423 2365 muris,
434 2321 532 2360 velut
547 2321 786 2372 compedibus,
799 2322 1030 2359 circumdatis
1042 2321 1154 2359 vincti
1162 2332 1233 2370 per

661 2385 702 2423 K
722 2386 746 2422 2
