1546 2648
334 106 489 135 Lmen
511 105 652 135 XLIV.
685 104 791 134 CAP.
816 105 995 135 xxxw.
1132 95 1213 148 467

106 196 182 232 suis
214 195 443 245 legionibus,
473 200 683 246 pugnatum
717 201 786 232 est.
843 194 1054 232 Missilibus
1083 195 1216 246 procul
1230 202 1408 236 U.C.5s4.

105 261 210 309 regia
235 259 376 296 auxilia
404 259 536 296 melius
567 258 812 310 pugnabant,
845 260 1016 296 cominus
1043 259 1216 297 stabilior
1227 247 1317 280 A’C·
1334 253 1406 279 ¹⁶⁸·

108 330 146 360 et
166 325 297 368 tutior,
317 331 383 361 aut
411 336 556 374 parma,
584 331 651 360 aut
679 329 787 361 scuto
816 324 1039 373 Ligustino,
1070 324 1216 362 Roma-

105 403 176 428 nus
209 397 302 428 erat.
356 390 518 427 Meridie
546 390 625 428 fere
656 392 825 442 receptui
859 392 944 428 cani
976 392 1051 428 suis
1085 391 1218 428 consul

97 455 236 505 jussit:
267 456 322 492 ita
342 468 387 491 eo
407 456 467 491 (ie
487 455 687 492 diremtum
711 456 888 506 proelium
907 463 978 500 est,
999 457 1099 493 haud
1122 470 1216 506 pau-

103 521 155 556 cis
177 521 364 569 utrimque
386 520 608 558 in.erfectiS.
666 521 755 558 Sole
775 528 861 558 orto
888 528 1042 572 postero
1063 521 1136 564 die,
1163 522 1215 557 ir-

102 587 225 622 ritatis
259 588 465 623 certamine
498 588 648 631 animis,
682 588 797 624 etiam
834 589 956 625 acrius
989 600 1216 625 concursum

103 658 182 686 est:
215 651 281 686 sed
307 650 488 694 Romani,
518 664 595 687 non
627 651 673 688 ab
693 652 750 688 his
779 658 944 695 tantum,
974 664 1060 688 cum
1079 652 1215 701 quibus

103 721 341 751 contractum
364 722 556 752 certath
585 723 679 759 erat,
709 716 775 752 sed
803 716 924 752 multo
952 717 1071 765 magis
1102 716 1149 753 ab
1170 728 1217 752 ea

101 778 357 822 multitudine,
378 793 460 828 quae
481 780 664 830 disposita
689 781 730 817 in
755 780 921 817 turribus
949 780 1216 824 stabat‚‘omni

102 855 239 890 genere
260 844 459 879 missilium
479 844 641 881 telorum
668 859 711 881 ac
731 845 829 881 saxis
856 846 1020 882 maxime
1039 845 1214 882 vulnera-

98 905 250 943 bantur.
309 907 387 943 Ubi
408 909 563 958 propius
584 909 704 958 ripam
719 909 889 946 hostium
908 910 1112 954 subissent,
1132 916 1214 946 tor-

99 971 236 1007 mentis
259 971 374 1007 missa
393 972 506 1008 etiam
529 972 576 1008 ad
597 972 751 1009 ultimos
772 973 1054 1023 perveniebant.
1108 973 1214 1009 Mul-

101 1040 141 1069 to
161 1033 330 1083 pluribus
358 1047 404 1070 eo
425 1035 486 1071 die
505 1037 666 1080 amissis,
697 1037 828 1073 consul
858 1036 986 1087 paullo
1007 1037 1124 1073 serius
1154 1050 1214 1073 re-

102 1098 203 1147 cepit
226 1110 326 1134 suos.
381 1097 516 1134 Tertio
543 1099 602 1135 die
629 1100 765 1149 proelio
792 1101 990 1144 abstinuit,
1017 1100 1213 1148 degressus

100 1161 282 1198 adimam
313 1168 458 1212 partem
488 1170 712 1207 castrorum,
733 1164 848 1201 veluti
877 1178 944 1215 per
972 1164 1154 1201 devexum
1175 1166 1216 1202 in

98 1237 201 1261 mare
220 1225 417 1262 brachium
437 1229 640 1265 transitum
660 1235 887 1266 tentaturus.
917 1229 1091 1273 Perseus,
1112 1229 1214 1280 quod

97 1291 137 1326 in
157 1291 275 1329 oculis
296 1300 391 1336 erat,

355 1373 379 1395 κ-
546 1373 570 1396 ÷÷
736 1370 760 1392 ει
924 1373 949 1397 ae

151 1422 347 1460 XXXVI.
369 1426 394 1448 ὕ
415 1426 439 1448 ³⁶
462 1427 485 1450 ἥ
506 1424 596 1460 anni
616 1429 704 1474 post
724 1424 994 1460 circumactum
1006 1423 1211 1460 solstitium
1225 1426 1364 1476 AEmilii·

93 1496 204 1533 erat3
245 1489 342 1525 hora
373 1490 447 1525 diei
472 1488 556 1539 jam
583 1490 631 1525 ad
660 1489 851 1526 meridiem
883 1488 1066 1538 vergebat
1081 1505 1092 1536 3
1138 1490 1211 1526 iter
1225 1478 1399 1501 cunmat'o'

95 1553 216 1590 multo
235 1554 388 1603 pulvere
407 1562 444 1590 et
464 1555 717 1591 incalescente
737 1554 816 1591 sole
833 1554 978 1592 factum
998 1562 1102 1592 erat:
1133 1550 1227 1593 las-l

94 1619 219 1654 situdo
240 1625 277 1654 et
297 1619 377 1654 sitis
401 1618 483 1669 jam
504 1608 751 1662 sentiebatur,
773 1625 824 1663 et,
844 1619 1000 1656 meridie
1025 1620 1206 1665 instante,

94 1683 214 1731 magis
235 1695 472 1720 accessurum
491 1689 693 1732 utrumque
709 1683 926 1734 adparebat.
983 1684 1127 1721 Statuit
1153 1685 1207 1722 sic

93 1746 262 1795 adfectos
296 1748 438 1783 recenti
468 1754 582 1796 atque
611 1748 762 1796 integro
789 1748 891 1784 hosti
919 1760 998 1784 non
1027 1748 1206 1799 objicere.

94 1811 167 1847 Sed
185 1817 314 1847 tantus
337 1811 449 1848 ardor
477 1812 517 1847 in
546 1813 681 1848 animis
712 1813 759 1849 ad
788 1813 1043 1849 dimicandum
1073 1815 1207 1850 utrim-

94 1888 167 1924 que
186 1882 279 1919 erat,
300 1882 343 1912 ut
364 1875 512 1912 consuli
539 1889 618 1913 non
646 1877 794 1914 minore
822 1884 903 1914 arte
932 1878 979 1913 ad
1008 1890 1096 1914 suos
1125 1877 1205 1914 elu—

92 1940 249 1983 dendos,
270 1953 382 1990 quam
402 1941 449 1977 ad
466 1941 612 1984 hostes,
634 1954 728 1992 opus
749 1947 859 1979 esset.
915 1941 1099 1978 Nondum
1121 1954 1203 1978 om-

92 2004 202 2042 nibus
222 2006 430 2050 instructis,
449 2007 618 2044 instabat
636 2008 799 2044 tribunis
818 2005 996 2051 militum,
1016 2015 1059 2045 ut
1079 2015 1204 2045 matu-

93 2076 219 2105 rarent
251 2071 457 2108 instruere:
492 2072 716 2109 circumibat
747 2073 827 2122 ipse
861 2072 1026 2116 ordines,
1057 2073 1202 2110 animos

94 2131 256 2169 militum
273 2135 463 2172 hortando
482 2137 522 2173 in
541 2149 710 2186 pugnam
730 2136 972 2174 accendebat.
1005 2136 1066 2174 Ibi
1082 2138 1204 2188 primo

92 2195 233 2234 alacres
253 2198 401 2248 signum
423 2201 635 2252 poscebant
652 2217 660 2238 ε
694 2202 842 2247 deinde,
862 2207 1045 2252 quantum
1063 2203 1204 2239 incres-

611 2265 696 2303 X6
