1546 2648
124 276 168 308 U.
179 277 215 309 c.
235 282 308 309 563.

121 319 165 353 A.
179 320 216 351 C.
236 328 308 354 189.

125 841 281 872 Fundito-

127 894 175 915 res
186 885 308 916 Achaei.

118 2234 192 2264 Cos.
200 2233 233 2264 in
243 2233 299 2264 Pe-

118 2277 274 2316 loponne-

115 2330 193 2350 sum
206 2321 291 2360 traji-

120 2363 175 2394 cit.

323 180 404 213 112
475 214 479 221 ,
782 178 827 207 τ.
850 178 984 208 mvn

322 280 470 320 semper
481 266 596 319 juxta
614 265 778 304 validum
797 281 866 318 pro
886 269 1012 305 diruto
1031 280 1170 305 novum
1191 268 1432 306 obstruentes

320 345 470 371 murum
483 348 494 378 3
526 331 657 376 altera,
679 333 940 382 eruptionibus
968 332 1116 377 subitis,
1138 346 1238 370 nunc
1257 335 1297 370 in
1317 345 1433 383 opera

319 398 503 441 hostium,
524 409 624 433 nunc
644 396 681 432 in
703 397 885 433 stationes
902 412 909 433 z
933 403 971 433 et
989 396 1208 447 plerumque
1223 399 1268 434 iis
1288 397 1432 448 proeliis

321 461 531 512 superiores
552 468 670 497 erant.
731 460 817 497 Una
841 461 887 497 ad
906 461 1134 498 coercendos
1159 462 1315 498 inventa
1332 461 1434 498 haud

318 538 460 574 magna
487 531 697 562 memoratu
731 535 789 560 res
819 531 887 562 est.
945 526 1109 562 Centum
1141 526 1352 563 funditores
1382 524 1430 561 ab

320 589 439 638 AEgio
460 595 496 625 et
514 589 639 625 Patris
667 594 704 623 et
727 587 864 637 Dymis
884 588 1009 625 adciti.
1066 590 1102 625 A
1117 591 1242 639 pueris
1263 590 1303 633 ii,
1324 600 1430 625 more

320 653 483 702 quodam
504 653 643 700 gentis,
664 651 763 688 saxis
791 651 973 700 globosis,
997 652 1134 701 quibus
1163 653 1281 689 ferme
1307 664 1430 688 arenae

321 717 491 753 inmixtis
512 723 630 752 strata
649 715 762 751 litora
781 722 882 758 sunt,
902 714 1021 752 funda
1046 728 1149 752 mare
1174 722 1346 765 apertum
1371 716 1430 751 in-

322 787 524 823 cessentes,
556 779 850 816 exercebantur:
883 780 1010 829 itaque
1038 780 1189 829 longius
1219 780 1432 829 certiusque

323 853 361 881 et
379 844 560 881 validiore
578 844 670 885 ictu,
693 856 803 892 quam
823 843 985 880 Baliaris
1005 844 1190 888 funditor,
1211 857 1257 880 eo
1276 843 1354 880 telo
1374 843 1432 879 usi

320 916 407 946 sunt
424 924 431 945 :
464 915 502 945 et
521 914 577 944 est
591 921 669 944 non
685 907 863 958 simplicis
879 908 1051 952 habenae,
1069 915 1111 945 ut
1130 909 1319 945 Baliarica
1335 907 1428 944 alia-

319 986 476 1023 rumque
495 973 665 1022 gentium
684 972 821 1009 funda:
854 973 917 1008 sed
943 973 1080 1023 triplex
1107 973 1264 1016 scutale,
1291 972 1431 1009 crebris

319 1038 458 1074 suturis
482 1038 670 1080 duratum,
692 1050 739 1072 ne
765 1036 866 1073 fluxa
885 1037 1036 1073 habena
1054 1036 1245 1073 volutetur
1263 1037 1302 1073 in
1316 1036 1426 1087 jactu

318 1102 442 1152 glans,
463 1102 541 1144 sed,
562 1101 699 1138 librata
723 1113 837 1150 quum
868 1101 1020 1144 sederit,
1045 1100 1147 1137 velut
1174 1113 1291 1137 nervo
1317 1102 1432 1137 missa

320 1167 556 1203 excutiatur:
590 1177 750 1202 coronas
771 1165 910 1201 modici
930 1165 1061 1201 circuli
1087 1178 1228 1213 magno
1248 1178 1295 1202 ex
1313 1166 1432 1202 inter-

318 1229 419 1266 vallo
447 1229 521 1265 loci
549 1229 695 1265 ¹adsueti
715 1227 904 1278 trajicere,
933 1241 1011 1264 non
1039 1229 1165 1279 capita
1186 1229 1308 1265 solum
1340 1229 1431 1265 hos·

318 1295 415 1330 tium
437 1292 697 1335 vulnerabant,
718 1294 783 1330 sed
802 1307 912 1344 quem
930 1294 1057 1331 locum
1073 1295 1324 1331 destinassent
1340 1296 1428 1333 oris.

317 1358 385 1394 Eae
404 1357 530 1394 fundae
552 1358 716 1394 Sarnaeos
733 1358 999 1402 cohibuerunt,
1014 1372 1062 1395 ne
1077 1365 1156 1396 tam
1173 1358 1319 1402 crebro,
1337 1372 1430 1396 neve

318 1429 397 1459 tam
427 1422 606 1458 audacter
632 1428 894 1472 erumperent:
927 1422 1022 1458 adeo
1053 1428 1093 1458 ut
1120 1416 1363 1473 precarentur
1383 1435 1429 1460 ex

315 1487 432 1522 muris
449 1486 627 1529 Achaeos,
646 1492 686 1521 ut
705 1498 906 1537 parumper
922 1485 1191 1532 abscederent,
1214 1478 1253 1522 et
1272 1498 1325 1529 se,
1342 1499 1428 1523 cum

315 1549 502 1586 Romanis
536 1549 764 1586 stationibus
792 1555 1022 1599 pugnantes,
1046 1550 1172 1599 quiete
1202 1556 1428 1600 spectarent.

316 1614 493 1653 Quatuor
512 1626 658 1650 menses
681 1612 919 1649 obsidionem
946 1613 1056 1649 Same
1083 1613 1281 1649 sustinuit:
1312 1625 1429 1662 quum

316 1691 363 1715 ex
379 1678 508 1729 paucis
528 1678 695 1727 quotidie
715 1677 830 1727 aliqui
851 1690 980 1714 eorum
1000 1677 1190 1720 caderent,
1212 1683 1276 1713 aut
1295 1677 1427 1714 vulne-

315 1748 503 1786 rarentur,
524 1748 575 1785 et,
596 1742 660 1791 qui
689 1748 923 1791 superarent,
952 1742 1042 1778 fessi
1074 1748 1112 1778 et
1144 1741 1366 1792 corporibus
1389 1747 1431 1778 et

314 1808 450 1844 animis
471 1812 620 1851 essent3
641 1805 808 1842 Romani
825 1813 938 1842 nocte
957 1818 1023 1856 per
1039 1818 1177 1849 arcem,
1198 1818 1308 1855 quam
1324 1805 1424 1854 Cya-

313 1872 431 1908 tidem
450 1878 602 1913 vocant‚
632 1871 738 1919 (nam
764 1870 867 1914 urbs,
888 1871 927 1906 in
953 1883 1055 1907 mare
1084 1871 1239 1912 devexa,
1263 1870 1302 1905 in
1322 1870 1424 1906 occi·

313 1936 465 1972 dentem
493 1934 632 1982 vergit)
660 1947 768 1970 muro
797 1940 989 1984 superato,
1019 1935 1058 1970 in
1087 1934 1213 1970 forum
1242 1945 1424 1983 pervene-

311 2005 412 2035 runt.
471 1999 621 2042 Samaei,
658 2003 858 2048 postquam
891 2003 1041 2048 captam
1070 1997 1172 2034 urbis
1205 2003 1350 2047 partem
1377 1996 1426 2034 ab

311 2062 489 2100 hostibus
523 2069 734 2106 senserunt,
765 2075 851 2099 cum
883 2061 1109 2113 conjugibus
1146 2074 1190 2098 ac
1222 2060 1349 2097 liberis
1383 2061 1425 2098 in

312 2126 496 2177 majorem
515 2126 736 2175 refugerunt
755 2138 898 2162 arcem:
931 2126 1017 2161 inde
1036 2130 1193 2175 postero
1213 2124 1272 2161 die
1290 2124 1423 2169 dediti,

313 2190 459 2240 direpta
475 2189 581 2232 urbe,
602 2189 671 2225 sub
692 2202 834 2225 corona
853 2201 984 2225 omnes
1004 2189 1217 2224 venierunt.

366 2252 504 2290 XXX.
543 2252 700 2296 Consul,
739 2253 959 2303 compositis
996 2251 1108 2289 rebus
1153 2250 1424 2303 Cephalleniae‚

311 2317 485 2371 praesidio
506 2316 627 2355 Samae
646 2317 828 2369 inposit0,
853 2317 892 2354 in
917 2316 1239 2369 Peloponnesum,
1257 2314 1342 2367 jam
1359 2315 1424 2353 diu
