1546 2648
358 162 513 191 unm
537 159 743 190 xxxvn.
778 159 886 188 cAP.
909 159 1013 190 L1v.
1193 147 1246 201 67

125 262 244 288 omnes
260 263 342 288 vero
362 253 457 288 datoe
482 253 648 289 maximis
666 264 746 288 eum
772 251 911 299 regibus
934 261 1086 299 oequare.
1142 249 1248 286 Licet

125 328 207 363 ergo
232 317 338 359 vobis,
360 322 395 353 et
414 319 572 366 praemiis
598 317 681 353 belli
702 318 821 353 (litare
841 317 965 358 socios,
986 321 1021 351 et
1051 327 1120 351 non
1146 316 1246 351 ‹lece-

122 381 204 416 dere
224 382 386 417 instituto
405 387 531 425 vestro,
552 387 587 418 et
613 383 825 424 meminisse,
846 393 949 429 quem
978 380 1125 416 titulum
1150 392 1246 428 prae-

126 446 309 481 tenderitis
342 447 444 494 prius
479 447 649 482 adi-ersus
681 446 909 494 Philippum,
948 456 1044 480 nunc
1081 444 1249 480 adversus

124 509 357 552 Antiochum,
380 510 488 547 belli:
517 512 605 559 quid
613 509 793 559 feceritis,
816 510 990 558 Philippo
1009 510 1104 545 victo
1117 524 1127 553 3
1162 509 1249 557 quid

123 586 216 610 nunc
245 587 268 610 a
296 575 403 617 vobis,
427 587 495 611 non
525 577 640 623 magis
669 577 754 624 quia
772 574 932 624 fecistiS,
959 587 1068 623 quum
1094 574 1179 622 quia
1208 573 1248 609 id

120 651 180 675 vos
197 638 328 688 facere
357 641 469 683 decet,
491 641 709 676 desideretur
734 646 842 690 atque
869 644 1100 688 exspectetur.
1157 639 1247 674 Alia

121 706 213 741 enim
235 706 318 741 aliis
335 710 371 741 et
389 705 535 741 honesta
554 710 605 741 est
630 711 664 741 et
685 706 882 755 probabilis
901 718 1027 741 caussa
1049 716 1246 740 armorum.

1263 257 1302 287 U.
1317 256 1353 287 C.
1370 262 1443 289 563.

1258 302 1297 330 A.
1312 301 1350 332 C.
1369 309 1444 334 189·

120 770 185 806 Illi
214 783 356 818 agrum,
384 771 421 807 lii
452 772 559 814 vicos,
594 772 632 807 Izi
664 773 811 820 oppida,
842 771 880 807 hi
905 775 1047 820 portus,
1077 781 1271 818 oramque

120 836 282 884 aliquam
310 838 422 872 maris
449 841 490 872 ut
516 838 733 885 possideant.
795 837 862 872 Vos
890 849 954 872 nec
981 837 1128 884 cupistis
1157 835 1244 878 lzaec,

119 905 313 949 antequam
343 901 544 938 haberetis:
574 914 637 938 nec
664 915 772 945 nunc,
803 914 913 950 quum
941 902 1034 937 orbis
1063 906 1245 936 terrarum

119 967 156 1002 in
176 967 311 1002 ditione
330 971 447 1002 vestra
470 969 530 1010 sit,
553 979 679 1016 cupere
701 968 861 1015 potestis.
918 967 994 1002 Pro
1013 967 1192 1013 dignitate
1209 969 1246 1001 et

115 1031 235 1078 gloria
258 1033 358 1079 apud
380 1044 483 1068 omne
505 1043 617 1080 genus
639 1031 850 1071 humanum,
871 1032 966 1078 quod
994 1035 1148 1066 vestrum
1176 1042 1244 1066 no-

118 1107 198 1131 men
228 1097 484 1146 imperiumque
502 1095 614 1144 juxta
636 1109 680 1133 ac
698 1097 800 1133 Deos
828 1096 1036 1132 inmortales
1055 1094 1137 1142 jam
1162 1097 1244 1144 pri-

118 1160 198 1196 dem
223 1161 396 1204 intuetur,
426 1163 638 1209 pugnastis:
667 1173 744 1210 quce
771 1173 904 1209 parare
931 1164 967 1196 et
994 1158 1153 1209 quoerere
1181 1172 1243 1195 ar-

117 1225 227 1260 duum
243 1224 341 1273 fuit,
363 1227 476 1262 nescio
504 1239 552 1261 an
583 1227 676 1262 tueri
704 1226 888 1274 difficilius
915 1227 974 1262 sit.
1037 1226 1160 1262 Gentis
1180 1237 1242 1262 ve·

116 1290 318 1326 tustissimae
332 1290 636 1338 nobilissimaeque,
650 1289 828 1338 velfama
844 1302 961 1326 rerum
976 1294 1172 1337 gestarum,
1186 1289 1243 1326 vel

115 1356 212 1392 omni
236 1356 544 1391 commendatione
568 1355 806 1391 humanitatis
831 1357 1158 1403 doctrinarumque,
1181 1360 1241 1391 tu-

114 1421 243 1457 endam
262 1421 306 1456 ab
323 1422 468 1457 servitio
486 1423 584 1469 regio
605 1421 805 1457 libertatem
826 1423 1054 1469 suscepistis:
1082 1421 1149 1457 hoc
1166 1433 1239 1469 pa-

114 1486 302 1521 trocinium
334 1490 486 1534 receptoe
513 1487 551 1521 in
570 1486 687 1535 fidem
716 1490 751 1522 et
785 1487 820 1521 in
850 1486 1055 1521 clientelam
1082 1490 1240 1522 vestram

110 1551 281 1587 universae
306 1552 423 1598 gentis
442 1556 658 1599 perpetuum
686 1563 746 1587 vos
769 1556 943 1599 praestare
968 1553 1079 1587 decet.
1138 1551 1238 1594 Non,

113 1629 190 1666 quae
217 1619 254 1653 in
281 1619 357 1653 solo
386 1619 493 1654 modo
526 1619 674 1666 antiquo
706 1623 802 1660 sunt,
836 1619 969 1653 Graecce
995 1618 1111 1665 magis
1136 1617 1239 1653 urbes

110 1686 208 1724 sunt,
230 1695 338 1731 quam
357 1684 504 1719 coconiae
521 1695 658 1726 earum,
682 1684 783 1719 illinc
802 1684 981 1731 quondum
1008 1681 1182 1730 profecta.²
1201 1683 1257 1730 inf

113 1747 251 1784 Asiam.
309 1749 387 1785 Nec
413 1753 512 1785 terra
532 1754 674 1785 mutata
699 1750 856 1785 mutavit
871 1761 982 1796 genus
1004 1753 1068 1784 aut
1099 1759 1212 1784 mores
1225 1762 1239 1784 .·

112 1817 251 1850 certare
272 1815 333 1861 pio
353 1815 547 1850 certamine
569 1813 756 1860 cujuslibet
778 1815 875 1850 bonae
903 1816 995 1850 artis
1023 1826 1066 1849 ac
1092 1814 1239 1849 virtutis

110 1879 190 1913 ausi
209 1890 330 1914 sumus
355 1891 435 1915 cum
457 1880 666 1927 parentibus
695 1892 842 1928 quicque
863 1881 989 1915 civitas
1009 1883 1045 1914 et
1073 1880 1237 1914 condito-

109 1942 206 1978 ribus
234 1944 316 1979 suis.
374 1945 512 1980 Adistis
536 1946 695 1988 Graecioe,
730 1946 857 1981 adistis
874 1945 971 1980 Asiae
998 1944 1100 1979 urbes
1121 1944 1236 1991 pleri-

112 2019 204 2054 que:
231 2009 300 2044 nisi
325 2010 420 2056 quod
449 2010 589 2057 longius
617 2022 640 2045 a
668 2011 764 2047 vobis
792 2011 969 2051 absumus,
992 2009 1095 2045 nulla
1123 2009 1238 2044 vinci-

111 2083 192 2107 mur
210 2073 286 2108 alia
303 2086 352 2109 re.
410 2074 662 2117 Massilienses,
684 2087 783 2123 quos,
803 2076 834 2110 si
852 2079 985 2110 natura
1005 2075 1113 2109 insita
1140 2073 1238 2109 velut

112 2137 252 2183 ingenio
279 2143 383 2174 terra>
406 2140 502 2176 vinci
525 2145 656 2188 posset,
677 2139 760 2187 jam
780 2141 919 2188 pridem
951 2140 1153 2189 efferassent
1184 2141 1238 2174 tot

111 2204 293 2240 indomitae
317 2205 544 2254 circumfusae
567 2212 702 2255 gentes,
723 2209 760 2242 in
789 2219 829 2242 eo
859 2207 1003 2247 honore,
1024 2206 1062 2240 in
1090 2217 1131 2240 ec:
1161 2215 1235 2239 me-

109 2267 182 2302 rito
215 2268 392 2314 dignitate
421 2272 587 2307 audimus
616 2273 713 2320 apud
746 2284 806 2308 vos
835 2283 919 2314 esse,
949 2283 992 2307 ac
1016 2271 1047 2306 si
1074 2270 1233 2306 medium

108 2331 317 2381 unibilicum
341 2334 489 2371 Graeciae
517 2337 736 2373 incolerent:
766 2348 838 2373 non
864 2337 958 2375 enim
983 2347 1106 2372 sonum
1127 2335 1233 2371 modo
