1546 2648
317 174 474 206 Lmen
498 173 680 205 xxxlx.
712 175 819 204 CAP.
842 177 959 208 κων.
1116 176 1198 225 205

94 277 176 316 quae
204 264 341 303 Porcia
371 264 558 315 adpellata
595 267 664 303 est.
719 264 773 302 Et
806 266 1008 316 vectigalia
1043 271 1197 307 summis
1211 270 1307 302 U·C·
1327 276 1404 303 56⁸·

91 329 236 379 pretiis,
258 328 357 366 ultro
384 329 529 366 tributa
547 329 684 366 infimis
705 328 926 366 locaverunt
943 346 950 367 :
985 344 1075 380 quas
1096 332 1199 370 loca·
1211 316 1250 347 Α·
1266 315 1304 347 C·
1322 321 1395 346 184.

93 393 216 429 tiones
246 406 361 443 quum
380 400 547 436 senatus,
568 392 742 443 precibus
769 400 808 429 et
836 393 999 429 lacrimis
1029 395 1200 445 publica-

91 467 227 494 norum
245 458 380 501 victus,
400 456 527 493 induci
557 462 596 493 et
615 457 660 493 de
685 457 836 506 integro
861 456 977 493 locari
992 457 1170 508 jussisset
1186 476 1197 506 ς

90 532 279 565 censores,
314 521 438 557 edicto
472 520 656 557 submotis
687 519 734 557 ab
766 520 890 564 hasta,
922 521 985 570 qui
1019 521 1202 560 ludificati

88 585 254 635 priorem
272 585 502 622 locationem
522 592 644 629 erant,
662 585 791 621 omnia
807 585 936 621 eadem
953 586 1121 636 paullum
1140 589 1200 625 in-

87 648 244 685 minutis
281 650 412 700 pretiis
443 649 676 686 locaverunt.
732 647 885 685 Nobilis
919 662 1078 687 censura
1112 651 1200 696 fuit,

89 712 413 762 simultatiumque
440 713 580 763 plena3
614 727 696 763 quae
720 713 777 749 M.
798 713 975 751 Porcium
999 715 1077 762 (cui
1097 725 1202 753 acer-

89 775 188 813 bitas
217 790 262 814 ea
291 778 578 827 adsignabatur)
611 791 678 828 per
700 791 851 814 omnem
878 779 994 815 vitam
1024 793 1201 817 exercue—

88 846 189 877 runt.
245 841 392 878 Eodem
414 855 516 878 anno
536 841 697 877 coloniae
717 842 814 884 duae,
835 842 1014 879 Potentia
1034 844 1071 879 in
1091 844 1201 882 Pice-

88 916 194 947 num,
222 904 422 941 Pisaurum
446 906 486 941 in
522 905 712 941 Gallicum
735 917 882 953 agrum,
903 905 1070 943 dedu'ctae
1101 915 1202 947 sunt.

91 966 190 1004 Sena
201 966 340 1017 jugera
358 969 398 1004 in
417 968 588 1017 singulos
606 968 695 1004 data
710 983 717 1002 ε
741 968 950 1005 diviserunt
968 983 1115 1019 agrum,
1137 985 1202 1009 co·

87 1029 285 1081 Ioniasque
304 1032 541 1068 deduxerunt
559 1032 673 1068 iidem
699 1032 862 1075 tresviri,
884 1033 935 1070 Q.
955 1033 1095 1070 Fabius
1125 1035 1202 1072 La-

87 1093 177 1140 beo,
198 1102 236 1133 et
253 1096 310 1134 M.
329 1102 366 1132 et
384 1097 432 1136 Q.
452 1096 591 1139 Fulvii,
612 1096 770 1133 Flaccus
791 1103 830 1132 et
847 1096 1040 1135 Nobilior.
1098 1099 1202 1136 Con-

92 1159 189 1197 sules
220 1160 299 1211 ejus
329 1163 418 1197 anni
448 1174 518 1198 nec
548 1161 651 1198 domi
680 1174 750 1197 nec
781 1161 926 1198 militiae
956 1164 1202 1201 memorabile

91 1226 293 1274 quidquam
313 1233 488 1274 egerunt.

143 1288 268 1327 XLV.
299 1290 347 1326 In
374 1292 635 1340 insequentem
664 1305 806 1329 annum
835 1299 1010 1330 crearunt
1029 1294 1202 1331 consules
1215 1304 1259 1335 U.
1272 1304 1309 1336 Φ.
1325 1311 1397 1339 569.

88 1351 146 1391 JM.
178 1353 376 1391 Claudium
410 1354 652 1399 Marcellum,
690 1357 738 1396 Q.
773 1356 934 1393 Fabium
968 1348 1398 1397 Labeonem.A·C·¹⁸³·

18 1407 26 1413 .
88 1417 146 1456 ΖΜ.
162 1410 354 1462 Claudius,
374 1419 426 1459 Q.
441 1419 581 1456 Fabius
603 1419 734 1457 Idibus
753 1420 921 1465 Martiis,
938 1435 1015 1471 quo
1031 1422 1090 1459 die
1111 1437 1203 1460 con-

90 1482 252 1520 sulatum
272 1484 453 1528 inierunt,
471 1485 515 1521 de
533 1485 738 1535 provinciis
755 1486 831 1521 suis
848 1492 1130 1536 praetorumqioe
1145 1501 1204 1524 re·-

90 1547 270 1585 tulerunt.
327 1548 513 1585 Praetores
545 1550 659 1586 creati
681 1556 789 1586 erant
808 1550 853 1587 C.
872 1549 1046 1587 Valerius
1066 1551 1205 1590 flamen

91 1610 228 1655 Dialis,
245 1613 309 1662 qui
329 1620 367 1649 et
385 1614 510 1663 priore
530 1627 631 1650 anno
651 1615 827 1663 petierat,
846 1620 884 1650 et
904 1615 967 1664 Sp.
985 1615 1203 1653 Postumius
1246 1660 1253 1665 s

91 1676 266 1720 Albinus,
288 1683 326 1713 et
345 1677 386 1715 P.
408 1678 608 1714 Cornelius
630 1679 803 1722 Sisenna,
824 1678 871 1715 L.
892 1679 1050 1729 Pupius,
1069 1680 1116 1717 L.
1134 1680 1206 1717 Ju-

89 1739 176 1785 lius,
198 1742 268 1778 Cn.
290 1742 466 1780 Sicinius.
523 1742 756 1779 Consulibus
786 1742 947 1792 Ligures
968 1756 1053 1779 cum
1072 1745 1207 1782 iisdem

91 1807 334 1851 exercitibus,
364 1819 460 1857 quos
481 1808 524 1845 P.
546 1807 725 1844 Claudius
756 1813 795 1843 et
817 1807 864 1844 L.
884 1807 1042 1844 Porcius
1062 1809 1207 1846 habue-

90 1876 190 1913 rant,
207 1872 403 1921 provincia
423 1872 573 1909 decreta
594 1879 662 1909 est.
720 1871 918 1922 Hispaniae
939 1880 1046 1909 extra
1065 1880 1207 1911 sortem

91 1936 226 1985 prioris
247 1938 336 1973 anni
366 1937 589 1987 praetoribus
622 1950 708 1973 cum
735 1937 810 1972 suis
832 1937 1059 1972 exercitibus
1081 1950 1208 1974 serva-

93 2006 154 2036 tae.
209 1999 395 2037 Praetores
416 2003 470 2037 ita
489 2002 616 2037 sortiri
629 2000 743 2051 jussi,
766 2001 819 2036 uti
840 2000 985 2036 flamini
1005 2001 1107 2037 Diali
1131 2003 1206 2038 uti-

93 2075 166 2112 que-
185 2064 411 2116 alterajuris
435 2067 583 2102 dicendi
602 2066 737 2101 Romae
758 2065 955 2115 provincia
977 2073 1080 2101 esset
1098 2080 1106 2101 t
1139 2079 1206 2116 pe-

94 2128 282 2174 regrinam
314 2137 370 2166 est
404 2132 571 2167 sortitus.
630 2130 797 2166 Siser-inae
832 2128 1014 2165 Cornelio
1045 2129 1204 2175 urbana,

97 2189 161 2240 Sp.
190 2190 387 2230 Postumio
426 2195 568 2238 Sicilia,
606 2194 653 2231 L.
684 2194 807 2243 Pupio
845 2192 999 2242 Apulia,
1033 2192 1080 2230 L.
1100 2193 1213 2231 Julio

91 2253 235 2299 Gallia,
258 2257 328 2294 Cn.
345 2258 488 2296 Sicinio
518 2259 694 2296 Sardinia
722 2259 860 2295 evenit.
917 2257 962 2295 L.
983 2257 1007 2293 J
1012 2258 1105 2294 nlius
1127 2271 1208 2294 ma-

89 2325 297 2360 mareest
316 2322 460 2375 jussus.
517 2325 616 2364 Galli
646 2323 905 2376 Transalpini,
925 2336 993 2375 per
1012 2322 1128 2360 saltus
1149 2323 1208 2371 ig,

154 2381 164 2395 ι
