1546 2648
379 194 537 222 Lmen
563 193 668 222 xm.
701 191 808 223 cAP.
828 195 936 223 xxx.
1128 196 1213 238 309

101 279 229 318 Roma
247 284 394 332 magnis
414 284 577 334 praemiis
597 288 750 335 paratos
771 282 999 332 gladiatores
1026 296 1215 320 arcessere

103 345 235 383 solitus
256 354 350 391 erat,
359 347 442 398 jam
463 360 542 384 suo·

361 436 386 459 θ(-
556 436 578 459 ss·
743 435 768 459 *K*
934 436 958 459 4(-

152 538 269 576 XXI.
301 542 326 566 ³⁶
338 542 361 565 Ἃ·
374 541 398 565 ³⁶
418 541 482 590 pio
502 540 601 575 inter
617 539 849 590 peregrinos.
901 539 957 576 M.
975 539 1096 576 Atilio
1117 554 1211 590 prae-
1227 545 1268 574 U.
1282 543 1319 574 C.
1337 550 1412 581 57⁸.

99 603 175 638 tori
195 604 390 652 provincia
410 603 583 639 Sardinia
603 601 810 639 obvenerat
828 618 834 638 :
868 603 933 638 sed
953 616 1037 639 cum
1063 603 1212 652 legione
1224 589 1265 618 A'
1281 586 1318 616 C'
1338 594 1411 622 174.

101 678 214 708 nova,
236 679 349 715 quam
368 666 545 702 consules
572 667 888 715 conscripserant,
909 668 1076 716 quinque
1102 667 1215 704 milli-

100 728 170 765 bus
191 730 374 780 peditum,
395 731 574 766 trecentis
595 729 799 778 equitibus,
821 730 860 766 in
881 730 1213 780 C01·sicamjussus

101 798 158 828 est
188 795 371 829 transire:
405 794 493 829 dum
530 793 560 828 is
591 793 643 828 ibi
674 793 816 828 bellum
840 801 1000 841 gereret,
1035 795 1215 832 Cornelio

99 863 346 906 prorogatum
362 858 575 906 imperium,
594 857 647 892 uti
669 856 861 892 obtineret
881 857 1103 895 Sardiniam.
1143 860 1213 897 Cn.

101 919 259 956 Ser-vilio
293 921 466 971 Caepioni
503 921 544 956 in
580 920 811 969 Hispaniam
841 921 1071 965 ulteriorem,
1102 930 1139 959 et
1168 924 1212 962 P.

98 984 215 1021 Furio
235 985 347 1022 Philo
368 987 406 1021 in
424 986 637 1021 citeriomm
658 986 729 1020 tria
749 985 867 1021 millia
882 986 1050 1035 peditum
1068 987 1212 1024 Roma-

99 1061 249 1092 norum,
271 1051 414 1099 equites
437 1057 589 1086 centum
609 1050 897 1099 quinquaginta,
916 1055 954 1085 et
973 1051 1119 1087 sociam
1134 1052 1211 1106 I<a-

99 1113 171 1149 tini
201 1101 365 1149 nominis
387 1114 552 1163 quinque
572 1113 690 1148 millia
717 1113 899 1162 peditum,
919 1116 1080 1150 trecenti
1106 1117 1211 1165 equi-

99 1183 178 1212 tes:
210 1177 340 1213 Sicilia
375 1178 421 1213 L.
439 1178 600 1214 Claudio
638 1178 718 1213 sine
755 1177 1017 1227 supplemento
1048 1179 1209 1217 decreta.

97 1239 204 1276 Duas
225 1247 407 1289 praeterea
424 1241 593 1290 legiones
622 1240 794 1276 consules
815 1240 976 1276 scribere
990 1240 1102 1291 jussi,
1124 1256 1209 1280 cum

90 1303 199 1354 justo
218 1317 376 1341 numero
405 1306 574 1355 peditum
594 1306 851 1353 equitumque,
877 1311 914 1340 et
934 1306 1062 1342 decem
1092 1308 1208 1344 millia

97 1368 266 1418 peditum
286 1370 396 1405 sociis
418 1371 615 1419 imperare,
638 1375 676 1403 et
695 1375 892 1404 sexcentos
914 1370 1072 1418 equites,
1127 1371 1208 1408 De-

96 1431 214 1468 lectus
236 1432 453 1469 consulibus
474 1446 519 1469 eo
539 1431 724 1468 difficilior
741 1439 834 1474 erat,
857 1433 958 1481 quod
976 1434 1208 1482 pestilentia,

95 1509 177 1545 quae
197 1497 322 1546 priore
351 1510 451 1533 anno
473 1498 509 1533 in
538 1497 654 1533 boves
683 1497 891 1544 ingruerat,
923 1509 967 1532 eo
988 1504 1149 1535 verteret
1167 1500 1207 1536 in

95 1561 291 1596 hominum
311 1562 463 1598 morbos
481 1577 488 1597 ε
522 1563 585 1610 qui
614 1561 838 1604 inciderant,
859 1561 961 1597 haud
981 1562 1091 1598 facile
1121 1576 1206 1614 sep-

97 1625 232 1660 timum
253 1625 352 1661 diem
378 1625 630 1675 superabant3
664 1626 727 1673 qni
753 1632 1034 1674 superaverant,
1055 1626 1206 1676 longin-

98 1701 188 1738 quo,
211 1690 375 1725 maxime
395 1696 602 1738 quartanae,
619 1689 898 1738 inplicabantur
916 1689 1063 1726 morbo.
1120 1691 1206 1727 Ser·
1233 1716 1239 1721 s

96 1753 187 1789 vitia
206 1754 370 1789 maxime
400 1754 683 1790 moriebantur:
716 1767 845 1790 eorum
866 1760 1009 1802 strages
1039 1768 1106 1804 per
1125 1769 1206 1792 om—

93 1829 159 1853 nes
179 1817 256 1853 vias
286 1817 561 1867 insepultorum
589 1824 709 1854 erat.-.
741 1817 801 1853 Ne
830 1817 1036 1854 liberorum
1056 1819 1207 1867 quidem

93 1880 287 1917 funeribus
306 1881 479 1917 Libitina
499 1882 734 1918 subficiebat.
793 1881 1000 1925 cadavera,
1021 1882 1164 1919 intacta
1184 1898 1207 1920 a

95 1945 249 1981 canibus
280 1959 329 1981 vac
363 1945 589 1988 vulturibus,
618 1946 728 1982 tabes
762 1945 1008 1982 absumebat:
1042 1948 1207 1996 satisque

93 2009 306 2052 constabat,
328 2023 397 2046 nec
418 2010 497 2053 illo,
521 2023 591 2046 nec
612 2011 737 2060 priore
757 2023 872 2052 anno,
894 2010 932 2045 in
953 2015 1062 2045 tanta
1081 2017 1207 2058 strage

95 2073 210 2110 boum
229 2074 500 2124 hominumque
531 2075 735 2111 vulturium
765 2087 923 2123 usquam
948 2074 1080 2123 visum.
1138 2076 1206 2111 Sa-

95 2136 264 2172 cerdotes
285 2137 424 2185 publici
445 2151 488 2174 ea
508 2138 724 2187 pestilentia
743 2140 883 2174 mortui
907 2146 1008 2182 sunt,
1031 2140 1101 2175 Cn.
1120 2139 1206 2174 Ser-

95 2200 204 2236 vilius
235 2200 364 2249 Caepio
393 2201 581 2251 pontifex,
612 2208 720 2252 pater
751 2204 938 2252 praetoris,
960 2210 998 2240 et
1025 2203 1206 2239 Ti.Sem-

95 2265 250 2314 pronius
280 2264 340 2301 Ti.
371 2265 414 2302 F.
443 2266 599 2316 Longus
627 2268 813 2303 decemvir
851 2280 1057 2310 sacrorum,
1093 2274 1130 2302 et
1162 2267 1207 2305 Ρ.

96 2327 220 2366 AElius
241 2329 367 2366 Paetus
387 2342 521 2379 augur,
543 2337 580 2367 et
594 2331 656 2368 Ti.
674 2332 918 2382 Sempronius
938 2332 1148 2376 Gracchus,
1168 2340 1207 2369 et
