<?xml version="1.0" encoding="UTF-8"?>
<!DOCTYPE html PUBLIC "-//W3C//DTD XHTML 1.0 Transitional//EN"
    "http://www.w3.org/TR/xhtml1/DTD/xhtml1-transitional.dtd">
<html xmlns="http://www.w3.org/1999/xhtml" xml:lang="en" lang="en">
 <head>
  <title>
</title>
<meta http-equiv="Content-Type" content="text/html;charset=utf-8" />
  <meta name='ocr-system' content='tesseract 3.04.00' />
  <meta name='ocr-capabilities' content='ocr_page ocr_carea ocr_par ocr_line ocrx_word'/>
</head>
<body>
  <div class='ocr_page' id='page_1' title='image "./historiarumquaes04livyuoft/historiarumquaes04livyuoft_0443.png"; bbox 0 0 1546 2648; ppageno 0'>
   <div class='ocr_carea' id='block_1_1' title="bbox 337 184 1169 230">
    <p class='ocr_par' dir='ltr' id='par_1_1' title="bbox 337 184 1169 230">
     <span class='ocr_line' id='line_1_1' title="bbox 337 184 1169 230; baseline -0.007 -12"><span class='ocrx_word' id='word_1_1' title='bbox 337 187 491 218; x_wconf 72' lang='lat' dir='ltr'>LIBER</span> <span class='ocrx_word' id='word_1_2' title='bbox 515 185 656 216; x_wconf 82' lang='lat' dir='ltr'><strong>XLIV·</strong></span> <span class='ocrx_word' id='word_1_3' title='bbox 687 184 796 214; x_wconf 81' lang='lat' dir='ltr'><strong>CAP.</strong></span> <span class='ocrx_word' id='word_1_4' title='bbox 820 185 890 214; x_wconf 82' lang='lat' dir='ltr'>[x.</span> <span class='ocrx_word' id='word_1_5' title='bbox 1088 186 1169 230; x_wconf 74' lang='lat'>433</span> 
     </span>
    </p>
   </div>
   <div class='ocr_carea' id='block_1_2' title="bbox 61 275 1396 2317">
    <p class='ocr_par' dir='ltr' id='par_1_2' title="bbox 62 275 1368 586">
     <span class='ocr_line' id='line_1_2' title="bbox 64 275 1367 328; baseline -0.001 -13"><span class='ocrx_word' id='word_1_6' title='bbox 64 279 187 315; x_wconf 82' lang='lat' dir='ltr'>foret:</span> <span class='ocrx_word' id='word_1_7' title='bbox 217 277 280 316; x_wconf 85' lang='lat' dir='ltr'>alii</span> <span class='ocrx_word' id='word_1_8' title='bbox 301 279 486 328; x_wconf 85' lang='lat' dir='ltr'>ignarum,</span> <span class='ocrx_word' id='word_1_9' title='bbox 506 276 596 314; x_wconf 87' lang='lat' dir='ltr'>belli</span> <span class='ocrx_word' id='word_1_10' title='bbox 615 289 699 326; x_wconf 87' lang='lat' dir='ltr'>quae</span> <span class='ocrx_word' id='word_1_11' title='bbox 718 276 758 312; x_wconf 87' lang='lat' dir='ltr'>in</span> <span class='ocrx_word' id='word_1_12' title='bbox 776 276 853 313; x_wconf 86' lang='lat' dir='ltr'>dies</span> <span class='ocrx_word' id='word_1_13' title='bbox 874 275 1030 314; x_wconf 84' lang='lat' dir='ltr'>fortuna</span> <span class='ocrx_word' id='word_1_14' title='bbox 1054 290 1171 315; x_wconf 89' lang='lat' dir='ltr'>nova·</span> <span class='ocrx_word' id='word_1_15' title='bbox 1186 283 1276 315; x_wconf 88' lang='lat' dir='ltr'><strong>U.C.</strong></span> <span class='ocrx_word' id='word_1_16' title='bbox 1295 290 1367 314; x_wconf 73' lang='lat'>5⁸3.</span> 
     </span>
     <span class='ocr_line' id='line_1_3' title="bbox 63 327 1368 392; baseline 0 -13"><span class='ocrx_word' id='word_1_17' title='bbox 63 350 120 379; x_wconf 84' lang='lat' dir='ltr'>ret</span> <span class='ocrx_word' id='word_1_18' title='bbox 134 359 143 388; x_wconf 85' lang='lat'><em>3</em></span> <span class='ocrx_word' id='word_1_19' title='bbox 178 350 217 379; x_wconf 88' lang='lat' dir='ltr'>ut</span> <span class='ocrx_word' id='word_1_20' title='bbox 234 344 311 392; x_wconf 87' lang='lat' dir='ltr'>qui,</span> <span class='ocrx_word' id='word_1_21' title='bbox 325 342 585 380; x_wconf 89' lang='lat' dir='ltr'>obferentibus</span> <span class='ocrx_word' id='word_1_22' title='bbox 601 354 682 378; x_wconf 88' lang='lat' dir='ltr'>sese</span> <span class='ocrx_word' id='word_1_23' title='bbox 701 340 827 384; x_wconf 83' lang='lat' dir='ltr'>rebus,</span> <span class='ocrx_word' id='word_1_24' title='bbox 845 342 1034 378; x_wconf 86' lang='lat' dir='ltr'>omisisset</span> <span class='ocrx_word' id='word_1_25' title='bbox 1053 355 1073 378; x_wconf 89' lang='lat' dir='ltr'>e</span> <span class='ocrx_word' id='word_1_26' title='bbox 1093 355 1172 379; x_wconf 90' lang='lat' dir='ltr'>ma-</span> <span class='ocrx_word' id='word_1_27' title='bbox 1185 328 1224 358; x_wconf 66' lang='lat' dir='ltr'>A·</span> <span class='ocrx_word' id='word_1_28' title='bbox 1238 327 1275 357; x_wconf 80' lang='lat' dir='ltr'>C·</span> <span class='ocrx_word' id='word_1_29' title='bbox 1296 334 1368 359; x_wconf 71' lang='lat'>³⁰⁹·</span> 
     </span>
     <span class='ocr_line' id='line_1_4' title="bbox 62 405 1317 460; baseline -0.002 -17"><span class='ocrx_word' id='word_1_30' title='bbox 62 407 173 443; x_wconf 88' lang='lat' dir='ltr'>nibus</span> <span class='ocrx_word' id='word_1_31' title='bbox 193 419 251 450; x_wconf 88' lang='lat' dir='ltr'>ea,</span> <span class='ocrx_word' id='word_1_32' title='bbox 272 420 353 456; x_wconf 86' lang='lat' dir='ltr'>quae</span> <span class='ocrx_word' id='word_1_33' title='bbox 373 419 463 442; x_wconf 85' lang='lat' dir='ltr'>mox</span> <span class='ocrx_word' id='word_1_34' title='bbox 481 406 602 456; x_wconf 88' lang='lat' dir='ltr'>repeti</span> <span class='ocrx_word' id='word_1_35' title='bbox 617 418 696 442; x_wconf 86' lang='lat' dir='ltr'>uon</span> <span class='ocrx_word' id='word_1_36' title='bbox 716 410 884 455; x_wconf 85' lang='lat' dir='ltr'>possent.</span> <span class='ocrx_word' id='word_1_37' title='bbox 933 405 1054 442; x_wconf 86' lang='lat' dir='ltr'>Simul</span> <span class='ocrx_word' id='word_1_38' title='bbox 1072 407 1173 443; x_wconf 89' lang='lat' dir='ltr'>enim</span> <span class='ocrx_word' id='word_1_39' title='bbox 1186 412 1317 460; x_wconf 76' lang='lat' dir='ltr'>Perseus</span> 
     </span>
     <span class='ocr_line' id='line_1_5' title="bbox 63 455 1352 529; baseline 0 -22"><span class='ocrx_word' id='word_1_40' title='bbox 63 472 175 507; x_wconf 88' lang='lat' dir='ltr'>cessit</span> <span class='ocrx_word' id='word_1_41' title='bbox 190 472 428 521; x_wconf 87' lang='lat' dir='ltr'>possessione</span> <span class='ocrx_word' id='word_1_42' title='bbox 440 471 521 514; x_wconf 90' lang='lat' dir='ltr'>Dii,</span> <span class='ocrx_word' id='word_1_43' title='bbox 539 470 719 507; x_wconf 79' lang='lat' dir='ltr'>excitavit</span> <span class='ocrx_word' id='word_1_44' title='bbox 738 470 901 513; x_wconf 88' lang='lat' dir='ltr'>hostem,</span> <span class='ocrx_word' id='word_1_45' title='bbox 917 476 958 506; x_wconf 93' lang='lat' dir='ltr'>ut</span> <span class='ocrx_word' id='word_1_46' title='bbox 970 482 1072 507; x_wconf 88' lang='lat' dir='ltr'>nunc</span> <span class='ocrx_word' id='word_1_47' title='bbox 1087 477 1173 507; x_wconf 83' lang='lat' dir='ltr'>tan·</span> <span class='ocrx_word' id='word_1_48' title='bbox 1184 455 1290 529; x_wconf 45' lang='lat' dir='ltr'>aum</span> <span class='ocrx_word' id='word_1_49' title='bbox 1305 463 1352 485; x_wconf 66' lang='lat'>‘⁶&#39;</span> 
     </span>
     <span class='ocr_line' id='line_1_6' title="bbox 62 535 1176 586; baseline 0.001 -15"><span class='ocrx_word' id='word_1_50' title='bbox 62 535 147 572; x_wconf 85' lang='lat' dir='ltr'>dem</span> <span class='ocrx_word' id='word_1_51' title='bbox 179 537 349 579; x_wconf 82' lang='lat' dir='ltr'>sentiret,</span> <span class='ocrx_word' id='word_1_52' title='bbox 388 535 645 586; x_wconf 88' lang='lat' dir='ltr'>recuperanda</span> <span class='ocrx_word' id='word_1_53' title='bbox 680 547 775 578; x_wconf 88' lang='lat' dir='ltr'>esse,</span> <span class='ocrx_word' id='word_1_54' title='bbox 810 547 893 584; x_wconf 87' lang='lat' dir='ltr'>quae</span> <span class='ocrx_word' id='word_1_55' title='bbox 930 535 1033 585; x_wconf 89' lang='lat' dir='ltr'>prius</span> <span class='ocrx_word' id='word_1_56' title='bbox 1064 535 1176 585; x_wconf 89' lang='lat' dir='ltr'>culpa</span> 
     </span>
    </p>

    <p class='ocr_par' dir='ltr' id='par_1_3' title="bbox 61 598 1175 715">
     <span class='ocr_line' id='line_1_7' title="bbox 62 598 1174 650; baseline -0.001 -14"><span class='ocrx_word' id='word_1_57' title='bbox 62 601 200 637; x_wconf 86' lang='lat' dir='ltr'>amissa</span> <span class='ocrx_word' id='word_1_58' title='bbox 228 600 366 638; x_wconf 85' lang='lat' dir='ltr'>forent.</span> <span class='ocrx_word' id='word_1_59' title='bbox 422 600 566 637; x_wconf 87' lang='lat' dir='ltr'>Audita</span> <span class='ocrx_word' id='word_1_60' title='bbox 598 599 698 636; x_wconf 90' lang='lat' dir='ltr'>enim</span> <span class='ocrx_word' id='word_1_61' title='bbox 726 598 964 650; x_wconf 88' lang='lat' dir='ltr'>profectione</span> <span class='ocrx_word' id='word_1_62' title='bbox 994 599 1174 643; x_wconf 88' lang='lat' dir='ltr'>consulis,</span> 
     </span>
     <span class='ocr_line' id='line_1_8' title="bbox 61 663 1175 715; baseline 0 -14"><span class='ocrx_word' id='word_1_63' title='bbox 61 677 251 714; x_wconf 85' lang='lat' dir='ltr'>regressus</span> <span class='ocrx_word' id='word_1_64' title='bbox 272 665 405 709; x_wconf 90' lang='lat' dir='ltr'>Dium,</span> <span class='ocrx_word' id='word_1_65' title='bbox 422 678 506 715; x_wconf 86' lang='lat' dir='ltr'>quae</span> <span class='ocrx_word' id='word_1_66' title='bbox 525 663 686 714; x_wconf 89' lang='lat' dir='ltr'>disjecta</span> <span class='ocrx_word' id='word_1_67' title='bbox 701 676 744 700; x_wconf 89' lang='lat' dir='ltr'>ac</span> <span class='ocrx_word' id='word_1_68' title='bbox 760 670 909 700; x_wconf 81' lang='lat' dir='ltr'>vastata</span> <span class='ocrx_word' id='word_1_69' title='bbox 927 663 974 700; x_wconf 89' lang='lat' dir='ltr'>ab</span> <span class='ocrx_word' id='word_1_70' title='bbox 988 663 1175 701; x_wconf 85' lang='lat' dir='ltr'>Romanis</span> 
     </span>
    </p>

    <p class='ocr_par' dir='ltr' id='par_1_4' title="bbox 62 727 1176 779">
     <span class='ocr_line' id='line_1_9' title="bbox 62 727 1176 779; baseline -0.001 -14"><span class='ocrx_word' id='word_1_71' title='bbox 62 734 185 772; x_wconf 88' lang='lat' dir='ltr'>erant,</span> <span class='ocrx_word' id='word_1_72' title='bbox 205 728 348 766; x_wconf 84' lang='lat' dir='ltr'>reficit:</span> <span class='ocrx_word' id='word_1_73' title='bbox 381 729 516 779; x_wconf 86' lang='lat' dir='ltr'>pinnas</span> <span class='ocrx_word' id='word_1_74' title='bbox 537 728 720 765; x_wconf 87' lang='lat' dir='ltr'>moenium</span> <span class='ocrx_word' id='word_1_75' title='bbox 748 727 923 764; x_wconf 77' lang='lat' dir='ltr'>decussas</span> <span class='ocrx_word' id='word_1_76' title='bbox 941 728 1106 778; x_wconf 85' lang='lat' dir='ltr'>reponit,</span> <span class='ocrx_word' id='word_1_77' title='bbox 1128 727 1176 765; x_wconf 89' lang='lat' dir='ltr'>ab</span> 
     </span>
    </p>

    <p class='ocr_par' dir='ltr' id='par_1_5' title="bbox 63 791 1177 843">
     <span class='ocr_line' id='line_1_10' title="bbox 63 791 1177 843; baseline -0.001 -14"><span class='ocrx_word' id='word_1_78' title='bbox 63 792 167 829; x_wconf 88' lang='lat' dir='ltr'>omni</span> <span class='ocrx_word' id='word_1_79' title='bbox 182 799 290 843; x_wconf 83' lang='lat' dir='ltr'>parte</span> <span class='ocrx_word' id='word_1_80' title='bbox 306 805 432 829; x_wconf 89' lang='lat' dir='ltr'>muros</span> <span class='ocrx_word' id='word_1_81' title='bbox 449 791 573 829; x_wconf 86' lang='lat' dir='ltr'>firmat</span> <span class='ocrx_word' id='word_1_82' title='bbox 588 807 595 828; x_wconf 91' lang='lat'>:</span> <span class='ocrx_word' id='word_1_83' title='bbox 628 791 763 828; x_wconf 87' lang='lat' dir='ltr'>deinde</span> <span class='ocrx_word' id='word_1_84' title='bbox 778 791 944 842; x_wconf 90' lang='lat' dir='ltr'>quinque</span> <span class='ocrx_word' id='word_1_85' title='bbox 957 791 1075 828; x_wconf 87' lang='lat' dir='ltr'>millia</span> <span class='ocrx_word' id='word_1_86' title='bbox 1089 803 1177 843; x_wconf 84' lang='lat' dir='ltr'>pas-</span> 
     </span>
    </p>

    <p class='ocr_par' dir='ltr' id='par_1_6' title="bbox 64 856 1174 907">
     <span class='ocr_line' id='line_1_11' title="bbox 64 856 1174 907; baseline -0.002 -13"><span class='ocrx_word' id='word_1_87' title='bbox 64 870 173 894; x_wconf 87' lang='lat' dir='ltr'>suum</span> <span class='ocrx_word' id='word_1_88' title='bbox 193 857 239 894; x_wconf 86' lang='lat' dir='ltr'>ab</span> <span class='ocrx_word' id='word_1_89' title='bbox 256 856 348 893; x_wconf 90' lang='lat' dir='ltr'>urbe</span> <span class='ocrx_word' id='word_1_90' title='bbox 364 858 459 893; x_wconf 88' lang='lat' dir='ltr'>citra</span> <span class='ocrx_word' id='word_1_91' title='bbox 477 857 598 906; x_wconf 85' lang='lat' dir='ltr'>ripam</span> <span class='ocrx_word' id='word_1_92' title='bbox 610 856 749 906; x_wconf 86' lang='lat' dir='ltr'>Enipei</span> <span class='ocrx_word' id='word_1_93' title='bbox 765 857 885 894; x_wconf 89' lang='lat' dir='ltr'>amnis</span> <span class='ocrx_word' id='word_1_94' title='bbox 905 863 1029 894; x_wconf 85' lang='lat' dir='ltr'>eastra</span> <span class='ocrx_word' id='word_1_95' title='bbox 1042 857 1174 907; x_wconf 80' lang='lat' dir='ltr'>ponit3</span> 
     </span>
    </p>

    <p class='ocr_par' dir='ltr' id='par_1_7' title="bbox 64 920 1177 971">
     <span class='ocr_line' id='line_1_12' title="bbox 64 920 1177 971; baseline -0.001 -14"><span class='ocrx_word' id='word_1_96' title='bbox 64 933 213 957; x_wconf 89' lang='lat' dir='ltr'>amnem</span> <span class='ocrx_word' id='word_1_97' title='bbox 232 921 370 971; x_wconf 89' lang='lat' dir='ltr'>ipsum,</span> <span class='ocrx_word' id='word_1_98' title='bbox 391 921 554 956; x_wconf 88' lang='lat' dir='ltr'>transitu</span> <span class='ocrx_word' id='word_1_99' title='bbox 577 920 847 969; x_wconf 87' lang='lat' dir='ltr'>perdifficilem,</span> <span class='ocrx_word' id='word_1_100' title='bbox 873 933 944 971; x_wconf 92' lang='lat' dir='ltr'>pro</span> <span class='ocrx_word' id='word_1_101' title='bbox 964 921 1177 957; x_wconf 89' lang='lat' dir='ltr'>munimen-</span> 
     </span>
    </p>

    <p class='ocr_par' dir='ltr' id='par_1_8' title="bbox 64 983 1182 1100">
     <span class='ocr_line' id='line_1_13' title="bbox 64 983 1180 1035; baseline -0.001 -15"><span class='ocrx_word' id='word_1_102' title='bbox 64 990 106 1020; x_wconf 85' lang='lat' dir='ltr'>to</span> <span class='ocrx_word' id='word_1_103' title='bbox 125 983 338 1020; x_wconf 88' lang='lat' dir='ltr'>habiturus.</span> <span class='ocrx_word' id='word_1_104' title='bbox 394 983 498 1019; x_wconf 87' lang='lat' dir='ltr'>Fluit</span> <span class='ocrx_word' id='word_1_105' title='bbox 517 996 563 1020; x_wconf 85' lang='lat' dir='ltr'>ex</span> <span class='ocrx_word' id='word_1_106' title='bbox 584 983 680 1020; x_wconf 88' lang='lat' dir='ltr'>valle</span> <span class='ocrx_word' id='word_1_107' title='bbox 696 983 851 1035; x_wconf 89' lang='lat' dir='ltr'>Olympi</span> <span class='ocrx_word' id='word_1_108' title='bbox 871 984 1027 1027; x_wconf 90' lang='lat' dir='ltr'>montis,</span> <span class='ocrx_word' id='word_1_109' title='bbox 1049 989 1180 1020; x_wconf 86' lang='lat' dir='ltr'>aestate</span> 
     </span>
     <span class='ocr_line' id='line_1_14' title="bbox 64 1047 1182 1100; baseline 0 -16"><span class='ocrx_word' id='word_1_110' title='bbox 64 1049 238 1097; x_wconf 87' lang='lat' dir='ltr'>exiguus,</span> <span class='ocrx_word' id='word_1_111' title='bbox 268 1047 437 1084; x_wconf 88' lang='lat' dir='ltr'>hibernis</span> <span class='ocrx_word' id='word_1_112' title='bbox 468 1047 568 1084; x_wconf 89' lang='lat' dir='ltr'>idem</span> <span class='ocrx_word' id='word_1_113' title='bbox 594 1049 775 1086; x_wconf 90' lang='lat' dir='ltr'>incitatus</span> <span class='ocrx_word' id='word_1_114' title='bbox 805 1049 941 1100; x_wconf 90' lang='lat' dir='ltr'>pluviis</span> <span class='ocrx_word' id='word_1_115' title='bbox 958 1064 965 1086; x_wconf 78' lang='grc' dir='ltr'><strong><em>ε</em></strong></span> <span class='ocrx_word' id='word_1_116' title='bbox 1000 1055 1039 1086; x_wconf 87' lang='lat' dir='ltr'>et</span> <span class='ocrx_word' id='word_1_117' title='bbox 1067 1061 1182 1099; x_wconf 86' lang='lat' dir='ltr'>supra</span> 
     </span>
    </p>

    <p class='ocr_par' dir='ltr' id='par_1_9' title="bbox 65 1112 1181 1164">
     <span class='ocr_line' id='line_1_15' title="bbox 65 1112 1181 1164; baseline 0.001 -17"><span class='ocrx_word' id='word_1_118' title='bbox 65 1124 175 1161; x_wconf 89' lang='lat' dir='ltr'>rupes</span> <span class='ocrx_word' id='word_1_119' title='bbox 197 1112 369 1159; x_wconf 86' lang='lat' dir='ltr'>ingentes</span> <span class='ocrx_word' id='word_1_120' title='bbox 391 1112 602 1160; x_wconf 84' lang='lat' dir='ltr'>gurgitibus</span> <span class='ocrx_word' id='word_1_121' title='bbox 623 1112 729 1157; x_wconf 87' lang='lat' dir='ltr'>facit,</span> <span class='ocrx_word' id='word_1_122' title='bbox 747 1121 784 1150; x_wconf 89' lang='lat' dir='ltr'>et</span> <span class='ocrx_word' id='word_1_123' title='bbox 803 1114 904 1150; x_wconf 87' lang='lat' dir='ltr'>intra</span> <span class='ocrx_word' id='word_1_124' title='bbox 923 1118 1119 1164; x_wconf 85' lang='lat' dir='ltr'>prorupta,</span> <span class='ocrx_word' id='word_1_125' title='bbox 1140 1113 1181 1148; x_wconf 89' lang='lat' dir='ltr'>in</span> 
     </span>
    </p>

    <p class='ocr_par' dir='ltr' id='par_1_10' title="bbox 66 1175 1181 1227">
     <span class='ocr_line' id='line_1_16' title="bbox 66 1175 1181 1227; baseline 0.002 -16"><span class='ocrx_word' id='word_1_126' title='bbox 66 1188 169 1212; x_wconf 91' lang='lat' dir='ltr'>mare</span> <span class='ocrx_word' id='word_1_127' title='bbox 189 1175 396 1212; x_wconf 80' lang='lat' dir='ltr'>evolvendo</span> <span class='ocrx_word' id='word_1_128' title='bbox 415 1181 570 1220; x_wconf 84' lang='lat' dir='ltr'>terram,</span> <span class='ocrx_word' id='word_1_129' title='bbox 596 1177 771 1227; x_wconf 85' lang='lat' dir='ltr'>praealtas</span> <span class='ocrx_word' id='word_1_130' title='bbox 790 1179 1005 1227; x_wconf 84' lang='lat' dir='ltr'>voragines,</span> <span class='ocrx_word' id='word_1_131' title='bbox 1026 1183 1181 1214; x_wconf 88' lang='lat' dir='ltr'>cavato-</span> 
     </span>
    </p>

    <p class='ocr_par' dir='ltr' id='par_1_11' title="bbox 64 1240 1183 1418">
     <span class='ocr_line' id='line_1_17' title="bbox 64 1240 1183 1292; baseline 0.001 -17"><span class='ocrx_word' id='word_1_132' title='bbox 64 1251 138 1288; x_wconf 90' lang='lat' dir='ltr'>que</span> <span class='ocrx_word' id='word_1_133' title='bbox 167 1240 292 1276; x_wconf 81' lang='lat' dir='ltr'>medio</span> <span class='ocrx_word' id='word_1_134' title='bbox 323 1240 430 1276; x_wconf 84' lang='lat' dir='ltr'>alveo</span> <span class='ocrx_word' id='word_1_135' title='bbox 464 1241 564 1290; x_wconf 85' lang='lat' dir='ltr'>ripas</span> <span class='ocrx_word' id='word_1_136' title='bbox 595 1242 784 1291; x_wconf 82' lang='lat' dir='ltr'>utrimque</span> <span class='ocrx_word' id='word_1_137' title='bbox 810 1243 1036 1292; x_wconf 65' lang='lat' dir='ltr'>praecipites.</span> <span class='ocrx_word' id='word_1_138' title='bbox 1093 1240 1183 1277; x_wconf 92' lang='lat' dir='ltr'>Hoc</span> 
     </span>
     <span class='ocr_line' id='line_1_18' title="bbox 65 1303 1183 1354; baseline 0.001 -14"><span class='ocrx_word' id='word_1_139' title='bbox 65 1303 220 1341; x_wconf 86' lang='lat' dir='ltr'>flumine</span> <span class='ocrx_word' id='word_1_140' title='bbox 232 1304 390 1340; x_wconf 87' lang='lat' dir='ltr'>Perseus</span> <span class='ocrx_word' id='word_1_141' title='bbox 407 1310 554 1354; x_wconf 88' lang='lat' dir='ltr'>septum</span> <span class='ocrx_word' id='word_1_142' title='bbox 575 1305 647 1341; x_wconf 87' lang='lat' dir='ltr'>iter</span> <span class='ocrx_word' id='word_1_143' title='bbox 658 1307 780 1343; x_wconf 88' lang='lat' dir='ltr'>hostis</span> <span class='ocrx_word' id='word_1_144' title='bbox 797 1307 966 1350; x_wconf 86' lang='lat' dir='ltr'>credens,</span> <span class='ocrx_word' id='word_1_145' title='bbox 984 1305 1183 1342; x_wconf 83' lang='lat' dir='ltr'>extrahere</span> 
     </span>
     <span class='ocr_line' id='line_1_19' title="bbox 65 1367 1181 1418; baseline 0.001 -14"><span class='ocrx_word' id='word_1_146' title='bbox 65 1367 250 1418; x_wconf 88' lang='lat' dir='ltr'>reliquum</span> <span class='ocrx_word' id='word_1_147' title='bbox 284 1374 434 1418; x_wconf 88' lang='lat' dir='ltr'>tempus</span> <span class='ocrx_word' id='word_1_148' title='bbox 472 1367 553 1418; x_wconf 87' lang='lat' dir='ltr'>ejus</span> <span class='ocrx_word' id='word_1_149' title='bbox 588 1371 729 1406; x_wconf 84' lang='lat' dir='ltr'>aestatis</span> <span class='ocrx_word' id='word_1_150' title='bbox 763 1371 802 1406; x_wconf 89' lang='lat' dir='ltr'>in</span> <span class='ocrx_word' id='word_1_151' title='bbox 837 1371 964 1407; x_wconf 86' lang='lat' dir='ltr'>animo</span> <span class='ocrx_word' id='word_1_152' title='bbox 1000 1368 1181 1405; x_wconf 88' lang='lat' dir='ltr'>habebat.</span> 
     </span>
    </p>

    <p class='ocr_par' dir='ltr' id='par_1_12' title="bbox 65 1432 1181 1486">
     <span class='ocr_line' id='line_1_20' title="bbox 65 1432 1181 1486; baseline 0 -17"><span class='ocrx_word' id='word_1_153' title='bbox 65 1433 172 1470; x_wconf 88' lang='lat' dir='ltr'>Inter</span> <span class='ocrx_word' id='word_1_154' title='bbox 191 1434 271 1470; x_wconf 84' lang='lat' dir='ltr'>haec</span> <span class='ocrx_word' id='word_1_155' title='bbox 291 1432 425 1470; x_wconf 90' lang='lat' dir='ltr'>consul</span> <span class='ocrx_word' id='word_1_156' title='bbox 443 1433 587 1470; x_wconf 86' lang='lat' dir='ltr'>aPhila</span> <span class='ocrx_word' id='word_1_157' title='bbox 602 1434 807 1486; x_wconf 86' lang='lat' dir='ltr'>Popillium</span> <span class='ocrx_word' id='word_1_158' title='bbox 828 1448 913 1473; x_wconf 88' lang='lat' dir='ltr'>cum</span> <span class='ocrx_word' id='word_1_159' title='bbox 928 1434 1075 1471; x_wconf 91' lang='lat' dir='ltr'>duobus</span> <span class='ocrx_word' id='word_1_160' title='bbox 1096 1434 1181 1470; x_wconf 86' lang='lat' dir='ltr'>mil-</span> 
     </span>
    </p>

    <p class='ocr_par' dir='ltr' id='par_1_13' title="bbox 65 1496 1183 1613">
     <span class='ocr_line' id='line_1_21' title="bbox 65 1496 1183 1536; baseline 0 -3"><span class='ocrx_word' id='word_1_161' title='bbox 65 1496 164 1534; x_wconf 89' lang='lat' dir='ltr'>libus</span> <span class='ocrx_word' id='word_1_162' title='bbox 191 1504 424 1534; x_wconf 85' lang='lat' dir='ltr'>armatorum</span> <span class='ocrx_word' id='word_1_163' title='bbox 453 1496 687 1535; x_wconf 88' lang='lat' dir='ltr'>Heracleum</span> <span class='ocrx_word' id='word_1_164' title='bbox 713 1500 854 1536; x_wconf 80' lang='lat' dir='ltr'>mittit:</span> <span class='ocrx_word' id='word_1_165' title='bbox 886 1499 995 1536; x_wconf 89' lang='lat' dir='ltr'>abest</span> <span class='ocrx_word' id='word_1_166' title='bbox 1022 1511 1045 1535; x_wconf 89' lang='lat' dir='ltr'>a</span> <span class='ocrx_word' id='word_1_167' title='bbox 1071 1498 1183 1535; x_wconf 85' lang='lat' dir='ltr'>Phila</span> 
     </span>
     <span class='ocr_line' id='line_1_22' title="bbox 66 1561 1182 1613; baseline 0.001 -16"><span class='ocrx_word' id='word_1_168' title='bbox 66 1562 231 1610; x_wconf 85' lang='lat' dir='ltr'>quinque</span> <span class='ocrx_word' id='word_1_169' title='bbox 251 1561 369 1598; x_wconf 89' lang='lat' dir='ltr'>millia</span> <span class='ocrx_word' id='word_1_170' title='bbox 387 1562 506 1598; x_wconf 86' lang='lat' dir='ltr'>ferme</span> <span class='ocrx_word' id='word_1_171' title='bbox 533 1575 727 1612; x_wconf 82' lang='lat' dir='ltr'>passuum,</span> <span class='ocrx_word' id='word_1_172' title='bbox 747 1564 873 1600; x_wconf 90' lang='lat' dir='ltr'>media</span> <span class='ocrx_word' id='word_1_173' title='bbox 896 1563 1053 1613; x_wconf 80' lang='lat' dir='ltr'>regione</span> <span class='ocrx_word' id='word_1_174' title='bbox 1082 1564 1182 1599; x_wconf 86' lang='lat' dir='ltr'>inter</span> 
     </span>
    </p>

    <p class='ocr_par' dir='ltr' id='par_1_14' title="bbox 65 1624 1159 1679">
     <span class='ocr_line' id='line_1_23' title="bbox 65 1624 1159 1679; baseline 0.003 -18"><span class='ocrx_word' id='word_1_175' title='bbox 65 1624 185 1662; x_wconf 88' lang='lat' dir='ltr'>Dium</span> <span class='ocrx_word' id='word_1_176' title='bbox 204 1625 437 1676; x_wconf 90' lang='lat' dir='ltr'>Tempeque,</span> <span class='ocrx_word' id='word_1_177' title='bbox 457 1627 497 1662; x_wconf 91' lang='lat' dir='ltr'>in</span> <span class='ocrx_word' id='word_1_178' title='bbox 518 1639 610 1677; x_wconf 87' lang='lat' dir='ltr'>rupe</span> <span class='ocrx_word' id='word_1_179' title='bbox 628 1628 731 1664; x_wconf 86' lang='lat' dir='ltr'>amni</span> <span class='ocrx_word' id='word_1_180' title='bbox 750 1628 960 1664; x_wconf 87' lang='lat' dir='ltr'>inminente</span> <span class='ocrx_word' id='word_1_181' title='bbox 979 1628 1159 1679; x_wconf 87' lang='lat' dir='ltr'>positum.</span> 
     </span>
    </p>

    <p class='ocr_par' dir='ltr' id='par_1_15' title="bbox 66 1689 1396 2317">
     <span class='ocr_line' id='line_1_24' title="bbox 121 1689 1396 1740; baseline 0.002 -14"><span class='ocrx_word' id='word_1_182' title='bbox 121 1689 196 1727; x_wconf 91' lang='lat' dir='ltr'>IX.</span> <span class='ocrx_word' id='word_1_183' title='bbox 225 1689 426 1740; x_wconf 90' lang='lat' dir='ltr'>Popillius,</span> <span class='ocrx_word' id='word_1_184' title='bbox 446 1691 665 1740; x_wconf 90' lang='lat' dir='ltr'>priusquam</span> <span class='ocrx_word' id='word_1_185' title='bbox 682 1698 848 1728; x_wconf 87' lang='lat' dir='ltr'>armatos</span> <span class='ocrx_word' id='word_1_186' title='bbox 868 1692 983 1728; x_wconf 86' lang='lat' dir='ltr'>muris</span> <span class='ocrx_word' id='word_1_187' title='bbox 1005 1692 1181 1728; x_wconf 87' lang='lat' dir='ltr'>admove·</span> <span class='ocrx_word' id='word_1_188' title='bbox 1196 1704 1396 1736; x_wconf 65' lang='lat' dir='ltr'>Heracleum</span> 
     </span>
     <span class='ocr_line' id='line_1_25' title="bbox 66 1755 1341 1807; baseline -0.001 -17"><span class='ocrx_word' id='word_1_189' title='bbox 66 1760 139 1798; x_wconf 90' lang='lat' dir='ltr'>ret,</span> <span class='ocrx_word' id='word_1_190' title='bbox 165 1755 282 1798; x_wconf 89' lang='lat' dir='ltr'>misit,</span> <span class='ocrx_word' id='word_1_191' title='bbox 303 1755 368 1804; x_wconf 88' lang='lat' dir='ltr'>qui</span> <span class='ocrx_word' id='word_1_192' title='bbox 397 1755 684 1804; x_wconf 75' lang='lat' dir='ltr'>magistratibus</span> <span class='ocrx_word' id='word_1_193' title='bbox 714 1756 1024 1807; x_wconf 88' lang='lat' dir='ltr'>principibusque</span> <span class='ocrx_word' id='word_1_194' title='bbox 1051 1756 1183 1793; x_wconf 89' lang='lat' dir='ltr'>suade·</span> <span class='ocrx_word' id='word_1_195' title='bbox 1196 1756 1341 1789; x_wconf 83' lang='lat' dir='ltr'>captum.</span> 
     </span>
     <span class='ocr_line' id='line_1_26' title="bbox 67 1818 1182 1871; baseline 0.004 -17"><span class='ocrx_word' id='word_1_196' title='bbox 67 1825 165 1861; x_wconf 83' lang='lat' dir='ltr'>rent,</span> <span class='ocrx_word' id='word_1_197' title='bbox 185 1818 297 1855; x_wconf 86' lang='lat' dir='ltr'>fidem</span> <span class='ocrx_word' id='word_1_198' title='bbox 327 1818 641 1869; x_wconf 85' lang='lat' dir='ltr'>clementiamque</span> <span class='ocrx_word' id='word_1_199' title='bbox 660 1820 939 1864; x_wconf 82' lang='lat' dir='ltr'>Romanorum,</span> <span class='ocrx_word' id='word_1_200' title='bbox 959 1833 1072 1871; x_wconf 91' lang='lat' dir='ltr'>quam</span> <span class='ocrx_word' id='word_1_201' title='bbox 1090 1822 1182 1865; x_wconf 85' lang='lat' dir='ltr'>vim,</span> 
     </span>
     <span class='ocr_line' id='line_1_27' title="bbox 69 1883 1185 1935; baseline 0.004 -17"><span class='ocrx_word' id='word_1_202' title='bbox 69 1883 229 1933; x_wconf 84' lang='lat' dir='ltr'>experiri</span> <span class='ocrx_word' id='word_1_203' title='bbox 253 1883 432 1920; x_wconf 85' lang='lat' dir='ltr'>mallent:</span> <span class='ocrx_word' id='word_1_204' title='bbox 464 1883 561 1921; x_wconf 82' lang='lat' dir='ltr'>nihil</span> <span class='ocrx_word' id='word_1_205' title='bbox 590 1897 633 1921; x_wconf 88' lang='lat' dir='ltr'>ea</span> <span class='ocrx_word' id='word_1_206' title='bbox 664 1885 823 1922; x_wconf 87' lang='lat' dir='ltr'>consilia</span> <span class='ocrx_word' id='word_1_207' title='bbox 850 1893 1065 1930; x_wconf 87' lang='lat' dir='ltr'>moverunt,</span> <span class='ocrx_word' id='word_1_208' title='bbox 1095 1886 1185 1935; x_wconf 82' lang='lat' dir='ltr'>quia</span> 
     </span>
     <span class='ocr_line' id='line_1_28' title="bbox 68 1948 1184 2001; baseline 0.003 -17"><span class='ocrx_word' id='word_1_209' title='bbox 68 1949 176 1997; x_wconf 86' lang='lat' dir='ltr'>ignes</span> <span class='ocrx_word' id='word_1_210' title='bbox 196 1949 242 1986; x_wconf 90' lang='lat' dir='ltr'>ad</span> <span class='ocrx_word' id='word_1_211' title='bbox 260 1948 450 2000; x_wconf 88' lang='lat' dir='ltr'>Enipeum</span> <span class='ocrx_word' id='word_1_212' title='bbox 465 1962 512 1987; x_wconf 84' lang='lat' dir='ltr'>ex</span> <span class='ocrx_word' id='word_1_213' title='bbox 530 1951 628 2000; x_wconf 82' lang='lat' dir='ltr'>regis</span> <span class='ocrx_word' id='word_1_214' title='bbox 646 1952 778 1987; x_wconf 88' lang='lat' dir='ltr'>castris</span> <span class='ocrx_word' id='word_1_215' title='bbox 799 1951 1043 2001; x_wconf 88' lang='lat' dir='ltr'>adparebant.</span> <span class='ocrx_word' id='word_1_216' title='bbox 1083 1951 1184 1988; x_wconf 89' lang='lat' dir='ltr'>Tum</span> 
     </span>
     <span class='ocr_line' id='line_1_29' title="bbox 68 2014 1181 2066; baseline 0.003 -17"><span class='ocrx_word' id='word_1_217' title='bbox 68 2019 170 2050; x_wconf 85' lang='lat' dir='ltr'>terra</span> <span class='ocrx_word' id='word_1_218' title='bbox 197 2014 368 2063; x_wconf 87' lang='lat' dir='ltr'>marique</span> <span class='ocrx_word' id='word_1_219' title='bbox 391 2019 447 2061; x_wconf 91' lang='lat' dir='ltr'>(et</span> <span class='ocrx_word' id='word_1_220' title='bbox 476 2014 606 2051; x_wconf 86' lang='lat' dir='ltr'>classis</span> <span class='ocrx_word' id='word_1_221' title='bbox 636 2015 794 2066; x_wconf 87' lang='lat' dir='ltr'>adpulsa</span> <span class='ocrx_word' id='word_1_222' title='bbox 821 2015 870 2052; x_wconf 87' lang='lat' dir='ltr'>ab</span> <span class='ocrx_word' id='word_1_223' title='bbox 892 2015 1004 2052; x_wconf 88' lang='lat' dir='ltr'>litore</span> <span class='ocrx_word' id='word_1_224' title='bbox 1037 2015 1181 2062; x_wconf 85' lang='lat' dir='ltr'>stabat)</span> 
     </span>
     <span class='ocr_line' id='line_1_30' title="bbox 71 2077 1183 2130; baseline 0.004 -18"><span class='ocrx_word' id='word_1_225' title='bbox 71 2077 180 2113; x_wconf 89' lang='lat' dir='ltr'>simul</span> <span class='ocrx_word' id='word_1_226' title='bbox 199 2080 326 2122; x_wconf 86' lang='lat' dir='ltr'>armis,</span> <span class='ocrx_word' id='word_1_227' title='bbox 347 2079 460 2115; x_wconf 91' lang='lat' dir='ltr'>simul</span> <span class='ocrx_word' id='word_1_228' title='bbox 480 2079 659 2129; x_wconf 87' lang='lat' dir='ltr'>operibus</span> <span class='ocrx_word' id='word_1_229' title='bbox 679 2080 952 2129; x_wconf 86' lang='lat' dir='ltr'>machinisque,</span> <span class='ocrx_word' id='word_1_230' title='bbox 969 2079 1183 2130; x_wconf 86' lang='lat' dir='ltr'>obpugnari</span> 
     </span>
     <span class='ocr_line' id='line_1_31' title="bbox 71 2141 1350 2193; baseline 0.005 -17"><span class='ocrx_word' id='word_1_231' title='bbox 71 2141 199 2190; x_wconf 83' lang='lat' dir='ltr'>coepti.</span> <span class='ocrx_word' id='word_1_232' title='bbox 253 2142 277 2180; x_wconf 85' lang='lat' dir='ltr'>J</span> <span class='ocrx_word' id='word_1_233' title='bbox 282 2156 417 2180; x_wconf 87' lang='lat' dir='ltr'>uvenes</span> <span class='ocrx_word' id='word_1_234' title='bbox 437 2144 552 2181; x_wconf 89' lang='lat' dir='ltr'>etiam</span> <span class='ocrx_word' id='word_1_235' title='bbox 572 2144 724 2193; x_wconf 87' lang='lat' dir='ltr'>quidam</span> <span class='ocrx_word' id='word_1_236' title='bbox 742 2144 925 2187; x_wconf 87' lang='lat' dir='ltr'>Romani,</span> <span class='ocrx_word' id='word_1_237' title='bbox 945 2144 1092 2180; x_wconf 89' lang='lat' dir='ltr'>ludicro</span> <span class='ocrx_word' id='word_1_238' title='bbox 1112 2145 1350 2182; x_wconf 74' lang='lat' dir='ltr'>ci1·-Testud0‚</span> 
     </span>
     <span class='ocr_line' id='line_1_32' title="bbox 71 2204 1183 2258; baseline 0.006 -20"><span class='ocrx_word' id='word_1_239' title='bbox 71 2204 174 2239; x_wconf 83' lang='lat' dir='ltr'>censi</span> <span class='ocrx_word' id='word_1_240' title='bbox 194 2204 241 2240; x_wconf 85' lang='lat' dir='ltr'>ad</span> <span class='ocrx_word' id='word_1_241' title='bbox 259 2217 367 2242; x_wconf 90' lang='lat' dir='ltr'>usum</span> <span class='ocrx_word' id='word_1_242' title='bbox 381 2206 472 2243; x_wconf 90' lang='lat' dir='ltr'>belli</span> <span class='ocrx_word' id='word_1_243' title='bbox 491 2221 616 2250; x_wconf 89' lang='lat' dir='ltr'>verso,</span> <span class='ocrx_word' id='word_1_244' title='bbox 636 2215 783 2258; x_wconf 84' lang='lat' dir='ltr'>partem</span> <span class='ocrx_word' id='word_1_245' title='bbox 804 2208 1056 2245; x_wconf 86' lang='lat' dir='ltr'>humillimam</span> <span class='ocrx_word' id='word_1_246' title='bbox 1084 2209 1183 2245; x_wconf 89' lang='lat' dir='ltr'>muri</span> 
     </span>
     <span class='ocr_line' id='line_1_33' title="bbox 72 2268 1186 2317; baseline 0.006 -15"><span class='ocrx_word' id='word_1_247' title='bbox 72 2274 266 2317; x_wconf 84' lang='lat' dir='ltr'>ceperunt.</span> <span class='ocrx_word' id='word_1_248' title='bbox 320 2268 410 2305; x_wconf 91' lang='lat' dir='ltr'>Mos</span> <span class='ocrx_word' id='word_1_249' title='bbox 431 2278 512 2307; x_wconf 89' lang='lat' dir='ltr'>erat</span> <span class='ocrx_word' id='word_1_250' title='bbox 530 2279 625 2315; x_wconf 89' lang='lat' dir='ltr'>tum,</span> <span class='ocrx_word' id='word_1_251' title='bbox 646 2272 817 2309; x_wconf 86' lang='lat' dir='ltr'>nondum</span> <span class='ocrx_word' id='word_1_252' title='bbox 836 2273 908 2310; x_wconf 92' lang='lat' dir='ltr'>hac</span> <span class='ocrx_word' id='word_1_253' title='bbox 925 2273 1107 2309; x_wconf 89' lang='lat' dir='ltr'>effusione</span> <span class='ocrx_word' id='word_1_254' title='bbox 1126 2273 1186 2308; x_wconf 92' lang='lat' dir='ltr'>in-</span> 
     </span>
    </p>
   </div>
   <div class='ocr_carea' id='block_1_3' title="bbox 72 2330 1184 2435">
    <p class='ocr_par' dir='ltr' id='par_1_16' title="bbox 72 2330 1184 2435">
     <span class='ocr_line' id='line_1_34' title="bbox 72 2330 1184 2388; baseline 0.004 -22"><span class='ocrx_word' id='word_1_255' title='bbox 72 2331 184 2367; x_wconf 81' lang='lat' dir='ltr'>ducta</span> <span class='ocrx_word' id='word_1_256' title='bbox 210 2330 341 2368; x_wconf 86' lang='lat' dir='ltr'>bestiis</span> <span class='ocrx_word' id='word_1_257' title='bbox 375 2335 543 2371; x_wconf 85' lang='lat' dir='ltr'>omnium</span> <span class='ocrx_word' id='word_1_258' title='bbox 579 2337 750 2384; x_wconf 84' lang='lat' dir='ltr'>gentium</span> <span class='ocrx_word' id='word_1_259' title='bbox 780 2337 921 2373; x_wconf 88' lang='lat' dir='ltr'>circum</span> <span class='ocrx_word' id='word_1_260' title='bbox 954 2336 1184 2388; x_wconf 83' lang='lat' dir='ltr'>complendi,</span> 
     </span>
     <span class='ocr_line' id='line_1_35' title="bbox 129 2395 689 2435; baseline 0.007 -4"><span class='ocrx_word' id='word_1_261' title='bbox 129 2395 230 2433; x_wconf 66' lang='lat' dir='ltr'>Vm„</span> <span class='ocrx_word' id='word_1_262' title='bbox 252 2395 320 2434; x_wconf 88' lang='lat' dir='ltr'>1V.</span> <span class='ocrx_word' id='word_1_263' title='bbox 652 2399 689 2435; x_wconf 92' lang='lat' dir='ltr'><strong>U</strong></span> 
     </span>
    </p>
   </div>
  </div>
 </body>
</html>
