1546 2648
344 154 501 184 mnan
524 152 641 183 va.
675 151 781 182 CAP.
801 152 945 182 xx1x.
1117 149 1200 194 515

92 245 183 282 fecti
205 252 346 289 essent,
377 251 415 282 et
444 244 614 282 exsulum
643 242 849 293 possidere,
879 242 944 292 qui
975 240 1196 291 arguebant.
1211 242 1254 272 U.
1268 241 1390 304 ⁰⁵⁸2·

90 309 212 346 Jussis
231 309 492 360 Amphipolim
522 308 665 350 adesse,
696 308 789 358 ipse,
823 314 1012 343 convento
1033 307 1103 344 Cn.
1119 306 1196 343 Oc·
1211 287 1251 316 A.
1267 286 1302 317 ε’
1319 290 1390 320 ¹⁵¹⁶

89 374 192 410 tavio
229 374 486 417 Demetriade,
525 379 728 423 postquam
781 371 884 408 fama
920 371 1070 415 accidit,
1118 379 1196 408 tra-

82 436 222 487 jecisse
258 437 341 488 jam
383 451 486 475 mare
525 438 653 473 decem
690 436 851 485 legatos,
894 435 1070 472 omnibus
1116 435 1198 472 aliis

87 502 250 546 omissis,
270 502 515 553 Apolloniam
536 501 581 538 ad
606 513 670 537 eos
697 501 843 550 pergit:
876 512 952 549 quo
971 512 1085 548 quum
1107 499 1197 535 Per-

87 578 171 602 seus
192 567 343 604 obviam
362 566 582 618 Amphipoli
616 566 727 602 nimis
754 564 879 600 soluta
908 564 1081 600 custodia
1106 577 1194 613 pro-

84 630 272 674 cessisset,
307 631 362 679 (id
394 631 467 668 diei
494 631 564 666 iter
591 631 664 675 est)
694 630 816 679 ipsum
849 628 997 676 quidem
1031 627 1193 676 benigne

88 693 284 731 adlocutus
305 703 384 731 est:
417 691 596 737 cetei·um‚
617 701 816 744 postquam
837 693 876 728 in
895 700 1018 728 castra
1038 691 1085 728 ad
1101 692 1192 728 Am-

84 757 270 808 phipolim
288 760 404 802 venit,
426 760 590 808 graviter
615 758 845 808 increpuisse
866 757 1026 793 traditur
1046 757 1089 793 C.
1107 756 1192 793 Sul·

83 822 246 871 picium:
279 825 455 873 primum,
475 823 577 872 quod
602 823 740 858 Persea
770 828 849 858 tam
879 821 1010 871 procul
1028 834 1050 857 a
1069 834 1107 858 se
1128 834 1192 857 va-

83 887 165 934 gari
184 899 250 937 per
268 888 503 938 provinciam
522 899 652 937 passus
673 893 794 931 esset,
817 885 964 928 deinde,
981 887 1081 935 quod
1097 886 1191 922 adeo

82 950 298 988 indulsisset
316 951 513 994 militibus,
536 958 576 987 ut
602 951 744 987 nudare
769 950 906 999 tegulis
937 963 1063 986 muros
1088 950 1190 986 urbis

84 1015 129 1051 ad
161 1016 323 1063 tegenda
354 1014 598 1052 hibernacula
634 1027 702 1050 sua
738 1020 953 1064 pateretur:
985 1014 1190 1065 referrique

83 1079 230 1128 tegulas
251 1087 288 1117 et
306 1081 477 1117 resarciri
497 1086 611 1122 tecta,
639 1080 737 1116 sicut
764 1078 928 1122 fuerant,
952 1079 1081 1130 jussit.
1137 1080 1191 1116 Et

82 1143 221 1180 Persea
246 1145 396 1193 quidem
426 1157 510 1180 curn
539 1142 682 1193 majore
705 1142 783 1179 filio
808 1143 1000 1194 Philippo,
1028 1144 1188 1181 traditos

81 1207 129 1243 A.
145 1207 358 1252 Postumio,
376 1209 414 1244 in
430 1208 640 1244 custodiam
657 1207 759 1243 misit
774 1222 781 1243 :
805 1207 921 1243 filiam
941 1220 1026 1244 cum
1042 1209 1189 1245 minore

81 1271 173 1315 filio,
195 1285 216 1308 a
236 1273 481 1309 Samothrace
501 1272 645 1308 adcitos
665 1272 940 1322 Amphipolim,
971 1274 1075 1309 omni
1094 1272 1189 1310 libe-

80 1335 147 1372 rali
168 1336 272 1373 cultu
292 1337 438 1374 habuit.

131 1401 290 1439 XXIX.
334 1402 436 1453 Ipse,
457 1401 521 1438 ubi
541 1402 617 1438 dies
638 1403 755 1445 venit,
776 1415 850 1451 quo
877 1403 1006 1439 adesse
1024 1404 1185 1454 Amphi·
1199 1410 1261 1442 Res
1276 1411 1387 1442 Mace-

1199 1454 1402 1485 doniaecom-

1200 1499 1302 1538 ponit.

78 1543 225 1574 omnes,
245 1544 328 1580 quae
349 1531 488 1579 ubique
506 1531 686 1580 depositae
702 1538 840 1574 essent,
858 1538 895 1567 et
910 1533 1108 1582 pecuniam
1128 1546 1186 1569 re·
1214 1551 1219 1555 ,

81 1465 158 1516 poli
178 1466 297 1503 denos
318 1467 506 1517 principes
536 1467 746 1502 civitatium
768 1466 950 1517 jusserat,
983 1467 1187 1518 literasque

79 1595 181 1643 giam
201 1595 379 1638 conferri,
400 1608 483 1631 cum
504 1595 632 1631 decem
651 1594 800 1643 legatis,
831 1596 1058 1634 circumfusa
1082 1599 1188 1634 omni

79 1658 322 1696 multitudine
336 1659 607 1702 Macedonum,
628 1660 666 1695 in
686 1660 867 1696 tribunali
887 1661 1070 1699 consedit.
1106 1663 1186 1699 Ad-

78 1724 194 1759 suetis
215 1724 320 1772 regio
340 1724 499 1774 imperio
529 1731 656 1760 tamen
676 1736 818 1760 novum
844 1724 1007 1761 formam
1034 1726 1186 1763 terribi-

73 1786 148 1824 lem
167 1788 329 1839 praebuit
347 1788 526 1831 tribunal,
552 1788 750 1825 submotor
778 1790 915 1832 aditus,
949 1803 1088 1841 praeco,
1118 1793 1184 1838 atl-

76 1864 241 1896 scensus,
262 1854 410 1890 insueta
427 1854 555 1890 omnia
580 1853 699 1890 oculis
728 1854 981 1904 auribusque,
1015 1870 1096 1906 quae
1127 1857 1187 1896 vel

74 1918 213 1961 socios,
233 1919 371 1955 nedum
399 1919 528 1955 hostes
558 1919 694 1962 victos,
728 1926 867 1956 terrere
900 1928 1067 1970 possent.
1125 1923 1184 1959 Si-

72 1981 191 2018 lentio
210 1995 277 2032 per
296 1995 509 2033 praeconem
527 1982 646 2025 facto,
664 1983 817 2020 Paullus
833 1984 986 2029 Latine,
1013 2000 1095 2036 quae
1124 2000 1183 2028 see

75 2046 196 2089 natui,
230 2059 312 2095 quae
345 2047 418 2083 sibi
451 2059 499 2083 ex
531 2046 678 2083 consilii
707 2050 894 2086 sententia
928 2052 1008 2087 visa
1041 2060 1180 2096 essent,

72 2110 360 2158 pronunciavit:
392 2123 436 2147 ea
457 2110 527 2147 Cn.
549 2109 730 2146 Octavius
750 2118 891 2161 praetor
913 2115 1018 2160 (nam
1039 2122 1075 2150 et
1101 2116 1181 2165 ipse

74 2169 222 2218 aderat)
244 2174 490 2224 interpretata
510 2187 683 2212 sermone
703 2174 838 2212 Graeco
858 2177 1056 2216 referebat.
1096 2181 1180 2216 Om-
1195 2185 1372 2218 Decretum

69 2236 170 2271 nium
202 2238 357 2284 primum
385 2238 510 2274 liberos
533 2250 604 2274 esse
625 2238 750 2285 jubere
768 2240 999 2284 Macedonas,
1021 2243 1184 2282 habentes
1195 2230 1233 2258 de
1249 2228 1359 2259 Mace-

70 2300 172 2346 ιιι-ὗες
190 2303 325 2339 easdem
346 2315 530 2352 agrosque,
547 2309 683 2343 utentes
702 2305 834 2353 legibus
850 2309 934 2351 suis,
951 2320 1086 2346 annuos
1105 2322 1182 2346 cre·
1195 2272 1343 2303 donibus.

533 2367 664 2403 .Z6
