1546 2648
373 152 528 181 LIBER
550 150 703 180 XLIII.
736 150 844 179 CAP.
866 150 937 179 VI.
1121 151 1203 194 403

102 240 154 276 lia
171 240 360 289 imperasse
371 256 384 278 .·
402 241 508 288 quod,
528 251 744 288 quamquam
762 240 918 275 sterilem
939 244 1071 274 terram
1090 244 1205 282 arent,
1219 240 1261 271 U.
1274 239 1311 269 C·
1327 246 1400 271 582·

101 304 261 352 ipsosque
278 306 386 340 etia-m
403 308 557 351 agrestes
570 305 759 351 peregrino
771 302 961 352 frumento
980 303 1130 346 alerent,
1151 308 1206 340 ta·
1217 284 1258 314 A'
1273 283 1313 315 c·
1329 288 1401 319 ¹7⁰'

101 380 194 411 men,
214 380 257 404 ne
281 369 438 405 deessent
463 367 592 416 officio,
613 368 824 417 confecisse,·
853 372 887 403 et
916 368 1006 410 alia,
1036 379 1113 415 qtcae
1142 369 1208 403 im-

98 437 328 480 perarentur,
346 437 518 481 praestare
532 438 681 481 paratos
699 445 781 469 esse.
825 430 983 474 Milesii,
1000 430 1096 467 nihil
1114 443 1209 480 prae-

103 495 244 532 stitisse
262 502 530 539 memorantes,
551 496 583 533 si
610 496 701 546 quid
724 497 908 547 imperare
926 495 974 532 ad
991 493 1132 531 bellum
1152 507 1210 531 se-

102 565 213 595 natus
232 559 358 603 vellet,
379 567 557 611 praestare
583 573 622 597 se
645 567 797 611 paratos
817 572 912 604 esse,
931 558 1092 610 polliciti
1110 566 1210 596 sunt.

101 623 385 661 Alabandenses
405 624 588 674 templum
607 624 723 662 Urbis
743 624 879 661 Romae
898 636 938 660 se
955 623 1091 660 fecisse
1106 635 1210 658 com-

102 693 421 731 memoraverunt,
443 687 627 737 ludosque
653 688 929 725 anniversarios
956 687 990 723 ei
1018 686 1127 723 Divae
1154 687 1213 722 in-

105 749 295 787 stituisse:
327 757 365 788 et
383 764 566 788 coronam
592 764 744 788 auream
770 751 1046 801 quinquaginta
1070 749 1212 800 pondo,

103 825 217 862 quam
247 814 289 851 in
319 814 511 865 Capitolio
542 820 743 865 ponerent,
772 815 916 852 donum
944 813 969 850 J
971 814 1033 850 ovi
1066 814 1214 864 optimo

104 877 285 921 maximo,
306 877 499 921 adtulisse,
520 884 558 914 et
583 884 692 915 scuta
716 879 905 927 equestria
930 883 1122 922 trecenta3
1155 889 1214 920 ea,

87 941 165 977 *cui
187 939 405 991 jussissent,
424 942 644 979 tradituros.
698 941 857 978 Donum
885 946 929 977 ut
956 941 996 976 in
1023 939 1218 990 Capitolio

106 1017 262 1056 ponere,
282 1012 322 1044 et
339 1006 549 1044 sacrificare
566 1006 712 1050 liceret,
731 1005 926 1056 petebant.
982 1003 1072 1041 Hoc
1100 1003 1218 1040 Lam-

109 1070 276 1118 psaceni,
300 1071 499 1120 octoginta
517 1071 646 1122 pondo
665 1082 847 1106 coronam
866 1068 1090 1112 adferentes,
1111 1073 1219 1118 pete-

107 1132 215 1177 bant,
236 1140 590 1177 commemorantes,
611 1135 821 1170 Discessisse
847 1145 884 1169 se
911 1145 934 1168 a
957 1133 1100 1174 Perseo,
1118 1136 1218 1180 post-

106 1209 216 1246 quam
252 1197 436 1235 Romanus
471 1199 644 1234 exercitus
680 1199 717 1233 in
755 1197 1010 1233 Macedoniam
1055 1197 1218 1238 venisset,

105 1273 216 1309 quum
245 1262 308 1298 sub
336 1264 471 1299 ditione
503 1263 640 1305 Persei,
671 1266 707 1298 et
737 1266 822 1297 ante
854 1261 1023 1309 Philippi
1047 1259 1218 1308 fuissent.

109 1325 184 1360 Pro
203 1337 257 1368 eo,
277 1330 311 1361 et
330 1326 425 1374 qnod
443 1323 716 1374 imperatoribus
741 1324 916 1360 Romanis
934 1324 1054 1359 onmia
1077 1324 1218 1371 praesti-

111 1389 246 1431 tissent,
262 1390 301 1426 id
317 1402 353 1426 se
372 1395 514 1427 tantum
532 1401 650 1433 orare,
665 1394 706 1425 ut
725 1390 762 1424 in
781 1389 978 1425 amicitiam
994 1387 1124 1435 populi
1143 1386 1219 1421 Ro-

108 1454 208 1490 mani
223 1454 487 1502 reciperentur:
515 1458 564 1496 et,
583 1455 614 1489 si
636 1466 710 1502 pax
735 1464 815 1489 cum
835 1452 964 1487 Perseo
980 1451 1105 1500 fleret,
1126 1451 1220 1486 exci—

107 1521 293 1564 perentur,
313 1529 358 1553 ne
382 1518 421 1553 in
444 1519 581 1564 regiam
603 1521 818 1564 potestatem
836 1517 1091 1563 reciperentur.
1148 1513 1222 1548 Ce-

112 1581 203 1616 teris
230 1579 365 1628 legatis
399 1581 559 1617 comiter
587 1593 836 1631 responsum3
872 1580 1154 1629 Lampsacenos
1180 1576 1235 1623 in(

114 1644 303 1680 sociorum
328 1643 530 1681 formulam
555 1645 695 1681 referre
719 1645 768 1685 Q.
786 1644 950 1680 Maenius
975 1647 1116 1692 praetor
1137 1639 1222 1691 jus-

113 1719 195 1743 sus:
218 1719 375 1744 munera
391 1708 566 1744 omnibus
580 1709 620 1744 in
637 1707 955 1757 singulos-binum
967 1705 1125 1742 millium
1139 1704 1221 1740 aeris

114 1770 215 1807 data.
269 1770 555 1808 Alabandenses
585 1779 693 1809 scuta
722 1778 914 1822 reportare
943 1771 989 1807 ad
1019 1770 1066 1806 A.
1087 1768 1222 1804 Hosti-

113 1833 206 1871 lium
225 1835 419 1872 consulem
438 1837 477 1872 iu
496 1836 765 1873 Macedoniam
787 1836 899 1887 jussi.
956 1835 1007 1871 Et
1030 1847 1076 1870 ex
1095 1832 1226 1869 Africa

115 1898 232 1947 legati
250 1899 362 1936 simul
381 1900 775 1950 Karthaginiensium,
795 1900 912 1936 tritici
933 1898 1054 1934 decies
1075 1902 1226 1932 centum

116 1961 236 1999 millia
253 1968 292 1998 et
308 1963 443 1999 hordei
463 1965 674 2013 quingenta
692 1964 901 1999 indicantes
922 1974 961 1998 se
980 1961 1027 1997 ad
1045 1972 1147 1996 mare
1162 1959 1226 1994 de-

116 2032 224 2062 vecta
237 2026 391 2070 habere,
405 2033 461 2071 ut,
478 2040 554 2076 quo
566 2034 718 2064 senatus
733 2027 954 2068 censuisset,
970 2025 1227 2074 deportarent.

120 2089 167 2126 Id
183 2101 308 2126 munus
326 2090 549 2140 tfficiumque
566 2105 670 2128 suum
687 2093 777 2128 scire
794 2093 909 2128 minus
928 2102 1013 2131 esse,
1033 2100 1141 2137 quam
1161 2099 1228 2135 pro

120 2154 257 2188 meritis
271 2155 398 2201 populi
419 2155 576 2193 Romani
594 2161 628 2192 et
641 2157 826 2193 voluntate
838 2167 904 2192 sua
913 2171 925 2191 .·
943 2154 1005 2190 sed-
1019 2164 1109 2200 scepe
1122 2152 1229 2195 alias,

121 2216 218 2252 bonis
233 2217 270 2252 in
284 2216 386 2252 rebus
399 2221 582 2267 utriusque
596 2220 739 2268 populi,
755 2231 791 2256 se
803 2224 990 2266 gratorum
997 2216 1232 2266 fideliumque

120 2279 253 2319 sociam
280 2282 480 2334 niunerilncs
496 2282 646 2332 sanctos
673 2295 756 2322 esse.
805 2281 913 2325 *Item
935 2279 1152 2330 ‘Masinissae
1177 2277 1231 2318 le-
