1546 2648
268 138 354 183 542
698 137 945 186 lima-omn.

234 271 251 284 υ
269 228 476 264 solveretur.
551 214 754 275 Pomptinae
785 228 939 276 paludes
970 241 992 264 a
1031 227 1193 266 Cornelio
1230 228 1382 278 Cethego

272 292 429 333 consule,
459 291 518 326 cui
545 301 589 327 ea
612 291 802 339 provincia
833 297 1010 336 evenerat,
1038 293 1193 336 siccatae,
1226 304 1382 342 agerque

271 365 315 392 cx
337 355 382 391 iis
397 352 539 403 sactus.

741 448 910 488 XLVII.

276 527 373 584 CN.
407 547 597 584 Tremellio
627 548 767 583 tribuno
796 548 908 596 plebis
938 548 1054 583 multa
1072 548 1170 584 dicta
1193 552 1258 590 est,
1288 549 1384 596 quod

268 625 351 651 cum
387 612 442 648 M.
467 612 625 649 AEmilio
660 611 798 659 Lepido
823 612 992 660 pontifice
1025 613 1182 647 maximo
1218 609 1385 657 injuriose

269 677 529 714 contenderat:
570 687 836 723 sacrorumque,
870 688 976 724 quum
1008 664 1302 722 magistratuum,
1320 673 1384 721 jus

264 741 448 789 potentius
464 739 562 788 fuit.
617 740 693 776 Lex
711 740 756 774 de
773 739 909 775 ambitu
929 739 1017 775 latu.
1071 738 1245 775 Lustrum
1258 750 1283 776 a
1300 750 1382 775 cen.-

265 805 404 843 soribus
422 806 605 841 conditum
629 808 694 842 est.
752 803 864 840 Censa
893 808 978 840 sunt
1009 804 1139 839 civium
1167 804 1291 851 capita
1309 808 1381 840 tre·

267 874 374 907 centa
410 871 560 917 triginta
607 873 685 905 octo
731 869 863 910 millia,
911 872 1068 904 trecenta
1104 868 1383 915 quatuordecim.

267 934 443 983 Princeps
459 939 600 970 senatus
622 934 733 970 lectus
749 933 924 969 AEmilius
943 933 1113 980 Lepidus.
1170 931 1272 968 Inter
1290 932 1381 969 Pto-

267 999 405 1035 lemaeos
421 997 580 1046 fratres,
601 999 663 1045 qui
693 996 921 1038 dissidebant,
931 995 1054 1045 foedus
1084 997 1206 1038 ictum,
1231 1000 1272 1032 ut
1290 997 1384 1033 alter

265 1063 303 1098 in
322 1062 501 1110 AEgypto,
521 1062 615 1097 alter
635 1060 781 1108 Cyrenis
806 1065 984 1107 regnaret.
1036 1058 1263 1102 Ariarathes,
1286 1059 1381 1108 Cap-

263 1127 429 1174 padociae
445 1138 521 1169 rex,
550 1126 696 1162 consilio
715 1125 911 1167 Demetrii,
936 1125 1029 1171 regis
1047 1123 1176 1171 Syriae,
1196 1127 1230 1159 et
1252 1125 1384 1162 viribus

260 1192 388 1239 pulsus
406 1203 528 1238 regno,
548 1203 573 1226 a
588 1195 715 1226 senatu
740 1191 926 1225 restitutus
950 1193 1014 1224 est.
1071 1188 1177 1224 Missi
1200 1200 1223 1224 a
1240 1195 1378 1234 senatu,

264 1257 326 1302 qui
344 1256 438 1291 inter
457 1255 688 1291 Masinissam
707 1259 742 1290 et
761 1254 1080 1301 Karthaginienses
1098 1253 1142 1288 de
1168 1265 1258 1301 agro
1275 1251 1381 1299 judi-

260 1325 399 1357 carent.
456 1320 496 1356 C.
513 1320 675 1356 Marcius
694 1319 815 1356 consul
843 1319 1010 1355 adversus
1028 1318 1230 1354 Dalmatas
1245 1330 1377 1366 parum

258 1396 430 1432 prospere
444 1386 617 1432 primu-m,
636 1389 762 1433 postea
779 1383 948 1433 feliciter
972 1385 1174 1432 pugnavit-5
1202 1397 1281 1421 cum
1299 1386 1379 1433 qui·

263 1447 326 1484 bus
343 1447 433 1484 bello
452 1448 660 1497 confligendi
677 1460 803 1484 caussa
820 1447 919 1496 fuit,
950 1448 1045 1495 quod
1064 1447 1222 1494 Illyrios,
1250 1451 1378 1497 populi

262 1510 423 1548 Romani
449 1513 573 1554 socios,
594 1516 824 1549 vastaverant
834 1528 847 1556 ,-
877 1513 1106 1560 eamdemque
1124 1518 1266 1561 gentem
1287 1513 1376 1550 Cor·-

261 1576 378 1613 nelius
392 1576 528 1612 Nasica
547 1576 669 1612 consul
683 1576 834 1612 domuit.
867 1576 909 1617 Q.
925 1577 1088 1624 Opimius
1105 1578 1228 1614 consul
1244 1578 1377 1615 Tram-

262 1641 406 1688 alpinos
422 1639 587 1687 Ligures,
607 1641 669 1688 qui
693 1640 975 1676 Massiliensium
1004 1642 1153 1689 oppida,
1175 1643 1378 1690 Antipolim

262 1709 299 1741 eit
318 1705 493 1747 Nicaeam,
513 1705 714 1748 vastabant,
733 1705 881 1753 subegit.
939 1705 1122 1742 Prceterea
1150 1719 1206 1743 res
1234 1708 1271 1743 in
1288 1707 1376 1744 His-

260 1770 377 1816 pania
395 1781 419 1804 a
444 1769 683 1817 compluribus
707 1782 837 1817 parum
863 1781 1032 1818 prospere
1059 1776 1176 1818 gestas
1207 1772 1375 1808 continet.

264 1832 431 1869 Consules
458 1845 553 1869 anno
590 1835 871 1881 quingentesimo
911 1836 1138 1882 nonagesimo
1173 1839 1298 1871 octavo
1332 1835 1377 1871 ab

258 1897 345 1934 urbe
361 1899 508 1934 condita
525 1899 790 1945 magistratum,
819 1900 976 1946 peractis
1000 1900 1164 1941 comitiis,
1190 1901 1375 1947 insequen-

261 1962 374 2009 tisqzie
401 1964 489 1998 anni
519 1962 717 1999 consulibus
749 1965 890 2006 creatis,
921 1965 1012 1999 inire
1041 1968 1228 2011 coeperunt.
1285 1963 1376 2000 Mu-

260 2027 364 2062 tandi
382 2028 530 2063 comitia
558 2039 681 2064 caussa
699 2027 796 2076 fait,
827 2029 922 2076 quod
958 2028 1112 2075 Hispani
1141 2026 1373 2065 rebellabant.

260 2089 408 2136 Legati,
429 2092 478 2126 ad
506 2092 776 2139 disceptandum
798 2093 890 2128 inter
911 2092 1141 2127 Masinissam
1156 2095 1191 2126 et
1211 2090 1374 2127 Kar-tha·

256 2154 433 2201 ginienses
452 2156 559 2195 missi,
586 2157 894 2198 renunciaverunt,
920 2158 990 2192 vim
1008 2157 1148 2192 navalis
1163 2156 1325 2192 materia
1340 2166 1378 2192 se

261 2217 490 2266 Karthagine
508 2220 786 2269 deprehendisse.
822 2221 972 2269 Aliquot
988 2225 1169 2268 praetores‚
1189 2221 1375 2270 a-provin*

258 2283 324 2319 ciis
341 2285 506 2321 avaritioe
522 2287 665 2322 nomine
682 2288 854 2331 accusati,
874 2287 1040 2322 dainnati
1056 2289 1150 2323 sunt.
