1546 2648
320 142 408 194 426
665 130 668 135 ’
781 154 827 184 τ.
849 153 983 184 mvn

130 253 225 286 uc,
240 259 313 286 503,
324 241 379 278 rei
407 241 598 279 differtur:
629 243 670 279 in
705 242 961 280 Perrhaebiam
993 243 1081 280 inde
1113 242 1230 287 ducit,
1264 248 1302 279 et
1333 236 1440 280 inter*

128 299 170 328 A.
186 297 225 328 C·
241 302 313 331 169·
325 306 495 343 Azorum
514 312 553 342 et
569 305 760 344 Dolichen
780 308 917 344 stativa
934 307 1069 344 habuit
1089 307 1135 344 ad
1161 305 1430 343 consulendum

323 382 467 415 rursus,
487 383 599 421 quam
617 371 855 422 potissimum
875 379 1086 423 capesseret
1099 373 1211 409 viam.
1253 371 1328 407 Per
1346 382 1430 407 eos-

324 434 410 471 dem
429 435 507 472 dies
527 435 699 480 Perseus,
720 449 835 486 quum
862 437 1163 487 adpropinquare
1181 436 1332 472 hostem
1360 433 1432 470 sci·

326 504 397 541 ret,
419 498 519 548 quod
537 500 611 536 iter
637 500 823 550 petiturus
843 506 942 536 esset
971 501 1138 548 ignarus,
1159 511 1289 536 omnes
1315 497 1431 534 saltus

131 567 263 617 Perseus
325 562 487 600 insidere
507 565 688 614 praesidiis
708 565 852 600 statuit.
909 564 956 600 In
968 563 1105 614 jugum
1135 563 1434 600 Cambuniorum

132 613 240 693 ἓξὲξ
252 620 306 642 ‘³⁰'
325 628 513 664 montium
537 627 767 677 (Volustana
784 629 857 678 ipsi
874 630 1031 673 vocant)
1053 629 1181 664 decem
1207 626 1324 662 millia
1342 625 1433 662 levis

327 697 526 728 armaturae
545 690 730 742 juvenum
760 704 845 728 cum
873 691 968 728 duce
987 690 1261 741 Asclepiodoto
1290 689 1431 726 mittit:

327 756 376 792 ad
395 755 605 801 castellum,
627 756 728 806 quod
757 768 869 807 super
886 755 1109 792 Ascuridem
1137 754 1312 804 paludem
1340 758 1436 796 erat,

329 818 545 870 (Lapathus
562 827 720 858 vocatur
734 820 858 868 locus)
876 820 1039 871 Hippias
1055 826 1184 857 tenere
1199 818 1336 856 saltum
1351 831 1437 855 cum

327 884 528 922 duodecim
546 885 706 924 millium
718 886 976 924 Macedonum
991 886 1165 938 praesidio
1177 883 1320 935 jussus,
1349 885 1437 935 Ipse

327 961 416 986 cum
434 949 588 1000 reliquis
604 951 723 1002 copiis
737 951 860 1001 primo
875 951 974 986 circa
991 950 1110 986 Dium
1126 950 1263 986 stativa
1276 948 1411 985 habuit
1425 961 1434 984 :

331 1013 479 1057 deinde,
500 1014 595 1051 adeo
614 1022 656 1051 ut
674 1015 916 1066 obtorpuisse
940 1015 1050 1064 inops
1070 1013 1218 1051 consilii
1236 1013 1438 1057 videretur,

328 1088 416 1113 cum
431 1077 621 1126 equitibus
637 1079 822 1128 expeditis
841 1078 953 1114 litore
967 1091 1068 1115 nunc
1085 1076 1327 1120 Heracleum,
1339 1088 1442 1114 nunc

326 1138 480 1177 Philam
505 1141 764 1191 percurrebat,
784 1141 918 1178 eodem
945 1141 1033 1177 inde
1060 1153 1171 1177 cursu
1188 1139 1308 1178 Dium
1335 1152 1442 1192 repe-

327 1207 426 1240 tens.

383 1265 461 1305 111.
490 1266 650 1305 Interim
670 1267 818 1305 consuli
845 1269 1035 1306 sententia
1063 1269 1170 1305 stetit
1189 1281 1234 1305 eo
1257 1267 1354 1305 saltu
1374 1268 1441 1305 du·

332 1343 431 1374 cere,
448 1331 513 1368 ubi
528 1338 686 1382 propter
700 1331 962 1383 Octolophum
976 1333 1138 1369 diximus
1153 1333 1251 1381 regis
1268 1340 1390 1369 castra
1405 1332 1444 1368 ἦ.

140 1400 293 1433 Macedo·
332 1393 521 1431 Praemitti
546 1404 674 1432 tamen
694 1402 858 1446 quatuor
885 1395 1005 1432 millia
1032 1403 1265 1433 armatorum
1284 1395 1331 1432 ad
1359 1395 1445 1433 loca

139 1444 296 1526 ἓξὲἓίιῃίιῖ·
335 1465 553 1509 opportuna
588 1459 890 1510 praeoccupanda
924 1459 1089 1510 placuit:
1130 1459 1213 1509 quis
1250 1460 1446 1511 praepositi

140 1530 298 1565 Marcius.
335 1528 424 1559 sunt
445 1522 504 1560 M.
518 1522 713 1568 Claudius,
743 1525 793 1564 Q.
805 1523 974 1560 Marcius
1007 1523 1171 1560 consulis
1201 1523 1298 1560 filius
1314 1538 1322 1560 :
1354 1536 1447 1560 con·

334 1584 463 1623 festim
495 1592 534 1623 et
569 1588 753 1624 universae
789 1589 909 1638 copiae
946 1587 1212 1636 sequebantur.
1269 1587 1448 1624 Ceterum

336 1650 432 1687 adeo
451 1651 569 1688 ardua
587 1658 625 1688 et
643 1665 778 1702 aspera
796 1659 834 1689 et
853 1652 1081 1702 confragosa
1098 1653 1160 1689 via
1177 1652 1264 1696 fuit,
1284 1657 1327 1688 ut
1352 1665 1448 1703 prae-

335 1715 441 1751 missi
455 1716 621 1766 expediti
631 1717 749 1754 biduo
762 1717 976 1766 quindecim
989 1716 1148 1752 millium
1160 1728 1337 1766 passuum
1353 1728 1450 1766 aegre

338 1779 475 1816 itinere
495 1779 672 1817 confecto
702 1787 826 1816 castra
853 1781 1073 1830 posuerint:
1106 1780 1238 1816 turrim
1268 1779 1449 1823 Eudieru‚

338 1856 452 1893 quem
481 1857 627 1894 cepere,
661 1844 788 1880 locum
823 1843 1026 1894 adpellant.
1083 1843 1176 1879 Inde
1210 1851 1363 1894 postero
1393 1844 1452 1881 die

339 1913 482 1957 septem
499 1908 618 1944 millia
635 1908 839 1958 progressi,
856 1907 1002 1944 tumulo
1019 1907 1119 1944 haud
1137 1907 1270 1958 procul
1284 1908 1453 1945 hostium

340 1971 473 2007 castris
495 1977 622 2021 capto,
633 1971 820 2008 *nuncium
841 1971 886 2008 ad
906 1970 1099 2008 consulem
1115 1971 1336 2008 remittunt:
1364 1983 1451 2019 per-

339 2039 482 2071 ventum
502 2037 551 2071 ad
569 2036 704 2072 hostem
723 2048 804 2079 esse,
827 2037 903 2072 loco
920 2048 956 2072 se
975 2041 1053 2072 tuto
1071 2040 1107 2071 et
1120 2036 1168 2071 ad
1184 2036 1303 2072 omnia
1322 2047 1453 2084 oppor-

341 2102 428 2134 tuno
446 2101 662 2144 consedisse5
683 2106 736 2144 ut,
752 2106 926 2149 qnantum
941 2101 1127 2137 extendere
1143 2101 1211 2135 iter
1225 2105 1355 2148 posset,
1373 2111 1454 2137 con-

341 2168 556 2210 sequeretur.
614 2164 788 2201 Sollicito
809 2164 970 2208 consuli,
990 2170 1027 2201 et
1043 2170 1197 2214 propter
1218 2164 1361 2200 itineris
1382 2163 1454 2200 dif-

343 2226 564 2272 ficultatem,
595 2230 696 2279 quod
726 2231 917 2279 ingressus
947 2236 1042 2273 erat,
1079 2237 1118 2266 et
1153 2243 1281 2266 eorum
1319 2230 1452 2273 vicem,

325 2294 439 2341 'quos
458 2305 600 2343 paucos
622 2295 722 2332 iuter
740 2295 864 2332 media
881 2295 1056 2347 praesidia
1077 2295 1245 2332 hostium
1263 2295 1454 2346 praemise-
