1546 2648
324 155 482 187 menn
506 153 637 186 an.
671 153 779 184 CAP.
805 155 958 184 xmn.
1109 143 1191 199 365

73 245 167 296 juga
204 247 316 284 Tauri
343 251 542 283 remotum:
572 247 775 293 graviorem
803 246 918 282 multo
946 245 1054 287 Asiae,
1085 256 1192 292 quam
1205 248 1247 280 U.
1260 246 1298 278 C.
1314 246 1388 279 581.

81 311 278 348 Antiochus
301 310 437 359 faerit,
476 310 669 346 Eumenem
709 321 807 346 esse:
851 321 916 345 nec
952 309 1194 356 conquiescere
1205 293 1245 325 Α·
1262 291 1299 322 C·
1314 295 1388 326 η’·

81 378 192 412 socios
208 380 340 412 vestros
355 385 468 422 posse,
489 374 608 422 quoad
625 375 726 421 regia
746 374 919 422 Pergami
936 374 1008 408 sit:
1036 384 1113 408 eam
1135 384 1194 408 ar-

85 452 159 476 cem
190 451 300 487 supra
328 440 450 486 capita
471 438 719 487 finitimarum
753 439 956 474 civitatium
990 438 1197 487 inpositam.

85 504 164 550 Ego
183 502 268 545 haec,
287 502 330 543 Q.
347 499 471 538 Marci
489 506 524 537 ct
543 503 588 538 A.
602 502 709 544 Atili,
727 514 804 550 quae
823 506 887 537 aut
903 513 925 537 a
939 500 1035 536 vobis
1049 499 1197 546 objecta,

82 572 146 603 ant
172 571 332 615 purgata
360 579 383 602 a
410 578 467 602 me
493 571 589 609 sunt,
622 566 713 602 talia
742 578 812 602 esse
839 566 924 607 scio,
953 569 995 600 ut
1022 576 1138 608 aures,
1160 569 1201 601 ut

85 633 199 667 animi
217 632 440 667 audientiam
458 632 530 666 sint
546 646 557 666 .·
590 642 653 666 nec
673 636 748 666 tam
765 629 912 679 referre,
933 629 1020 677 quid
1039 640 1116 677 eg0,
1136 633 1203 665 aut

85 709 155 744 qua
181 700 298 731 mente
316 694 488 743 fecerim,
510 706 618 742 quam
645 696 820 742 quomodo
837 695 877 730 id
894 706 954 730 vos
971 692 1121 742 factum
1140 706 1202 729 ac-

84 760 237 808 cipiatis.
297 758 464 794 Conscius
487 757 577 793 mihi
600 770 691 801 sum,
720 758 812 794 nihil
839 769 894 794 me
916 758 1082 793 scientem
1110 757 1202 793 deli·

85 825 222 872 quisse:
254 827 302 864 et,
321 824 351 858 si
379 822 465 870 quid
482 821 638 870 fecerim
657 823 889 870 inprudentia
910 822 1043 869 lapsus,
1065 822 1203 869 conrigi

83 899 140 923 me
158 892 192 922 et
210 887 394 922 emendari
412 887 648 933 castigatione
667 886 735 922 hac
750 898 862 934 posse.
907 886 1014 922 Nihil
1033 890 1127 922 certe
1146 887 1204 921 in-

86 950 257 994 sanabile,
286 962 350 987 nec
378 951 473 998 quod
505 950 596 986 bello
625 955 659 986 et
687 952 799 986 armis
822 951 1105 998 persequendum
1134 960 1204 986 esse

89 1015 270 1057 censeatis,
292 1014 479 1050 commisi:
507 1018 549 1050 at
566 1012 716 1062 frustra
735 1015 930 1050 clementia?
944 1014 1204 1061 gravitatisque

87 1084 212 1115 vestrae
228 1077 342 1126 fama
359 1078 510 1126 vulgata
528 1089 594 1126 per
609 1083 732 1126 gentes
749 1083 813 1121 est,
833 1079 864 1114 si
884 1077 1012 1114 talibus
1031 1078 1074 1113 de
1101 1088 1204 1113 caus·

89 1144 147 1186 sis,
164 1154 242 1190 quae
258 1143 318 1178 vix
336 1143 480 1190 querela
499 1147 534 1178 et
553 1143 838 1189 expostulatione
856 1143 973 1190 (lignee
987 1146 1084 1185 sunt,
1101 1153 1207 1177 arma

90 1209 233 1256 capitis,
252 1213 287 1243 et
304 1208 444 1255 regibus
461 1208 563 1243 sociis
583 1207 675 1243 bella
693 1207 847 1256 infertis.

142 1272 297 1310 XLIII.
317 1272 413 1309 Haec
433 1273 574 1309 dicenti
592 1279 674 1309 tum
691 1274 869 1310 adsensus
886 1272 1054 1310 Marcius
1072 1278 1206 1309 auctor

90 1337 164 1375 fuit
180 1337 355 1374 mittendi
369 1337 537 1373 Romam
552 1336 683 1386 legati,
701 1350 816 1386 quum
833 1337 1061 1388 experienda
1077 1336 1207 1372 omnia

92 1402 139 1439 ad
165 1401 352 1446 ultimum,
372 1414 444 1438 nec
469 1401 835 1451 praetermittendum
856 1414 960 1452 spem
981 1400 1095 1437 ullam
1116 1412 1205 1436 cen—

93 1469 240 1506 suisset.
295 1468 462 1518 Reliqua
495 1467 727 1505 consultatio
765 1473 859 1510 erat,
894 1477 1060 1515 quonam
1091 1463 1206 1500 modo

93 1539 219 1568 tutum
238 1532 310 1567 iter
329 1531 464 1580 legatis
485 1538 607 1567 esset:
640 1531 687 1568 ad
713 1531 753 1568 id
775 1542 892 1580 quum
911 1528 1125 1565 necessaria
1143 1539 1210 1578 pe-

96 1596 182 1632 titio
202 1595 438 1631 induciarum
457 1595 661 1638 videretur,
682 1600 912 1644 cuperetque
937 1591 1122 1634 Marcius,
1142 1603 1210 1626 ne-

96 1671 169 1707 que
189 1657 289 1694 aliud
309 1657 513 1707 conloquio
532 1659 703 1708 petisset,
725 1662 879 1707 gravate
899 1661 938 1692 et
963 1655 1002 1690 in
1030 1666 1210 1703 magnam
1227 1683 1233 1687 l

96 1722 257 1772 gratiam
282 1723 446 1771 petentis
476 1722 687 1758 concessit:
718 1721 817 1758 nihil
848 1720 946 1757 enim
979 1718 1073 1755 satis
1100 1730 1210 1769 para·
1223 1734 1378 1767 Induciae,

96 1792 178 1822 tum
197 1786 243 1822 ad
263 1784 405 1823 bellum
426 1787 465 1822 in
491 1787 696 1837 praesentia
714 1784 911 1822 habebant
928 1783 1111 1827 Romani,
1131 1795 1211 1820 non

100 1851 321 1894 exercitum,
341 1863 420 1887 non
440 1851 572 1888 ducem
589 1865 596 1887 z
630 1863 744 1899 quum
763 1849 922 1886 Perseus
942 1847 998 1896 (ni
1015 1859 1098 1897 spes
1113 1860 1213 1884 vana

99 1914 202 1964 pacis
235 1914 467 1951 obcaecasset
495 1914 672 1961 consilia)
704 1914 834 1950 omnia
861 1918 1074 1963 praeparata
1100 1917 1214 1960 atque

99 1978 286 2015 instructa
316 1978 490 2022 haberet,
525 1986 563 2015 et
593 1991 662 2015 suo
696 1978 861 2014 maxime
896 1982 1070 2026 tempore
1101 1982 1216 2024 atque

105 2042 228 2079 alieno
261 2043 436 2080 hostibus
474 2044 641 2094 incipere
671 2042 814 2080 bellum
846 2047 987 2092 posset.
1043 2039 1106 2076 Ab
1142 2040 1215 2076 hoc

106 2104 325 2155 conloquio,
351 2106 424 2143 fide
455 2107 692 2144 induciarum
723 2105 962 2156 interposita,
988 2103 1105 2153 legati
1133 2102 1217 2140 Ro-

108 2171 210 2207 mani
235 2171 274 2207 in
298 2171 492 2209 Boeotiam
511 2172 722 2223 comparati
742 2178 842 2209 sunt.
898 2170 960 2206 Ibi
982 2169 1065 2220 jam
1090 2176 1216 2206 motus
1231 2184 1365 2216 Baeotiae

108 2240 278 2284 coeperat
307 2247 401 2279 esse,
431 2236 711 2274 discedentibus
740 2249 762 2273 a
795 2235 978 2272 societate
1008 2234 1353 2270 communismotus-

111 2297 264 2336 concilii
291 2298 517 2338 Boeotorum
545 2301 770 2351 quibusdam
798 2299 962 2352 populis,
990 2312 1035 2336 ex
1062 2311 1136 2349 quo
1163 2310 1222 2335 re·

626 2363 663 2401 R
682 2366 707 2402 3
