1546 2648
354 122 511 153 LIBER
533 120 664 151 XLII.
696 119 804 150 eAP.
826 121 920 150 V11.
1093 123 1175 167 327

67 213 283 261 stipendium
309 214 421 249 serius
447 213 566 261 quoad
594 212 687 248 diem
710 215 900 259 proestaret
915 227 927 247 .·
957 211 995 247 id
1024 223 1060 248 se
1079 225 1179 250 omne
1192 218 1233 249 U.
1251 217 1287 248 C.
1306 223 1379 253 579.

69 278 261 320 advexisse,
295 289 340 313 ne
367 275 478 322 cujus,
502 277 572 312 nisi
604 276 784 323 temporis,
812 276 937 322 gratia
962 277 1040 323 regi
1055 261 1229 325 fieret.A·
1246 261 1284 294 C·
1302 267 1376 297 ¹⁷³⁰

70 340 222 377 Donum
238 345 413 388 praeterea
430 338 588 388 adferre,
609 351 695 375 vasa
714 350 825 374 aurea
839 338 1072 386 quingentarii
1087 353 1179 389 pon-

68 404 125 439 do.
182 405 310 440 Petere
326 415 458 451 regem,
478 408 533 446 ut,
554 415 630 451 quae
649 414 730 439 cum
749 406 856 449 patre
873 414 937 438 suo
955 404 1102 440 societas
1120 410 1177 441 at—

68 479 135 514 que
154 468 316 503 amicitia
323 466 473 515 ficisset,
495 479 538 502 ea
555 478 672 503 secum
689 470 946 509 renovaretur5
966 467 1177 514 imperaret-

67 542 133 578 que
162 531 228 567 sibi
255 532 412 580 populus
441 531 638 573 Romanus,
673 542 750 579 quae
782 530 868 565 bono
884 529 1062 578 fidelique
1086 534 1179 568 socio

66 596 141 641 regi
160 600 272 631 essent
291 596 502 643 imperanda
515 610 526 631 :
544 607 580 631 se
599 595 699 631 mello
717 606 865 642 usquam
885 600 1101 631 cessaturum
1120 596 1179 644 of-

54 658 154 705 fici0.
186 659 245 694 Εα
263 661 393 695 merita
411 661 448 695 in
466 671 502 695 se
515 664 658 695 senatus
666 658 798 707 fuisse,
816 671 924 707 quum
939 658 1063 695 Romae
1077 666 1177 704 esset,

66 733 144 756 eam
163 724 367 758 comitatem
377 721 591 768 juventutis,
613 727 651 758 ui
670 735 738 769 pro
757 735 853 770 rege,
873 734 942 758 non
959 735 1027 770 pro
1046 724 1176 766 obside,

66 784 223 820 omnibus
251 786 430 822 ordinibus
447 785 580 834 suerit.
637 785 794 834 Legatis
822 785 987 834 benigne
1020 798 1177 836 respon-

66 859 163 890 sum,
194 854 232 883 et
264 850 487 885 societatem
519 862 702 885 renovare
736 862 821 885 cum
853 850 1062 893 Antiocho,
1094 864 1176 900 quae

65 923 150 946 cum
180 919 287 961 patre
319 912 400 961 ejus
429 912 567 955 fuerat,
601 913 648 948 A.
667 911 808 948 Atilius
841 920 982 961 praetor
1011 913 1175 951 urbanus

58 972 200 1024 jussus.
257 976 476 1015 Quaestores
508 976 643 1012 urbani
672 975 915 1025 stipendium,
946 989 1036 1012 vasa
1064 991 1176 1015 aurea

65 1050 237 1075 censores
268 1048 517 1091 acceperunt:
550 1041 678 1088 eisque
708 1040 905 1088 negotium
939 1040 1070 1076 datum
1104 1050 1176 1085 est,

66 1108 107 1138 ut
125 1112 311 1152 ponerent
331 1117 387 1147 ea,
410 1105 448 1141 in
468 1104 603 1154 quibus
624 1103 774 1154 templis
795 1104 1005 1141 videretur:
1027 1105 1177 1154 legato-

65 1179 137 1214 que
155 1174 308 1204 centum
327 1168 488 1205 millium
508 1169 588 1204 aeris
610 1180 745 1204 munus
766 1168 935 1210 missum,
956 1175 994 1204 et
1015 1169 1110 1205 aedes
1130 1170 1177 1205 li-

62 1228 162 1266 berae
190 1231 359 1280 hospitio
388 1232 499 1274 datae,
521 1238 741 1280 sumtusque
771 1231 957 1274 decretus,
988 1232 1107 1268 donec
1136 1234 1176 1268 in

64 1292 177 1329 Italia
202 1300 311 1330 esset.
369 1294 520 1344 Legati,
542 1295 608 1343 qui
634 1295 674 1330 in
705 1294 813 1343 Syria
839 1294 1005 1338 fuerant,
1035 1308 1176 1332 renun-

63 1357 270 1401 ciaverunt,
291 1359 330 1395 in
350 1360 516 1395 maximo
546 1371 632 1395 eum
650 1359 798 1394 honore
816 1359 915 1408 apud
931 1371 1059 1407 regem
1078 1372 1172 1403 esse,

64 1422 407 1472 amicissimumque
427 1422 569 1473 populo
588 1422 780 1458 Romano.

115 1485 207 1522 Vll.
237 1485 282 1522 In
318 1487 521 1537 provinciis
556 1499 602 1523 eo
635 1499 735 1522 anno
767 1486 862 1522 haec.
919 1486 962 1523 C.
984 1486 1174 1524 Cicereius
1189 1489 1275 1522 Corsi
1291 1491 1381 1522 victi.

64 1556 204 1599 praetor
223 1550 263 1586 in
283 1551 440 1587 Corsica
468 1551 586 1599 signis
606 1550 766 1586 conlatis
787 1550 971 1599 pugnavit
989 1565 996 1585 :
1030 1558 1176 1601 septem

64 1613 182 1649 millia
212 1614 419 1651 Corsorum
448 1627 544 1651 caesa
558 1631 570 1660 3
603 1614 705 1664 capti
729 1613 890 1663 amplius
911 1613 1013 1649 mille
1032 1621 1070 1650 et
1089 1627 1174 1665 sep-
1192 1660 1199 1665 ff

64 1677 240 1725 tingenti.
278 1677 446 1715 Voverat
465 1679 504 1715 in
525 1691 569 1715 ea
586 1690 715 1728 pugna
733 1684 874 1727 praetor
894 1677 1010 1713 aedem
1029 1677 1054 1713 J
1059 1679 1176 1715 unoni

61 1739 245 1777 Monetae.
287 1740 369 1778 Pax
389 1741 523 1778 deinde
542 1742 632 1777 data
649 1740 865 1791 petentibus
888 1741 1031 1784 Corsis,
1051 1747 1090 1777 et
1110 1755 1175 1779 ex-

62 1810 148 1841 acta
166 1817 260 1842 cerae
280 1805 426 1842 ducena
445 1805 565 1842 millia
579 1805 721 1855 pondo,
759 1805 821 1841 Ex
841 1805 997 1840 Corsica
1017 1804 1176 1842 subacta

64 1868 254 1905 Cicereius
274 1869 313 1905 in
334 1869 547 1906 Sardiniam
565 1869 789 1906 transmisit.
836 1869 890 1905 Et
908 1869 948 1905 in
966 1868 1173 1917 Liguribus

62 1932 102 1967 in
121 1943 213 1980 agro
231 1931 435 1969 Statiellati
455 1939 667 1982 pugnatum
686 1933 734 1969 ad
753 1932 935 1983 oppidum
958 1932 1173 1981 Carystum,

61 1995 122 2032 Eo
151 2008 190 2032 se
210 2008 369 2045 magnus
391 1997 579 2033 exercitus
597 1996 787 2044 Ligurum
806 1995 1032 2033 contulerat.
1088 1995 1172 2032 Pri·
1186 2002 1318 2040 Ligures

61 2070 125 2094 mo
144 2058 213 2096 sub
231 2060 435 2097 adventum
450 2059 508 2098 M.
520 2058 676 2111 Popillii
696 2058 861 2096 consulis
882 2059 1071 2096 moenibus
1092 2071 1173 2096 sese
1184 2054 1312 2118 &efflue

63 2122 336 2160 continebant:
369 2124 516 2168 deinde,
535 2131 739 2175 postquam
767 2124 949 2174 oppidum
972 2123 1172 2173 obpugna-

62 2191 190 2222 turum
217 2185 436 2225 Romanum
461 2187 682 2232 cernebant,
702 2188 894 2239 progressi
918 2193 1007 2225 ante
1026 2194 1171 2238 portas,

62 2249 182 2289 aciem
200 2255 419 2290 struxerunt
438 2265 449 2290 t
478 2264 549 2291 nec
567 2251 701 2291 consul
722 2253 782 2302 (ut
801 2252 866 2304 qui
889 2251 930 2290 id
956 2251 1081 2305 ipsum
1101 2252 1174 2292 ob-
