1546 2648
281 137 363 191 276
445 171 449 179 .
738 148 985 186 T.L1V11‚

99 240 143 270 U.
156 239 194 270 C.
209 244 282 274 ⁵73-
294 237 390 274 tium
409 249 455 273 eo
474 236 534 273 die
552 248 633 273 esse
651 249 760 279 caesa,
780 236 862 287 plus
883 242 1072 274 trecentos
1091 243 1221 288 captos
1238 255 1246 275 :
1267 251 1397 290 parem

102 284 139 313 Α·
154 281 189 313 C‘
209 290 281 318 ¹⁷⁹⁶
294 301 384 338 fere·
403 312 585 350 equorum
611 312 833 345 numerum3
866 307 903 335 et
928 300 1036 348 signa
1053 300 1230 338 militaria
1248 309 1400 352 septua-

297 365 404 413 ginta
422 364 497 400 duo
515 378 524 400 ε
557 363 643 399 inde
666 362 908 416 debellatum,
928 376 1128 412 veramque
1157 377 1301 414 pacem,
1321 378 1401 402 non

296 429 412 472 fluxa,
433 433 474 465 ut
503 433 605 471 ante,
626 427 711 470 fide,
734 427 945 463 Celtiberos
977 427 1122 465 fecisse.
1177 428 1322 465 Eadem
1352 442 1402 466 ω-

298 498 395 530 state
428 497 465 528 et
497 491 544 528 L.
565 491 803 527 Postumium
835 491 875 526 in
910 490 1100 540 Hispania
1130 491 1308 528 ulteriore
1343 492 1403 529 bis

296 570 383 594 cum
398 555 566 592 Vaccaeis
587 555 737 603 egregie
755 567 942 604 pugnasse
962 555 1154 592 scribunt:
1180 556 1227 597 ad
1245 557 1404 605 triginta

298 628 338 657 et
365 621 531 669 quinque
558 618 678 654 millia
704 619 872 654 hostium
901 619 1097 662 occidisse,
1127 625 1165 655 et
1193 626 1316 656 castra
1334 620 1404 657 ob-

298 696 498 734 pugnasse.
554 682 715 732 Propius
745 694 834 717 vero
863 689 934 725 est,
958 683 1075 718 serius
1104 683 1141 718 in
1171 683 1405 732 provinciam

298 748 528 798 pervenisse,
545 758 657 795 quam
679 752 720 781 ut
739 758 781 781 ea
799 751 930 781 aestate
948 747 1116 796 potuerit
1133 759 1190 782 res
1211 759 1352 795 gerere.

355 799 423 847 LI.
454 810 638 846 Censores
669 808 767 845 fideli
794 810 997 846 concordia
1015 815 1186 846 senatum
1206 810 1404 859 legerunt:

303 875 476 924 princeps
506 872 646 909 electus
675 881 732 908 est
761 873 840 922 ipse
858 885 992 909 censor
1018 873 1074 910 M.
1095 873 1271 910 AEmilius
1291 874 1407 923 Lepi·

304 938 372 973 dus
402 935 573 986 pontifex
597 935 805 971 maximus:
838 940 912 971 tres
933 935 1042 985 ejecti
1063 936 1108 972 de
1127 942 1259 972 senatu
1277 951 1284 972 :
1316 937 1407 973 reti-

303 1002 387 1036 nuit
407 1000 588 1049 quosdam
606 999 772 1050 Lepidus
793 1013 814 1035 a
834 999 980 1048 collega
1001 1001 1224 1050 praeteritos.
1280 1001 1408 1050 Opera

304 1077 350 1100 ex
366 1064 526 1114 pecunia
544 1063 736 1099 adtributa
755 1063 945 1111 divisaque
965 1063 1063 1098 inter
1081 1075 1120 1098 se
1137 1064 1218 1099 haec
1234 1063 1408 1100 confece-

305 1134 404 1164 runt.
460 1126 626 1177 Lepidus
663 1126 799 1162 molem
839 1125 884 1162 ad
920 1127 1180 1170 Tarracinam,
1218 1127 1408 1176 ingratum

304 1203 414 1240 opus,
444 1191 545 1239 quod
573 1189 713 1240 praedia
740 1189 906 1225 habebat
935 1189 1000 1232 ibi,
1029 1190 1285 1239 privatamque
1313 1190 1410 1240 pub—

304 1253 386 1288 licae
406 1253 459 1289 rei
479 1254 673 1302 inpensam
695 1253 927 1301 inposuerat.
973 1252 1183 1289 Theatrum
1203 1261 1240 1289 et
1260 1266 1411 1304 prosce-

307 1317 409 1352 nium
431 1316 477 1352 ad
496 1315 699 1365 Apollinis,
720 1315 835 1351 aedem
853 1315 959 1357 Jovis
980 1316 1017 1350 in
1040 1316 1245 1365 CapitoliO,
1267 1317 1411 1354 colum-

307 1392 449 1428 nasque
479 1380 578 1415 circa
606 1379 800 1430 poliendas
820 1379 908 1416 albo
936 1379 1100 1416 locavit:
1136 1387 1173 1416 et
1202 1381 1248 1418 ab
1268 1382 1326 1417 his
1347 1395 1411 1418 co-

307 1445 460 1487 lumniS,
481 1457 562 1493 quae
593 1443 831 1479 incommode
852 1443 1029 1492 obposita
1046 1443 1283 1488 videbantur,
1304 1447 1414 1494 signa

309 1509 475 1545 amovit:
509 1508 702 1557 clipeaque
730 1507 776 1543 de
804 1507 1003 1550 columnis,
1030 1514 1068 1544 et
1096 1509 1204 1557 signa
1235 1509 1414 1546 militaria

309 1572 432 1608 adfixa
460 1572 582 1607 omnis
608 1571 755 1618 generis
779 1571 925 1607 ‹lemsit.
980 1571 1036 1607 M.
1057 1570 1209 1607 Fulvius
1239 1572 1347 1622 plura
1377 1580 1415 1610 et

310 1635 464 1685 majoris
484 1635 623 1671 locavit
644 1647 730 1670 usus
749 1648 757 1670 ε
789 1642 941 1685 portum
964 1641 1001 1671 et
1029 1635 1123 1685 pilas
1143 1637 1269 1686 pontis
1290 1638 1328 1673 in
1347 1637 1415 1673 Ti-

309 1699 459 1744 berim;
489 1698 623 1747 quibus
652 1698 747 1748 pilis-
766 1697 929 1734 fornices
958 1705 1045 1749 post
1068 1699 1212 1747 aliquot
1232 1713 1350 1736 annos
1370 1701 1414 1738 P.

312 1765 440 1815 Scipio
470 1763 671 1799 Africanus
695 1771 733 1799 et
760 1763 807 1800 L.
826 1763 1034 1799 Mummius
1064 1776 1236 1800 censores
1267 1764 1416 1801 locave-

311 1822 400 1865 runt
420 1828 679 1877 inponendos:
711 1827 905 1863 basilicam
925 1833 1012 1877 post
1036 1829 1267 1875 argentarias
1297 1841 1414 1867 novas
1446 1844 1449 1847 ·

313 1900 352 1929 et
382 1892 506 1928 forum
538 1892 797 1941 piscatorium,
836 1892 1073 1928 circumdatis
1107 1891 1288 1936 tabernis,
1324 1907 1416 1943 quas

313 1956 482 1992 vendidit
510 1956 549 1990 in
577 1956 791 2004 privatum3
824 1962 861 1991 et
889 1955 1027 1998 forum,
1048 1962 1085 1990 et
1104 1956 1291 2005 porticum
1311 1965 1418 1995 extra

314 2027 464 2070 portam
497 2019 768 2067 Trigeminam,
797 2026 833 2055 et
863 2019 974 2055 aliam
993 2026 1081 2069 post
1111 2019 1270 2063 navalia,
1301 2027 1338 2057 et
1370 2023 1418 2059 ad

314 2083 443 2119 fanum
475 2081 665 2125 Herculis,
687 2090 723 2118 et
753 2090 839 2132 post
869 2083 955 2131 Spei
975 2082 1021 2118 ad
1039 2081 1207 2118 Tiberim
1229 2084 1345 2120 aedem
1363 2087 1419 2122 A-

316 2144 467 2195 pollinis
487 2144 641 2181 Medici.
689 2145 867 2181 Habuere
888 2151 925 2181 et
945 2146 982 2180 in
1003 2146 1216 2195 promiscuo
1237 2154 1418 2195 praeterea

316 2208 535 2259 pecuniam:
559 2221 605 2244 ex
625 2221 668 2244 ea
688 2209 936 2244 communiter
954 2208 1127 2245 locarunt
1147 2221 1280 2258 aquam
1301 2210 1417 2247 addu-

317 2272 488 2315 cendam,
508 2271 744 2323 fornicesque
764 2272 970 2310 faciendos.
1026 2271 1290 2324 Inpedimento
1313 2275 1419 2326 operi
