1546 2648
312 143 395 188 180
461 177 465 183 .
759 157 806 187 τ.
831 157 968 189 ιινιι

114 245 158 278 U.
169 247 207 282 c.
223 255 296 286 567.
309 244 379 289 ria,
396 250 434 282 et
447 244 688 295 Eurymenae,
705 251 743 283 et
761 253 887 285 cetera
901 249 1002 286 circa
1017 260 1078 285 eas
1098 246 1261 300 oppida3
1293 253 1420 286 utrum

115 292 206 324 A'C‘
223 300 295 326 ¹⁸⁵·
308 309 578 346 Thessalorum
590 308 704 361 juris,
725 324 841 361 quum
859 313 896 348 vi
916 314 1074 350 ademtae
1094 324 1351 363 possessaeque
1370 311 1419 349 ab

307 372 450 411 AEtolis
469 373 610 417 forent,
635 375 740 422 (nam
758 375 977 427 Philippum
993 376 1136 413 AEtolis
1152 376 1336 412 ademisse
1354 387 1418 412 eas

307 438 526 486 constabat)
550 451 596 475 an
613 435 785 476 AEtolica
797 440 1005 489 antiquitus
1021 453 1065 477 ea
1077 440 1217 491 oppida
1230 439 1416 476 fuissent:

303 503 361 539 ita
375 503 469 539 enim
482 503 642 539 Acilium
658 503 735 551 regi
748 505 963 547 concessisse,
978 506 1010 541 si
1024 505 1234 541 AEtolorum
1242 503 1417 553 fuissent,

303 569 340 603 et
357 568 388 603 si
405 566 601 610 voluntate,
621 579 692 603 non
709 569 740 603 si
757 569 794 604 vi
812 573 919 616 atque
939 570 1050 605 armis
1064 570 1191 612 coacti,
1209 581 1288 605 cum
1305 568 1418 605 AEto-
1528 557 1546 591 {-

306 632 349 668 lis
366 636 489 668 essent.
544 630 726 681 Ejusdem
745 631 916 668 formulae
936 632 1161 683 disceptatio
1181 632 1226 667 de
1245 631 1418 668 Perrhae-
1530 654 1532 687 3

304 694 440 732 borum
469 694 771 744 Magnetumque
800 696 948 746 oppidis
981 695 1078 732 fuit:
1111 696 1281 733 omnium
1315 695 1418 732 enim
1531 728 1534 743 ,

298 757 389 809 jura
418 758 647 809 possidendo
677 771 744 809 per
772 760 992 796 occasiones
1022 758 1146 796 AEtoli
1177 760 1419 797 miscuerant.
1531 747 1534 797 i

303 822 366 859 Ad
391 823 486 866 haec,
507 836 590 872 quae
610 823 895 873 disceptationis
929 830 1050 867 erant,
1071 823 1232 873 querelae
1252 824 1417 860 Thessa·
1531 803 1546 875 Ι,

303 886 426 924 lorum
456 886 627 937 adjectae,
649 889 744 936 quod
772 900 814 924 ea
844 889 992 936 oppida,
1023 890 1054 924 si
1072 887 1155 935 jam
1182 889 1420 925 redderentur

301 952 379 995 sibi,
399 953 556 1001 spoliata
581 965 623 989 ac
643 954 781 988 deserta
806 954 1015 989 redditurus
1032 957 1143 989 esset:
1170 965 1270 995 nam,
1287 958 1421 1002 praeter

301 1017 385 1053 belli
405 1016 542 1053 casibus
563 1018 718 1060 amissos,
738 1019 948 1065 quingentos
964 1019 1144 1066 principes
1160 1015 1362 1064 juventutis
1380 1019 1418 1054 in

301 1081 556 1118 Macedoniam
585 1081 784 1124 abduxisse,
809 1085 844 1117 et
872 1089 982 1129 opera
1010 1093 1132 1117 eorum
1163 1083 1200 1117 in
1235 1082 1418 1118 servilibus

300 1144 402 1181 abuti
419 1145 626 1182 ministeriis
639 1159 650 1180 .·
679 1149 728 1187 et,
749 1157 826 1192 quae
844 1145 1042 1181 reddiderit
1060 1149 1202 1180 coactus
1227 1145 1415 1188 Thessalis,

301 1209 450 1246 inutilia
471 1214 512 1246 ut
539 1210 717 1252 redderet,
747 1221 897 1245 curasse.
959 1209 1093 1245 Thebas
1122 1209 1276 1246 Phthias
1306 1222 1418 1246 uuum

301 1274 525 1309 maritimum
549 1274 746 1321 emporium
765 1272 897 1322 faisse,
925 1273 1104 1321 quondam
1129 1273 1304 1310 Thessalis
1322 1286 1416 1322 qure-

300 1342 458 1374 stuosum
476 1343 512 1374 et
526 1336 765 1386 frugiferum.
823 1338 878 1374 Ibi
903 1337 1050 1373 navibus
1068 1339 1242 1373 onerariis
1269 1350 1415 1386 compa-

299 1402 406 1444 ratis,
426 1413 559 1449 regem,
580 1414 657 1449 quae
672 1406 805 1449 praeter
829 1400 964 1437 Thebas
981 1401 1257 1437 Demetriadem
1275 1414 1416 1438 cursum

302 1466 512 1513 dirigerent,
540 1467 816 1514 negotiationem
845 1467 1067 1502 maritimam
1085 1477 1223 1502 omnem
1248 1478 1287 1502 eo
1312 1479 1416 1503 aver-

301 1530 392 1566 tisse.
448 1529 537 1566 Jam
571 1541 615 1565 ne
645 1542 669 1564 a
706 1530 833 1576 legatis
858 1530 1013 1577 quidem,
1045 1530 1106 1577 qui
1132 1528 1219 1575 jure
1251 1532 1415 1578 gentium

300 1595 416 1630 sancti
438 1596 523 1636 sint,
543 1595 720 1630 violandis
745 1593 944 1630 abstinere:
973 1595 1121 1630 insidias
1143 1596 1279 1642 positas
1298 1597 1416 1632 eunti-

301 1657 362 1694 bus
384 1659 433 1694 ad-
457 1658 498 1694 T.
513 1658 729 1699 Quinctium.
786 1657 916 1706 Itaque
940 1669 1024 1705 ergo
1050 1659 1086 1693 in
1113 1662 1251 1694 tantum
1279 1664 1414 1696 metam

300 1733 420 1757 omnes
446 1721 629 1758 Thessalos
657 1720 844 1768 conjectos,
871 1726 910 1758 ut
935 1733 1006 1757 non
1036 1723 1073 1757 in
1098 1721 1299 1758 civitatibus
1325 1726 1411 1767 suis,

300 1797 370 1822 non
392 1787 430 1823 in
458 1786 695 1824 communibus
721 1787 840 1834 gentis
868 1787 1039 1829 conciliis,
1070 1787 1255 1834 quisquam
1285 1787 1416 1824 hiscere

301 1852 437 1888 audeat
449 1866 462 1887 .·
488 1852 616 1899 procul
639 1853 732 1887 enim
758 1851 872 1887 abesse
898 1851 1072 1887 libertatis
1095 1856 1257 1888 auctores
1276 1852 1414 1890 Rorna-

302 1929 388 1953 nos:
419 1917 524 1952 lateri
556 1916 739 1953 adhaerere
762 1928 910 1964 gravem
940 1917 1136 1959 dominum,
1169 1916 1414 1964 prohibentem

300 1982 357 2017 uti
375 1980 549 2030 beneficiis
573 1980 702 2028 populi
720 1978 888 2016 Romani.
947 1980 1045 2021 Quid
1071 1985 1205 2023 autem,
1227 1982 1257 2016 si
1281 1992 1348 2017 vox
1367 1982 1413 2018 li·

301 2044 384 2080 bera
402 2055 470 2080 non
488 2044 548 2086 sit,
569 2043 716 2079 liberum
735 2055 806 2079 esse
818 2044 839 2079 ,9
868 2043 974 2079 Nunc
990 2055 1027 2080 se
1039 2044 1181 2093 fiducia
1196 2048 1231 2079 et
1245 2046 1414 2092 praesidio

300 2108 502 2156 legatorum
521 2109 746 2156 ingemiscere
770 2109 898 2156 magis,
918 2120 1024 2156 quam
1052 2109 1173 2156 loqui:
1200 2110 1269 2144 nisi
1290 2112 1413 2157 provi·

299 2173 407 2209 deant
427 2173 568 2221 aliquid
587 2172 757 2215 Romani,
778 2185 846 2220 quo
864 2177 899 2209 et
923 2173 1054 2208 Graecis
1074 2173 1325 2209 Macedoniam
1345 2175 1412 2211 ad-

299 2236 491 2272 colentibus
521 2240 647 2279 metus,
677 2241 712 2273 et
747 2237 902 2273 audacia
930 2236 1096 2285 Philippi
1124 2238 1322 2281 minuatur,
1348 2249 1413 2274 ne·

298 2302 495 2351 quidquam
519 2305 553 2338 et
581 2302 683 2338 illum
711 2302 859 2347 victum,
889 2306 923 2339 et
954 2313 990 2338 se
1018 2302 1187 2339 liberatos
1221 2313 1303 2341 esse.
1364 2302 1415 2340 Ut
