1546 2648
433 122 644 152 Llssnoss.
677 121 899 150 DEPERD.
1141 123 1226 168 579

108 213 293 250 narentur.
351 213 414 249 Cn.
432 214 638 262 Pompeius,
661 213 737 261 lege
754 213 804 249 ad
831 213 1006 262 populum
1034 214 1124 258 lata,
1144 227 1227 264 per-

107 277 207 323 sequi
230 278 373 325 piratas
395 275 530 323 jussus,
561 278 622 324 qui
650 278 900 313 commercium
936 290 1086 315 annonae
1113 281 1225 315 inter-

106 339 297 383 cluserant,
318 342 414 376 intra
432 341 745 388 quadragesimum
765 342 858 377 diem
880 346 954 378 toto
973 344 1069 379 mari
1089 355 1146 379 eos
1164 356 1226 379 es:-

104 404 226 451 pulit,·
254 405 412 452 belloque
441 417 520 440 cum
547 406 590 440 iis
614 406 652 440 in
675 404 803 440 Cilicia
822 404 995 454 confecto,
1017 409 1170 455 acceptis
1189 409 1228 444 in

106 467 321 504 deditionem
346 470 479 517 piratis
497 481 601 516 agros
619 472 653 505 et
678 469 779 505 urbes
797 470 910 506 dedit.
967 471 1151 508 Praeterea
1171 484 1227 509 res

102 536 223 578 gestas
240 545 263 568 a
281 533 323 574 Q.
337 534 489 570 Metello
508 535 673 570 adversus
695 534 874 570 Cretenses
892 536 1071 572 continet:
1096 541 1133 572 et
1149 539 1225 585 epi-

102 598 214 633 stolas
233 598 377 634 Metelli
394 604 429 634 et
451 600 514 635 Cn.
532 600 696 648 Pompeii
719 601 756 635 in
773 601 883 635 vicem
902 602 1036 637 missas.
1096 602 1226 643 Queri·

104 664 163 695 tur
182 661 363 704 Metellus,
381 664 538 710 gloriam
561 663 627 699 sibi
655 676 775 699 rerum
802 668 987 711 gestarum
1005 677 1028 701 a
1047 666 1221 714 Pompeio

99 727 260 773 prceripi,
283 729 342 774 qui
363 729 399 763 in
421 727 565 763 Cretam
586 729 723 764 miserit
742 730 902 776 legatum
925 742 1028 766 suum
1053 731 1102 766 ad
1124 732 1219 767 acci-

95 790 246 836 piendas
265 791 404 827 urbium
424 793 628 831 deditiones.
675 794 870 842 Pompeius
892 796 1068 831 rationem
1086 795 1218 838 reddit,

100 852 166 889 hoc
182 865 218 889 se
232 854 365 902 facere
384 856 551 894 debuisse.

636 955 680 992 C.

104 1024 162 1076 C.
185 1041 455 1078 MANILIUS
483 1040 643 1077 tribunus
667 1041 778 1089 plebis
805 1054 940 1089 magna
968 1042 1217 1090 indignatione

95 1106 293 1141 nobilitatis
319 1107 430 1153 legem
455 1107 552 1148 tulit,
574 1110 614 1141 ut
636 1107 809 1155 Pompeio
827 1107 1125 1143 Mithridaticum
1143 1107 1217 1143 bel-

93 1171 168 1206 lum
188 1172 433 1207 mandaretur.
475 1171 604 1206 Concio
623 1168 697 1216 ejus
715 1170 817 1208 bona.
862 1171 906 1212 Q.
925 1171 1111 1214 Metellus,
1127 1184 1214 1220 per-

95 1234 240 1270 domitis
257 1234 487 1277 Cretensibus,
502 1234 619 1270 liberae
636 1235 674 1270 in
691 1235 730 1270 id
749 1238 884 1283 tempus
903 1236 1026 1271 insulae
1044 1236 1135 1283 leges
1149 1237 1212 1272 de-

94 1299 160 1335 dit.
196 1299 259 1335 Cn.
273 1299 481 1347 Pompeius,
503 1300 553 1335 ad
574 1300 769 1346 gerendum
794 1299 923 1335 bellum
950 1300 1116 1336 adversus
1134 1301 1213 1337 Mi·
1259 1348 1262 1349 ⁷

91 1363 287 1400 thridatem
320 1363 520 1412 profectus,
559 1375 641 1399 cum
675 1374 758 1410 rege
787 1363 1010 1400 Parthorum
1047 1364 1213 1401 Phraate

89 1429 288 1464 amicitiam
306 1429 504 1471 renovavit,
524 1428 678 1476 equestri
693 1428 820 1475 proelio
836 1428 1091 1464 Mithridatem
1110 1430 1208 1466 vicit.

88 1494 271 1530 Praeterea
293 1494 425 1530 bellum
452 1495 546 1529 inter
564 1493 763 1530 Phraatem
779 1494 1001 1531 Parthorum
1018 1507 1150 1542 regem,
1170 1500 1208 1531 et
1246 1539 1252 1545 „

92 1558 284 1605 Tigranem
303 1559 569 1601 Armeniorum,
593 1569 637 1593 ac
655 1559 784 1595 deinde
801 1560 896 1596 inter
919 1560 1110 1607 Tigranem
1121 1559 1204 1609 fili-

88 1631 146 1659 um
163 1628 374 1672 patremque
388 1628 542 1672 gestum,
560 1625 731 1660 continet.

607 1719 673 1758 CI.

86 1788 180 1841 CN.
199 1804 477 1845 POMPEJUS
503 1804 771 1847 Mithridatem,
790 1807 964 1840 nocturno
977 1804 1104 1852 praeizo
1121 1805 1196 1841 vic-

82 1875 170 1912 tum,
201 1870 312 1916 co'e'git
336 1870 521 1917 Bosporon
548 1867 755 1917 profugere.
817 1868 1010 1915 Tigranem
1036 1869 1074 1904 in
1093 1869 1196 1905 dedi-

79 1937 210 1972 tionem
229 1937 380 1982 accepst,
400 1936 513 1981 eique,
534 1935 686 1970 ademtis
705 1933 828 1980 Syria,
850 1933 1026 1975 Phoenice,
1050 1933 1194 1977 Cilicia,

77 2012 224 2048 regnum
242 2000 421 2036 Armeniae
453 1999 620 2034 restituit.
679 1996 888 2044 conjuratio
919 2009 1037 2033 eorum
1068 1999 1128 2046 qui
1156 2000 1195 2034 in

73 2065 248 2112 petitione
276 2063 480 2099 consulatus
498 2062 652 2098 ambitus
677 2062 843 2097 damnati
871 2065 988 2104 erant,
1007 2061 1120 2110 facta
1148 2063 1193 2098 de

74 2128 324 2176 interficiendis
349 2127 559 2169 consulibus,
589 2126 751 2174 obpressa
779 2130 843 2162 est.
900 2125 963 2162 Cn.
985 2126 1192 2174 Pompeius,

78 2204 187 2240 quum
201 2191 454 2228 Mithridatem
467 2195 749 2240 persequeretur,
764 2191 801 2226 in
819 2190 967 2226 ultimas
986 2191 1194 2238 ignotasque

73 2260 193 2304 gentes
216 2257 431 2304 penetravit.
501 2255 621 2292 Iberos
638 2254 878 2303 Albanosque,
910 2255 972 2302 qui
1001 2254 1191 2290 transitum

591 2318 622 2354 C
643 2330 663 2353 c
682 2318 705 2353 2
