1546 2648
363 127 516 158 LIBER
537 125 678 156 XLIV.
711 125 818 156 cAP.
842 127 948 156 XLI.
1120 125 1201 170 473

93 217 195 255 haud
227 229 406 267 magnum
437 216 592 267 propius
622 216 790 252 hostium
815 216 962 259 castris,
983 227 1030 252 ex
1057 228 1133 266 quo
1166 223 1204 252 et
1217 221 1258 252 U.
1271 222 1396 254 0534.

91 281 320 318 Macedones
337 287 375 317 et
389 280 556 316 Romani
576 279 828 329 aquabantur,
841 279 1024 330 praesidiis
1037 292 1084 316 ex
1101 286 1202 316 utra·
1214 265 1254 296 A·
1271 266 1308 298 C·
1326 272 1397 298 ¹⁶⁸·

92 357 164 393 que
193 345 274 395 ripa
302 344 451 394 positis,
472 349 515 380 ut
543 344 579 379 id
610 343 735 380 facere
767 349 852 379 tuto
880 348 1049 393 possent.
1104 342 1203 380 Duae

91 409 266 445 cohortes
295 421 318 445 a
346 414 453 459 parte
480 407 745 444 Romanorum
774 413 896 450 erant,
924 406 1146 444 Marrucina
1165 413 1203 443 et

88 471 271 521 Peligna3
314 472 396 509 duae
428 479 562 510 turmae
593 472 820 508 Samnitium
850 472 1034 520 equitum,
1065 471 1201 520 quibus

87 543 246 585 praeerat
274 536 332 574 M.
351 537 502 586 Sergius
523 537 621 574 Silus
642 536 812 586 legatus:
846 541 884 572 et
902 535 1003 572 aliud
1029 549 1098 585 pro
1118 547 1201 572 cas-

87 600 154 636 tris
175 601 353 638 stativum
372 608 453 638 erat
478 602 695 652 praesidium
724 600 793 637 sub
824 601 867 637 C.
895 600 1030 637 Cluvio
1056 599 1200 648 legato,

87 671 161 700 tres
182 665 373 708 coburtes‚
393 665 584 709 Firmana,
605 665 778 707 Vestina,
801 664 1067 700 Cremonensis
1082 679 1092 708 ;
1117 664 1200 700 duae

87 735 220 764 turmae
251 730 434 777 equitum,
467 729 692 765 Placentina
728 735 766 764 et
795 728 1014 765 AEsernina.
1069 727 1199 766 Quum

85 792 207 829 otium
235 793 281 829 ad
308 793 448 830 flumen
478 800 591 837 esset,
620 793 764 829 neutris
794 791 1079 835 lacessentibus,
1103 792 1199 828 hora

84 855 234 892 circiter
247 864 382 905 quarta
393 856 625 906 jumentum,
640 869 660 892 e
675 856 848 892 manibus
865 856 1077 892 curantium
1093 855 1197 906 elap-

85 931 181 963 sum,
203 920 241 956 in
273 920 489 956 ulteriorem
517 921 639 971 ripam
668 920 823 969 effugit:
857 920 958 968 quod
987 932 1102 968 quum
1130 931 1197 970 per

84 997 234 1033 aquam,
253 984 371 1021 ferme
390 997 490 1033 genn
508 991 618 1021 tenus
638 984 768 1027 altam,
789 990 864 1019 tres
893 983 1030 1019 milites
1061 996 1195 1032 seque-

85 1053 228 1091 rentur,
248 1047 415 1084 Thraces
435 1049 510 1085 duo
528 1048 566 1084 id
579 1047 797 1098 jumentum
817 1059 864 1084 ex
881 1046 1007 1083 medio
1027 1046 1134 1082 alveo
1153 1046 1194 1082 in

84 1123 190 1147 suam
205 1112 325 1162 ripam
342 1113 535 1148 trahentes
552 1128 563 1158 3
595 1112 715 1148 altero
744 1124 875 1148 eorum
899 1111 1041 1153 occiso,
1062 1123 1192 1160 recep-

84 1181 201 1225 toque
221 1188 266 1212 eo
278 1175 472 1225 jumento,
493 1176 541 1212 ad
569 1176 772 1212 stationem
802 1188 956 1211 suorum
976 1187 1014 1210 se
1032 1175 1192 1224 recipie-

82 1238 188 1276 bant.
244 1239 565 1288 octingentorum
589 1240 780 1276 Thracum
809 1239 1022 1289 praesidium
1042 1239 1082 1274 in
1099 1238 1190 1274 hos·

81 1304 177 1340 tium
195 1304 277 1354 ripa
297 1311 377 1340 erat
395 1319 402 1339 :
435 1317 482 1341 ex
500 1304 558 1340 his
578 1305 687 1354 pauci
717 1304 855 1354 primo,
877 1315 974 1352 aegre
1000 1302 1099 1352 passi
1120 1314 1190 1352 po-

79 1367 247 1418 pularem
274 1369 313 1404 in
342 1380 411 1403 suo
437 1373 643 1418 conspectu
663 1379 814 1410 caesum,
835 1367 883 1403 ad
909 1366 1189 1417 persequendos

77 1431 338 1468 interfectores
358 1431 511 1468 fiuvium
539 1432 765 1479 transgressi
791 1436 905 1467 sunt:
938 1430 1023 1467 dein
1048 1428 1190 1480 plureS,

78 1501 271 1547 postremo
290 1508 436 1540 omnes,
453 1502 492 1532 et
511 1508 596 1532 cum
613 1496 803 1547 praesidio,

336 1602 359 1624 ἕ
522 1605 546 1630 ‘3⁴
710 1606 734 1630 ’ἳέ
900 1615 921 1635 a*

77 1687 252 1740 proelium
272 1689 387 1725 ducit.

85 1763 89 1768 ’
131 1753 241 1791 XLI.
270 1752 457 1790 Movebat
476 1753 625 1804 imperii
643 1752 835 1803 majestas,
857 1751 979 1802 gloria
997 1752 1080 1795 viri,
1100 1757 1190 1788 ante

76 1819 205 1855 omnia
234 1824 338 1861 aetas,
365 1818 467 1867 quod
494 1817 617 1868 major
646 1818 846 1866 sexaginta
873 1817 981 1853 annis
1004 1815 1190 1866 juvenum

76 1883 206 1919 munia
224 1883 263 1918 in
283 1888 390 1932 parte
414 1883 603 1933 praecipua
631 1882 772 1919 laboris
801 1881 1034 1932 periculique
1060 1892 1189 1930 capes-

76 1945 195 1982 sebat.
251 1946 510 1990 Intervallum,
549 1947 650 1996 quod
678 1947 778 1983 inter
811 1951 986 1981 caetratos
1020 1949 1058 1980 et
1094 1943 1191 1993 pha·

76 2009 206 2059 langes
226 2016 320 2053 erat,
340 2009 499 2061 inplevit
522 2009 638 2059 legio,
658 2016 773 2059 atque
793 2010 912 2046 aciem
938 2008 1107 2044 hostium
1129 2007 1188 2043 in-

78 2074 250 2123 terrupit.
303 2075 342 2110 A
367 2079 474 2124 tergo
501 2075 665 2111 caetratis
695 2079 790 2116 erat,
817 2073 984 2109 frontem
1013 2071 1188 2108 adversus

79 2134 261 2185 clipeatos
293 2136 485 2174 habebat:
518 2137 730 2188 aglaspides
767 2134 1067 2186 adpellabantur.
1123 2133 1191 2169 Se-

79 2199 242 2236 cundam
261 2199 450 2248 legionem
477 2201 524 2239 L.
545 2201 708 2239 Albinus
738 2199 947 2236 consularis
970 2199 1105 2235 ducere
1124 2196 1190 2233 ad-

77 2274 203 2301 versus
219 2262 470 2316 leucaspidem
485 2265 713 2318 phalangem
720 2263 851 2315 jussus
868 2278 876 2300 2
900 2276 944 2300 ea
956 2261 1079 2300 media
1090 2261 1191 2298 acies
