1546 2648
307 154 463 184 LIBER
488 151 719 182 xxxvnl.
752 150 859 180 cAP.
880 149 966 180 XX.
1115 148 1193 181 101

83 255 159 287 mo,
181 243 374 292 ingentem
388 242 465 278 vim
484 240 662 292 pilorum,
679 239 893 276 velitarium
911 239 1121 282 hastarum,
1138 250 1198 275 sa·
1211 244 1302 276 U.C.
1320 249 1397 278 563.

83 309 278 357 gittarum,
299 306 536 357 glandisque,
557 311 595 341 et
613 305 865 346 modicorum,
879 304 943 352 qui
962 302 1080 357 funda
1099 303 1201 339 mitti
1213 290 1253 320 Α·
1267 288 1305 322 C·
1322 296 1395 322 ¹⁸⁹·

82 377 251 423 possent,
268 371 436 421 lapidum
455 375 673 420 paraverat:
702 369 985 417 instructusque
1004 365 1204 403 missilium

84 435 267 485 adparatu
293 435 339 471 ad
363 433 571 484 Olympum
599 438 769 469 montem
792 432 910 475 ducit,
931 437 969 467 et
990 443 1013 467 a
1038 431 1203 480 quinque
1216 440 1338 473 Consul
1354 442 1395 473 ad

84 500 202 537 ferme
225 498 390 535 millibus
421 498 525 535 locat
553 503 689 534 castra.
746 497 909 533 Postero
928 496 987 532 die
1006 508 1092 532 cum
1111 508 1204 544 qua·
1217 485 1400 560 3¹35ng

85 564 294 613 dringentis
326 563 515 613 equitibus
546 571 583 599 et
608 561 742 600 Attalo
767 573 1009 612 progressum
1038 572 1138 603 eum,
1159 559 1206 596 ad
1218 573 1322 610 ducit,

86 635 261 664 naturam
282 628 421 664 montis
442 629 631 677 situmque
656 626 890 663 Gallicorum
916 632 1130 663 castrorum
1150 625 1206 660 vi-
1218 625 1368 699 ἓέἕζῐῖἱᾶηῒ

79 691 259 735 sendum,
298 693 442 740 equites
480 691 663 734 hostium,
701 690 840 741 duplex
875 702 1068 733 numerus,
1101 688 1420 734 effUSiTolistoboii.

89 757 221 792 castris
257 757 295 792 in
324 756 454 805 fugam
490 761 730 792 averterunt:
767 755 885 791 occisi
914 766 1066 805 quoque
1097 754 1210 805 pauci

85 819 332 868 fugientium,
352 820 538 856 vulnerati
558 819 698 869 plures,
743 819 878 855 Tertio
899 818 960 855 die
978 831 1065 855 cum
1084 818 1210 854 omni-

89 882 160 920 bus
176 883 224 920 ad
239 883 324 919 loca
340 882 571 933 exploranda
585 882 794 932 profectus,
807 882 897 931 quia
913 894 1026 918 nemo
1041 882 1212 918 hostium

89 953 198 985 extra
216 948 454 984 munimenta
473 947 672 998 processit,
692 952 779 983 tuto
800 946 1073 982 circumvectus
1100 958 1212 982 mon-

83 1017 183 1055 tem,
217 1011 498 1055 animadvertit,
533 1011 742 1048 meridiana
777 1010 934 1059 regione
969 1015 1140 1046 terrenos
1175 1015 1215 1045 et

83 1075 237 1126 :placide
263 1075 429 1112 adclivos
457 1075 505 1111 ad
533 1074 732 1125 quemdam
761 1073 875 1110 finem
904 1072 1021 1109 colles
1051 1083 1146 1117 esse,
1166 1072 1216 1109 ad

92 1139 392 1190 septentrionem
411 1138 547 1176 arduas
569 1145 607 1175 et
624 1144 747 1175 rectas
777 1150 897 1188 prope
917 1150 1054 1188 rupes3
1086 1144 1216 1187 atque,

83 1203 270 1240 xomnibus
291 1203 409 1240 ferme
435 1204 518 1240 aliis
541 1203 668 1247 inviis,
691 1203 829 1239 itinera
856 1203 931 1238 tria
958 1214 1067 1248 esse3
1099 1215 1220 1239 unum

92 1267 218 1304 medio
246 1274 392 1311 monte,
423 1280 498 1317 qua
523 1273 675 1304 terrena
704 1273 835 1303 erant:
875 1267 951 1303 duo
976 1265 1143 1303 difficilia
1170 1266 1219 1303 ab

84 1330 257 1368 -hiberno
276 1331 365 1368 solis
387 1338 490 1375 ortu,
512 1337 551 1367 et
570 1331 617 1367 ab
641 1332 772 1367 aestivo
793 1343 944 1367 occasu.
1000 1330 1098 1367 Haec
1126 1343 1221 1367 con·

86 1394 316 1446 ·templatus,
338 1408 383 1432 eo
403 1395 464 1432 die
485 1395 555 1432 sub
575 1396 666 1446 ipsis
686 1395 876 1432 radicibus
908 1395 1038 1445 posuit
1067 1401 1192 1432 castra
1209 1411 1217 1432 :

95 1466 251 1511 postero
286 1460 360 1504 die,
395 1461 581 1497 sacrificio
617 1460 736 1504 facto,
771 1472 888 1510 quum
918 1459 1048 1510 primis
1085 1460 1222 1497 hostiis

95 1524 257 1569 litasset,
277 1525 462 1562 trifariam
488 1526 697 1563 exercitum
728 1526 888 1562 divisum
911 1525 1047 1561 ducere
1066 1525 1113 1561 ad
1131 1525 1223 1562 hos-

97 1595 176 1625 tem
194 1590 320 1640 pergit
339 1605 346 1626 :
380 1591 460 1641 ipse
491 1603 576 1626 cum
605 1592 772 1627 maxima
790 1597 898 1641 parte
917 1591 1127 1640 copiarum,
1148 1603 1224 1640 qua

100 1655 355 1703 aequissimum
375 1656 520 1692 aditum
550 1655 745 1706 praebebat
774 1668 899 1699 mom,
921 1655 1128 1692 adscendit.
1175 1653 1223 1692 L.
1252 1671 1258 1676 ³

99 1718 290 1756 Manlium
318 1720 473 1756 fratrem
501 1721 548 1757 ab
579 1720 741 1757 hiberno
768 1727 869 1763 ortu,
890 1720 1015 1769 quoad
1043 1719 1129 1756 loca
1156 1732 1225 1771 pa-

99 1783 258 1827 tiantur,
280 1789 318 1820 et
337 1790 422 1820 tuto
441 1785 577 1835 possit,
599 1785 725 1821 subire
742 1783 879 1835 jubet:
913 1784 944 1819 si
974 1797 1048 1833 qua
1076 1784 1225 1835 pericu-

100 1846 184 1884 losa
212 1854 251 1884 et
275 1856 467 1899 praerupta
490 1849 711 1893 obcurrant,
731 1862 810 1885 non
838 1861 1009 1900 pugnare
1038 1862 1124 1885 cum
1152 1850 1226 1885 ini-

101 1912 247 1960 quitate
278 1912 464 1956 locorum,
496 1926 618 1963 neque
652 1912 1020 1964 inexsuperabilibus
1053 1914 1129 1949 vim
1159 1913 1227 1950 ad-

101 1976 200 2013 ferre
215 1993 226 2022 3
260 1977 324 2013 sed
344 1977 500 2027 obliquo
520 1984 652 2014 monte
672 1979 718 2015 ad
735 1991 774 2015 se
790 1977 994 2021 declinare,
1012 1984 1050 2014 et
1069 1990 1139 2014 suo
1159 1991 1227 2027 ag-

103 2040 197 2076 mini
216 2041 412 2092 conjungi.
444 2043 487 2080 C.
505 2042 687 2079 Helvium
707 2055 792 2079 cum
812 2042 925 2079 tertia
944 2048 1052 2093 parte
1065 2042 1227 2079 circum-

105 2103 160 2139 ire
179 2105 316 2141 sensim
336 2118 404 2156 per
427 2106 555 2144 infima
584 2107 742 2151 montis,
763 2106 899 2143 deinde
924 2106 972 2142 ab
1000 2107 1132 2142 aestivo
1161 2119 1229 2144 oc-

106 2179 196 2203 casu
215 2169 358 2218 erigere
378 2183 534 2220 agmen:
557 2178 594 2208 et
606 2171 730 2209 Attali
749 2172 891 2209 auxilia
909 2171 1097 2208 trifariam
1118 2186 1228 2222 aequo

105 2245 266 2271 numero
285 2236 439 2283 divisit;
472 2250 600 2275 secum
620 2251 700 2275 esse
728 2240 853 2291 ipsum
875 2237 1057 2289 juvenem
1081 2238 1199 2289 jussit
1214 2255 1227 2285 3

108 2299 320 2363 equitatum
345 2313 432 2341 cum
454 2303 665 2355 elephantis
689 2304 730 2342 in
759 2305 936 2356 proxima
964 2303 1119 2341 tumulis
1149 2303 1231 2356 pla-

637 2366 670 2405 F
688 2368 712 2406 3
