1546 2648
323 197 478 226 LIBER
503 195 584 224 XL.
617 195 725 223 CAP.
750 195 937 224 xxxlx.
1111 186 1189 241 263

81 285 164 321 viso
190 284 373 335 obpressi,
394 285 442 321 ad
467 284 664 321 duodecim
685 283 804 319 millia
822 283 1020 320 hominum
1042 285 1191 322 dedide-
1206 290 1249 320 U.
1262 290 1299 321 C.
1314 296 1388 326 572.

82 356 172 385 runt
190 361 242 386 se.
287 349 381 392 Eos,
403 348 580 385 consulto
602 360 669 398 per
688 347 815 384 literas
836 348 938 398 prius
959 355 1106 392 senatu,
1128 350 1192 387 de·
1207 335 1246 365 A·
1259 334 1295 365 C·
1309 341 1380 367 ¹⁸⁰·

82 413 218 450 ducere
246 426 293 450 ex
322 414 515 450 montibus
545 413 584 449 in
614 425 725 461 agros
747 421 974 462 campestres
995 414 1126 462 procul
1147 415 1195 452 ab

83 477 210 520 domo,
238 490 287 514 ne
316 477 458 514 reditus
493 489 576 526 spes
608 482 720 519 esset,
754 475 953 512 Cornelius
984 482 1022 512 et
1040 477 1195 514 Baebius

83 545 311 584 statuerunt,
327 539 474 576 nullum
493 539 608 576 alium
629 546 718 575 ante
733 539 846 575 finem
862 540 935 575 rati
955 539 1036 576 fore
1055 540 1196 589 Ligus·

81 604 153 640 tini
181 603 282 641 belli.
338 605 443 653 Ager
475 602 647 654 publicus
678 603 810 653 populi
840 603 1008 640 Romani
1041 610 1122 640 erat
1156 605 1196 641 in

83 668 331 712 Samnitibus,
355 669 420 717 qui
448 668 746 704 Taurasinorum
780 667 975 715 &sum-at.
1032 667 1078 703 In
1109 681 1196 705 eum

83 732 231 782 quum*
243 733 257 779 )
279 733 473 769 traducere
501 731 663 780 Ligures
683 732 866 782 Apuanos
892 731 1046 775 vellent,
1067 732 1196 769 edixe-

82 802 185 839 runt,
201 796 362 844 Ligures
379 795 426 832 ab
442 796 570 832 Anido
589 795 783 832 montibus
801 796 1026 832 descendere
1045 809 1131 833 cum
1149 796 1196 833 li-

81 858 180 896 beris
211 859 540 910 conjugibusque:
574 873 641 895 sua
670 860 799 896 omnia
827 872 954 896 secum
982 866 1194 910 portarent.

79 923 255 972 LigureS,
276 936 374 974 saepe
393 936 460 974 per
475 923 620 972 legatos
642 923 847 974 deprecati,
868 936 916 959 ne
944 930 1115 973 penateS,
1135 937 1193 960 se-
1206 929 1337 1001 gigures
1353 929 1388 959 in

1230 981 1381 1002 amulum

81 987 179 1030 dem,
208 988 247 1023 in
276 1000 351 1037 qua
376 987 496 1037 geniti
526 993 665 1030 essent,
693 987 866 1037 sepulcra
895 986 1096 1036 majorum,
1127 1001 1192 1024 co-
1205 1014 1353 1047 traducti.

79 1057 258 1100 gerentur
293 1051 518 1101 relinquere,
549 1064 666 1094 arma,
697 1051 846 1087 obsides
883 1051 1189 1101 pollicebantur:

80 1122 282 1165 postquam
311 1115 407 1152 nihil
426 1115 684 1166 inpetrabant,
704 1127 827 1164 neque
848 1115 942 1152 vires
972 1116 1020 1151 ad
1048 1115 1194 1152 bellan-

81 1179 168 1215 dum
188 1185 308 1222 erant,
331 1180 456 1217 edicto
477 1186 696 1230 paruerunt.
729 1179 912 1216 Traducti
932 1186 1021 1215 suut
1040 1180 1195 1229 publico

82 1249 207 1278 sumtu
228 1243 275 1278 ad
295 1243 547 1292 quadraginta
561 1242 681 1279 millia
694 1242 902 1278 liberorum
921 1243 1088 1292 capitum
1109 1256 1196 1279 cnm

79 1305 229 1343 feminis
249 1307 473 1356 puerisque:
506 1307 655 1354 argenti
675 1307 763 1342 data
783 1313 935 1342 centum
953 1313 990 1342 et
1006 1308 1194 1355 quinqua-

79 1370 186 1419 ginta
205 1371 336 1414 millia,
355 1371 467 1414 unde,
486 1371 524 1406 in
545 1383 661 1406 novas
679 1370 791 1414 aedes,
813 1378 1092 1420 compararent,
1110 1385 1193 1420 quae

79 1447 172 1484 opus
203 1441 353 1471 essent:
387 1448 479 1484 agro
508 1435 710 1471 dividendo
740 1435 940 1483 dandoque
970 1435 1099 1477 iidem,
1129 1436 1195 1484 qui

79 1498 339 1543 traduxerant,
370 1499 571 1535 Cornelius
601 1505 639 1535 et
668 1498 821 1535 Baebius
849 1500 1071 1548 praepositi:
1105 1512 1195 1548 pos-

79 1561 288 1598 tulantibus
318 1568 445 1598 tamen
473 1563 579 1612 ipsis,
600 1562 841 1612 quinqueviri
870 1561 918 1598 ab
939 1569 1073 1597 senatu
1099 1562 1191 1605 dati,

80 1638 241 1674 quorum
270 1640 317 1663 ex
346 1626 506 1663 consilio
536 1632 706 1675 agerent.
762 1626 974 1662 Transacta
1003 1639 1056 1668 re,
1078 1640 1194 1675 quum

79 1695 244 1726 veterem
270 1692 477 1728 exercitum
504 1691 671 1728 Romam
700 1690 958 1733 deduxissent,
980 1691 1194 1741 triumphus

79 1753 126 1790 ab
156 1762 289 1791 senatu
323 1762 380 1792 est
409 1756 592 1793 decretus.
649 1755 704 1791 Hi
738 1756 907 1791 omnium
941 1756 1051 1804 primi
1087 1755 1193 1791 nullo
1240 1748 1246 1753 ’

76 1817 178 1855 bello
198 1826 306 1867 gesto
326 1821 610 1870 triumpharunt
627 1833 635 1855 :
657 1827 808 1855 tantum
828 1819 958 1855 hostes
980 1819 1082 1854 ducti
1103 1826 1192 1855 ante

75 1895 227 1919 currum
244 1900 255 1929 3
288 1885 389 1933 quia,
409 1897 479 1921 nec
508 1885 598 1934 quid
626 1884 803 1927 ferretur,
824 1896 947 1932 neque
970 1883 1058 1932 quid
1079 1884 1193 1919 duce·

77 1952 180 1982 retur
207 1954 374 1997 captum,
401 1960 524 1997 neque
552 1948 642 1997 quid
670 1946 854 1983 militibus
885 1947 1052 1989 daretur,
1082 1946 1192 1996 quid-

78 2022 190 2058 quam
210 2011 249 2046 in
268 2012 471 2061 triumphis
492 2024 621 2048 eorum
643 2011 782 2047 fuerat,

131 2072 332 2111 XXXIX.
362 2074 510 2111 Eodem
526 2087 627 2111 anno
648 2075 686 2109 in
705 2073 898 2123 Hispania*
908 2072 1062 2108 Fulvius
1080 2072 1190 2109 Flac-
1205 2083 1265 2114 Res
1278 2081 1355 2115 His-

78 2147 142 2170 cns
172 2138 390 2185 proconsul,
412 2139 501 2187 quia
521 2150 716 2173 successor
735 2138 774 2173 in
793 2138 1028 2187 provinciam
1047 2137 1191 2174 tardius
1204 2127 1320 2166 paniae·

78 2198 267 2242 veniebat,
299 2200 435 2237 educto
469 2202 639 2237 exercitu
677 2214 723 2237 ex
755 2201 939 2243 hibernis,
974 2199 1192 2237 ulteriorem

78 2261 294 2298 Celtiberiae
325 2276 472 2312 agrum,
503 2265 603 2301 unde
634 2265 680 2301 ad
711 2264 943 2300 deditionem
972 2276 1051 2299 non
1082 2277 1192 2300 vene-

75 2331 175 2369 rant,
207 2326 348 2362 institit
368 2334 538 2364 vastare:
571 2341 646 2378 qua
674 2340 714 2364 re
734 2328 899 2364 irritavit
918 2327 1054 2376 magis,
1081 2340 1194 2377 quain
