1546 2648
317 235 471 266 LIBER
494 232 622 262 XLII.
655 232 761 261 cAP.
784 231 931 261 xxlx.
1106 231 1188 275 349

81 324 209 363 animo
240 324 397 362 liaberet
429 335 572 373 gerere,
605 328 648 359 ut
683 322 722 358 id
756 332 977 371 prosperum
1010 321 1187 356 eveniret.
1203 332 1294 364 uc,
1310 341 1382 366 580,

78 388 225 426 Eodem
246 388 304 425 die
333 387 497 424 decrevit
522 391 688 427 senatus,
711 384 754 421 C.
774 382 959 434 Popillius
980 383 1112 419 consul
1130 383 1187 419 lu·
1201 377 1239 405 A.
1258 375 1295 408 C·
1312 383 1382 412 1⁷2·

79 451 147 488 dos
177 464 243 502 per
272 451 349 487 dies
380 450 508 487 decem
537 448 626 485 Jovi
646 447 792 498 optimo
823 446 989 482 maximo
1019 452 1187 489 voveret,

79 515 252 563 donaque
281 514 380 551 circa
408 513 537 549 omnia
564 511 775 563 pulvinaria
803 510 897 552 dari,
919 510 950 544 si
977 509 1188 559 respublica

78 578 206 614 decem
225 590 345 614 annos
366 578 403 614 in
424 578 556 614 eodem
572 582 674 613 statu
692 575 837 611 fuisset.
894 573 955 609 Ita
974 579 1015 608 ut
1032 585 1187 609 censue·

78 648 178 685 rant,
200 642 238 678 in
251 631 454 692 'Capitolio
474 641 577 677 vovit
606 638 739 676 consul
767 638 875 674 ludos
894 637 989 680 fieri,
1010 637 1186 673 donaria-

78 718 151 754 que
166 705 260 748 dari,
281 712 423 755 quanta
442 717 487 741 ex
503 704 663 754 pecunia
683 703 868 739 decresset
888 708 1052 743 senatus,
1071 713 1186 749 quum

78 776 229 806 centum
257 778 294 805 et
311 769 585 818 quinquaginta
611 780 688 803 non
715 767 837 802 minus
858 765 1059 801 adessent:
1090 777 1186 814 prae-

78 838 190 868 eunte
206 832 320 868 verba
338 831 486 881 Lepido
506 830 684 880 pontifice
705 830 885 870 maximo,
901 828 938 864 id
955 834 1081 864 votum
1103 840 1185 864 sus-

76 901 227 944 ceptum
247 902 315 931 est.
372 895 431 930 Eo
452 906 552 929 anno
569 893 780 928 sacerdotes
802 890 942 940 publici
963 892 1116 934 mortui,
1135 891 1185 929 L.

73 960 253 997 AEmilius
283 960 408 1010 Papus
442 958 628 995 decemvir
657 969 863 999 sacrorum,
894 963 932 993 et
961 957 1009 995 Q.
1029 956 1182 993 Fulvius

74 1023 231 1060 Flaccus
264 1023 452 1074 pontifex,
487 1023 551 1072 qui
583 1022 708 1072 priore
742 1033 842 1056 anno
878 1020 1002 1056 fuerat
1035 1033 1181 1057 censor.

75 1089 152 1125 Hic
181 1088 285 1125 foeda
312 1095 433 1124 morte
461 1087 585 1137 periit.
646 1086 702 1121 Ex
722 1084 868 1121 duobus
889 1084 973 1120 filiis
1003 1083 1097 1134 ejus,
1120 1085 1184 1133 qui

75 1158 157 1188 tum
186 1153 225 1188 in
255 1151 407 1200 Illyrico
437 1150 666 1192 militabant,
686 1149 907 1185 nunciatum
937 1148 1094 1183 alterum
1117 1149 1184 1183 de-

77 1216 245 1258 cessisse,
267 1214 424 1251 alterum
449 1214 553 1261 gravi
573 1219 611 1249 et
635 1211 848 1263 periculoso
877 1211 1011 1247 morbo
1041 1225 1181 1260 aegrum

75 1291 167 1315 esse.
211 1278 351 1314 Obruit
370 1279 537 1314 animum
558 1276 669 1312 simul
687 1276 809 1312 luctus
830 1282 1047 1324 metusque:
1071 1288 1182 1312 inane

74 1342 234 1390 ingressi
254 1340 468 1377 cubiculum
488 1340 583 1376 servi
611 1339 747 1388 laqueo
777 1339 1048 1389 dependentem
1077 1339 1182 1375 inve-

75 1418 176 1442 nere.
219 1405 315 1441 Erat
334 1405 480 1454 opinio,
500 1408 587 1453 post
606 1414 800 1438 censuram
823 1401 944 1436 miuus
966 1409 1180 1451 compotem

73 1469 189 1506 fuisse
216 1470 272 1505 sui
293 1485 300 1505 :
333 1468 446 1517 vulgo
475 1468 638 1504 Junonis
668 1466 836 1502 Laciniae
856 1466 949 1501 iram
971 1465 1020 1501 ob
1041 1466 1181 1515 spolia-

75 1541 156 1569 tum
175 1533 357 1583 templum
377 1533 558 1569 alienasse
576 1536 741 1567 mentem
760 1528 944 1565 ferebant.
981 1529 1181 1566 Subfectus

75 1598 114 1633 in
134 1597 283 1634 AEmilii
302 1597 427 1633 locum
446 1595 632 1632 decemvir
650 1593 706 1630 M.
726 1592 899 1628 Valerius
918 1592 1118 1629 Messalla:
1143 1595 1182 1630 in

74 1661 198 1697 Fulvii
225 1660 399 1711 pontifex
420 1660 490 1697 Cn.
509 1658 703 1695 Domitius
726 1656 1018 1700 Ahenobarbus,
1040 1658 1182 1708 oppido

72 1725 289 1762 adolescens
310 1724 482 1760 sacerdos
502 1723 638 1759 lectus.
1040 1730 1042 1732 ·
1209 1727 1215 1731 ‘

123 1788 282 1825 XXIX.
311 1788 356 1825 P.
384 1787 551 1830 Licinio,
586 1787 629 1823 C.
661 1786 794 1822 Cassio
831 1785 1062 1829 consulibus,
1100 1798 1177 1822 non
1191 1799 1232 1828 U,
1247 1798 1373 1830 (2551,

72 1852 159 1890 urbs
178 1858 328 1888 tantum
357 1851 497 1892 Roma,
517 1863 587 1886 nec
616 1857 716 1885 terra
741 1848 867 1891 Italia,
889 1849 952 1884 sed
970 1861 1100 1884 omnes
1119 1862 1177 1885 re·
1192 1844 1230 1914 ἓ·
1247 1842 1283 1871 C·
1300 1849 1371 1891 {71-

73 1929 137 1965 ges
167 1917 427 1965 civitatesque,
451 1928 533 1964 quae
564 1915 602 1950 in
631 1914 802 1964 Europa,
833 1925 989 1962 quaeque
1018 1914 1057 1949 in
1087 1914 1179 1950 Asia
1192 1893 1371 1966 qffgogglstgr

73 1986 194 2023 erant,
215 1984 480 2016 converterant
499 1979 645 2014 animos
665 1978 705 2013 in
725 1990 850 2014 curam
874 1977 1116 2013 Macedonici
1135 1991 1178 2014 ac
1191 1981 1304 2010 regum
1325 1971 1393 2001 ani-

73 2043 239 2080 Romani
257 2043 360 2080 belli.
406 2044 617 2080 Eumenem
638 2055 750 2090 quum
771 2048 877 2078 vetus
899 2041 1025 2077 odium
1046 2023 1358 2086 stimii-{¹g¹1{1{{1g0²²s

73 2106 190 2149 labat,
220 2112 302 2143 tum
330 2119 459 2143 recens
485 2106 556 2149 ira,
586 2105 688 2154 quod
716 2104 854 2140 scelere
879 2103 958 2153 ejus
988 2117 1106 2154 prope
1140 2112 1180 2142 ut
1191 2106 1223 2131 et
1239 2100 1360 2130 Persea.

73 2169 227 2205 victima
244 2176 429 2206 mactatus
449 2169 610 2219 Delphis
634 2175 743 2205 esset.
799 2167 966 2211 Prusias,
986 2168 1178 2217 Bithyni-ee

72 2245 152 2275 rex,
173 2237 356 2269 statuerat
384 2233 573 2270 abstinere
601 2234 728 2277 armis,
749 2239 1000 2282 eventumque
1025 2246 1180 2284 exspec-

70 2304 174 2334 tare:
206 2310 295 2333 nam
323 2310 445 2346 neque
472 2311 541 2348 pro
570 2298 756 2334 Romanis
786 2310 825 2333 se
854 2310 1000 2346 aequum
1027 2309 1180 2333 censere

71 2361 246 2398 adversus
265 2361 421 2398 fratrem
442 2362 567 2398 uxoris
587 2374 691 2399 arma
707 2360 805 2398 ferre
820 2376 831 2407 3
865 2367 902 2397 et
922 2360 1020 2412 apud
1041 2360 1181 2397 Persea
