1546 2648
291 199 446 228 LIBER
471 194 705 227 XXXVIII.
739 196 845 225 CAP.
872 196 995 225 x111.
1149 198 1196 240 91

88 291 213 333 ritate,
235 298 298 328 aut
320 291 446 333 armis,
469 297 621 339 cogeret
637 288 727 340 jura
748 290 904 339 antiqua
922 290 1013 340 pati.
1051 289 1196 325 Eodem
1211 289 1393 321 U·C·'·'›6³-

85 362 123 391 et
143 356 363 398 Athenaeus,
385 355 566 390 Eumenis
584 361 621 390 et
637 353 759 390 Attali
778 353 908 397 frater,
926 367 1009 389 cum
1026 353 1198 389 Cretensi
1213 334 1250 363 Α·
1263 333 1301 363 C'
1318 339 1392 364 ¹⁸⁹⁹

86 418 214 454 Leuso
244 425 281 454 et
315 418 487 466 Corrago
516 417 732 453 Macedone
760 418 886 454 venit:
920 417 1022 453 mille
1055 416 1198 466 pedites

83 484 285 519 mixtarum
311 483 481 531 gentium
509 488 546 517 et
577 488 767 518 trecentos
803 482 947 531 equites
976 494 1102 517 secum
1134 481 1200 517 ad-

85 548 285 584 duxerunt.
343 546 501 589 Consul,
522 547 677 583 tribuno
697 547 858 583 militum
882 547 998 582 misso
1015 559 1100 581 curn
1117 558 1199 581 mo-

84 612 168 648 dica
205 625 332 654 manu,
368 610 565 648 castellum
601 612 638 647 vi
676 618 829 661 captum
866 609 1198 646 Alabandensibus

81 676 227 712 reddit:
278 677 371 726 ipse,
411 675 507 710 nihil
536 675 596 711 via
634 675 837 723 digressuS,
870 675 916 710 ad
951 674 1198 710 Antiochiam

84 752 195 789 super
214 739 452 775 Maeandrum
472 752 620 775 amnem
641 739 768 788 posuit
789 746 924 775 castra.
970 737 1097 787 Hujus
1118 751 1198 773 am-

84 806 140 841 nis
170 804 296 840 fontes
331 804 491 840 Celaenis
530 805 716 840 oriuntur.
775 803 937 840 Cel-<enee
969 803 1058 839 urbs
1086 809 1198 853 caput

81 869 273 918 quondam
294 869 467 918 Phrygiae
487 868 580 904 fuit:
614 869 817 917 migratum
838 868 926 904 inde
946 868 1046 903 haud
1066 867 1199 917 procul

82 933 271 970 veteribus
306 933 482 975 Celaenis,
511 945 696 981 novaeque
730 932 813 967 urbi
844 932 1024 980 Apameae
1057 943 1197 968 nomen

81 998 243 1035 inditum
264 997 311 1034 ab
333 999 517 1047 Apamea,
535 1009 665 1032 sorore
686 995 832 1032 Seleuci
851 995 962 1044 regis.
1018 995 1071 1031 Et
1089 995 1197 1031 Mar-

82 1076 165 1114 syas
186 1064 321 1105 amnis,
342 1062 443 1099 haud
461 1061 594 1112 procul
613 1074 635 1097 a
654 1060 842 1097 Maeandri
862 1060 1034 1096 fontibus
1055 1061 1197 1104 oriens,

83 1127 121 1163 in
149 1127 387 1163 Maeandrum
413 1126 526 1162 cadit.
581 1125 774 1173 Famaque
803 1125 859 1160 ita
888 1131 1006 1167 tenet,
1036 1124 1198 1160 Celaeni·

79 1190 277 1240 Marsyam
314 1203 398 1226 cum
436 1189 616 1239 Apolline
658 1189 839 1224 tibiarum
873 1194 987 1224 cantu
1022 1194 1197 1225 certasse.

80 1255 291 1297 Maeander,
312 1267 359 1290 ex
388 1267 473 1290 arce
496 1265 643 1288 summa
670 1251 907 1288 Celaenarum
933 1258 1054 1295 ortus,
1074 1251 1199 1288 media

81 1318 173 1355 urbe
193 1319 408 1360 decurrens,
428 1330 495 1367 per
515 1317 631 1352 Caras
652 1316 830 1365 primum,
847 1315 987 1352 *deinde
1007 1315 1138 1358 Ionas,
1159 1315 1200 1352 in

80 1384 205 1420 sinum
234 1383 347 1419 maris
381 1382 516 1425 editur,
544 1381 607 1430 qui
632 1381 731 1417 inter
760 1381 924 1417 Prienen
951 1387 989 1417 et
1020 1380 1201 1417 Miletum

81 1456 150 1485 est.
206 1448 266 1484 Ad
294 1447 540 1483 Antiochiam
571 1447 611 1482 in
640 1452 767 1482 castra
799 1445 966 1482 consulis
1002 1444 1198 1489 Seleucus,

79 1512 265 1549 Antiochi
298 1511 410 1554 filius,
441 1524 488 1548 ex
521 1511 663 1547 foedere
699 1511 777 1547 icto
812 1524 896 1546 cum
931 1510 1123 1560 Scipione,
1151 1509 1199 1545 ad

77 1576 311 1613 frumentum
338 1576 520 1612 exercitui
547 1574 713 1610 dandum
733 1575 850 1611 venit.
907 1574 1031 1609 Parva
1049 1573 1197 1624 discep-

79 1641 176 1677 tatio
197 1641 242 1677 de
262 1640 383 1676 Attali
404 1639 648 1676 auxiliaribus
669 1646 754 1675 orta
774 1646 853 1675 est:
878 1638 993 1688 quod,
1014 1630 1195 1674 Romano

77 1712 228 1741 tantum
255 1704 380 1748 militi,
407 1711 560 1754 pactum
590 1704 841 1747 Antiochum,
863 1710 906 1739 ut
935 1703 1088 1739 daretur
1112 1702 1192 1738 fru·
1242 1740 1244 1742 ,

76 1776 260 1811 mentum,
282 1769 458 1805 Seleucus
480 1768 641 1805 dicebat.
698 1768 882 1810 Discussa
901 1780 945 1803 ea
964 1779 1116 1816 quoque
1135 1772 1194 1803 est

80 1833 298 1869 constantia
326 1831 507 1875 consulis,
536 1831 601 1880 qui
632 1831 787 1868 dimisso
811 1831 967 1867 tribuno
994 1830 1125 1873 edixit,
1145 1843 1197 1867 ne

77 1896 245 1933 Romani
264 1896 402 1933 milites
423 1898 652 1946 acciperent,
672 1897 893 1946 priusquam
913 1894 1036 1932 Attali
1052 1894 1195 1931 auxilia

78 1961 325 2011 accepissent.
382 1960 476 1996 Inde
506 1960 553 1996 ad
581 1960 871 2002 Gordiutichos,
902 1958 1003 2008 quod
1038 1964 1192 2001 vocant,

77 2038 296 2076 processum
322 2031 398 2061 est:
432 2038 478 2061 ex
511 2038 556 2060 eo
582 2024 668 2061 loco
698 2025 745 2061 ad
769 2023 896 2060 Tabas
917 2023 1039 2059 tertiis
1060 2023 1193 2058 castris

77 2096 322 2139 perventum:
354 2090 392 2125 in
413 2088 550 2125 finibus
570 2088 784 2126 Pisidarum
806 2087 932 2137 posita
951 2092 1008 2123 est
1029 2085 1131 2129 urbs,
1153 2086 1193 2121 in

76 2166 121 2188 ca
140 2160 259 2202 parte,
281 2167 363 2202 quae
391 2154 515 2202 vergit
546 2153 594 2190 ad
619 2151 886 2203 Pamphylium
912 2163 1029 2187 mare,
1085 2149 1192 2185 Inte-

75 2217 151 2265 gris
172 2217 312 2253 viribus
333 2218 501 2266 regionis
529 2216 624 2267 ejus,
644 2217 790 2253 feroces
811 2215 859 2252 ad
883 2213 1103 2251 bellandum
1122 2213 1190 2249 ha-

74 2279 189 2315 bebat
211 2281 322 2317 viros.
360 2280 460 2316 Tum
480 2293 632 2330 quoque
648 2280 808 2329 equites,
828 2279 869 2315 in
888 2289 1025 2327 agmen
1044 2275 1190 2312 Roma-

75 2356 165 2380 num
187 2344 385 2397 eruptione
403 2344 519 2388 facta,
536 2345 638 2381 haud
656 2344 804 2381 modice
820 2344 943 2394 primo
963 2343 1093 2393 inpetu
1110 2346 1190 2378 ωτι
