1546 2648
371 166 529 197 LIBER
552 163 758 194 xxxvu.
791 163 899 192 CAP.
922 162 1031 192 XVI.
1186 163 1238 194 21

127 267 297 300 moturos
315 275 322 297 :
354 266 571 312 postquam,
599 258 880 307 circumagente
905 269 945 293 se
967 262 1096 300 vento,
1117 256 1241 294 flucti-
1253 268 1296 301 U·
1310 270 1348 302 c,
1363 278 1438 307 552⁶

124 325 194 363 bus
223 325 345 363 dubiis
368 324 469 361 volvi
496 329 664 374 coeptum
685 328 742 360 est
761 334 878 365 mare,
899 321 1139 372 pervicerunt
1157 323 1240 372 qui·
1252 314 1344 347 A·C·
1360 323 1433 350 ¹⁹⁰0

125 391 208 427 dem
228 390 354 433 remis,
377 395 419 426 ut
435 394 612 426 tenerent
632 394 794 424 terram:
828 386 893 422 sed
918 398 1041 435 neque
1060 387 1161 424 circa
1179 400 1243 425 ur-

122 454 211 491 bem
240 460 323 491 tuta
353 454 469 490 statio
499 459 595 495 erat,
624 465 695 490 nec
725 457 814 488 ante
842 451 1012 487 hostium
1040 457 1173 501 portus
1203 453 1244 489 in

123 519 205 555 salo
224 525 324 555 stare
344 523 539 569 poterant,
558 529 692 567 aspero
709 515 819 558 mari,
837 521 875 551 et
890 522 1004 551 nocte
1019 515 1244 554 inminente.

123 582 365 620 Praetervecti
382 581 524 619 moenia
536 586 691 632 portum
703 579 975 621 Phoenicunta,
988 578 1112 615 minus
1126 578 1244 616 duum

122 646 283 683 millium
309 646 433 697 spatio
460 645 549 682 inde
577 645 796 687 distantem,
823 644 980 693 petiere,
1008 642 1167 679 navibus
1193 643 1243 681 ab

122 711 314 748 maritima
331 710 368 747 vi
386 717 536 746 tutum:
569 709 635 746 sed
655 708 741 745 altae
761 720 873 757 rupes
901 707 1055 757 insuper
1080 708 1242 745 inmine-

123 773 232 817 bant,
253 786 344 823 quas
365 772 538 810 celeriter
557 772 753 823 oppidani,
774 771 956 808 adsumtis
977 771 1090 820 regiis
1111 771 1244 809 militi-

121 837 208 881 bus,
229 850 322 887 quos
344 838 383 874 in
404 837 580 888 praesidio
601 836 809 879 habebant,
831 841 1036 886 ceperunt:
1065 835 1242 873 adversus

124 914 219 952 quos
239 901 385 945 Livius,
407 913 637 950 quamquam
664 905 772 936 erant
797 899 929 948 iniqua
947 911 991 936 ac
1011 899 1177 936 difficilia
1196 899 1244 937 ad

125 967 248 1003 exitus
278 965 376 1009 loca,
398 965 534 1003 Issaeos
566 964 767 1002 auxiliares
798 970 839 1000 et
867 963 1149 1015 Smyrnaeorum
1177 977 1244 1002 ex-

123 1031 271 1081 peditos
284 1029 445 1080 juvenes
466 1030 581 1067 misit.
639 1029 687 1072 Ii,
709 1029 798 1066 dum
826 1028 1031 1065 missilibus
1055 1030 1178 1080 primo
1207 1036 1246 1068 et

126 1095 302 1132 adversus
327 1107 469 1146 paucos
500 1093 645 1131 levibus
672 1093 961 1131 excursionibus
988 1093 1246 1133 lacessebatur

126 1159 262 1207 magis,
283 1172 397 1208 quam
416 1158 701 1203 conserebatur,
718 1171 861 1208 pugna,
880 1159 1144 1196 sustinuerunt
1163 1172 1245 1196 eer-

127 1229 254 1259 tamen
272 1238 279 1259 :
306 1229 509 1273 postquam
529 1222 654 1272 plures
675 1222 722 1259 ab
743 1222 836 1259 urbe
856 1221 1088 1266 affluebant,
1110 1230 1148 1260 et
1160 1222 1245 1275 jam

130 1288 252 1325 omnis
270 1288 474 1325 multitudo
488 1288 764 1331 effundebatur,
778 1288 895 1324 timor
906 1287 1063 1324 incessit
1077 1287 1245 1332 Livium,

129 1365 178 1389 ue
197 1358 235 1389 et
254 1351 455 1389 auxiliares
483 1352 860 1395 circumvenirentur,
883 1358 919 1387 et
945 1351 1103 1389 navibus
1131 1352 1247 1390 etiam

130 1416 177 1453 ab
198 1422 298 1454 terra
317 1416 525 1467 periculum
547 1421 667 1453 esset:
691 1416 745 1453 ita
764 1428 844 1452 non
864 1415 1001 1455 milites
1022 1415 1159 1460 solum,
1181 1417 1246 1454 sed

130 1481 244 1518 etiam
265 1480 416 1517 navales
437 1480 576 1523 socios,
598 1480 783 1530 remigum
802 1479 968 1523 turbam,
987 1480 1122 1530 quibus
1143 1482 1246 1529 quis-

129 1558 202 1595 que
221 1551 373 1596 poterat
390 1544 491 1588 telis,
513 1550 679 1581 armatos
699 1545 738 1581 in
759 1543 936 1596 proelium
956 1545 1099 1584 eduxit.
1145 1546 1247 1585 Tum

131 1622 283 1658 quoque
302 1621 439 1659 anceps
461 1621 588 1659 pugna
606 1607 703 1653 fuit3
732 1621 855 1657 neque
876 1608 1012 1645 milites
1034 1609 1156 1648 solum
1176 1610 1246 1650 ali-

128 1679 235 1722 quot,
257 1673 321 1709 sed
348 1672 395 1710 L.
415 1672 600 1724 Apustius
629 1671 878 1709 tumultuario
907 1672 1048 1724 proelio
1078 1675 1241 1713 cecidit:

131 1743 326 1789 postremo
346 1744 473 1773 tamen
493 1736 567 1772 fusi
591 1736 788 1785 fugatique
814 1743 902 1772 sunt
928 1736 1052 1786 Lycii,
1073 1744 1186 1788 atque
1205 1740 1243 1778 iri

130 1801 262 1838 urbem
292 1801 500 1852 compulsi:
538 1807 576 1837 et
605 1800 773 1838 Romani
802 1814 887 1837 cum
916 1801 1018 1839 haud
1047 1803 1247 1842 incruenta

129 1867 290 1904 victoria
315 1867 363 1903 ad
387 1879 501 1905 naves
527 1866 730 1904 redierunt.
788 1866 883 1903 Inde
911 1867 949 1903 in
980 1867 1247 1907 Telmissieum

128 1929 291 1982 profecti
318 1931 456 1973 sinum,
486 1931 550 1979 qui
576 1929 694 1970 latere
720 1942 798 1965 uno
826 1930 992 1974 Cariam,
1020 1931 1140 1969 altero
1165 1933 1245 1984 Ly-

130 1995 226 2030 ciam
247 1994 451 2043 contingit,
469 1994 609 2032 omissa
630 1993 769 2030 Patara
788 1993 949 2043 amplius
970 1997 1141 2032 tentandi
1163 2009 1242 2048 spe,

128 2057 272 2096 Rhodii
298 2058 452 2095 domum
480 2059 624 2098 dimissi
651 2066 750 2097 sunt.
806 2058 953 2103 Livius,
975 2068 1242 2111 praetervectus

128 2123 273 2166 Asiam,
291 2123 329 2161 in
351 2123 538 2161 Graeciam
558 2123 784 2166 transmisit,
802 2129 857 2165 ut,
876 2125 1072 2162 conventis
1094 2125 1244 2178 Scipio-

127 2186 255 2229 nibus,
282 2187 346 2236 qui
371 2194 452 2224 tum
482 2188 581 2228 circa
606 2186 844 2225 Thessaliam
873 2196 996 2232 eraut,
1026 2189 1063 2226 in
1092 2188 1243 2229 Italiam

126 2249 334 2303 trajiceret.
