1546 2648
377 190 457 226 12‘2
495 210 499 217 ·
825 194 870 223 T.
895 194 1033 224 mvn

178 290 221 321 U.
232 292 270 322 c.
286 298 358 324 564.
374 288 481 332 taque
507 294 630 320 earum
645 299 657 320 .·
685 295 770 320 neve
791 285 926 332 piures,
947 297 1054 334 quam
1083 285 1202 322 decem
1227 297 1335 323 naves
1360 291 1485 324 actua-

159 334 268 366 'A·C'
285 342 356 367 ¹⁸⁸·
370 348 457 390 rias,
481 347 601 395 (nulla
620 360 774 397 quarum
791 350 877 397 plus
899 362 1006 397 quam
1030 351 1182 399 triginta
1205 352 1312 387 remis
1335 350 1484 399 agatur)

371 412 526 448 habeto:
553 424 639 448 neve
661 422 838 449 monerem
857 425 898 449 ex
916 413 998 450 belli
1016 426 1151 457 caussa,
1173 416 1267 463 quod
1292 416 1365 463 ipse
1390 416 1485 451 inla-

372 483 474 515 turus
509 479 589 514 erit.
646 476 743 511 Neve
779 478 946 524 navigato
983 479 1075 514 citra
1113 479 1370 526 Calycadnum,
1402 490 1489 515 neve

371 542 630 591 Sarpedonem,
651 542 927 588 promontoria:
955 546 1057 578 extra
1083 555 1203 591 quam,
1232 544 1262 579 si
1289 555 1360 591 qua
1386 544 1488 579 navis

367 609 574 657 pecuniam,
601 605 831 652 stipendium,
852 609 917 641 aut
946 607 1093 653 legatos,
1114 611 1180 643 aut
1206 607 1336 643 obsides
1360 612 1487 655 porta-

370 671 432 708 bit.
489 671 628 706 Milites
653 670 812 704 mercede
838 671 1054 706 conducendi
1082 682 1124 706 ex
1151 672 1194 707 iis
1218 671 1391 718 gentibus,
1413 683 1491 720 quce

370 736 433 772 sub
453 736 589 771 ditione
605 734 736 783 populi
755 734 912 770 Romani
938 739 1034 777 sunt,
1055 735 1232 771 Antiocho
1259 737 1338 783 regi
1355 735 1418 782 jus
1445 749 1490 773 ne

373 804 473 836 esto:
510 811 554 835 ne
580 800 804 835 voluntarios
832 800 975 846 quidem
1003 800 1210 847 recipiendi.
1269 799 1489 836 Rhodiorum

371 865 590 901 sociorumve
608 875 685 912 quae
703 864 792 899 aedes
810 864 1031 912 aedificiaque
1056 865 1154 899 intra
1169 864 1266 912 fines
1292 865 1392 912 regni
1410 866 1490 900 Αη-
1545 887 1546 897 ,

374 928 481 965 tiochi
497 933 594 971 sunt,
615 939 684 976 quo
703 926 790 973 jure
814 932 898 963 ante
926 927 1053 963 bellum
1073 927 1245 976 fuerunt,
1266 941 1306 964 eo
1327 928 1488 965 Rhodio·
1545 919 1546 934 ¹

370 1005 454 1030 rum
477 994 693 1029 sociorumve
718 996 834 1029 sunto.
892 992 933 1028 Si
953 1005 1030 1040 quae
1045 995 1206 1041 pecunia?
1224 993 1406 1037 debentur,
1428 1007 1489 1030 ea-

370 1070 453 1094 rum
471 1058 609 1094 exactio
627 1061 711 1093 esto.
759 1057 801 1092 Si
821 1057 909 1104 quid
927 1056 1087 1092 ablatum
1105 1062 1169 1099 est,
1191 1058 1229 1093 id
1247 1059 1489 1106 conquirendi,

371 1121 618 1169 cognoscendi,
639 1121 891 1168 repetendique
907 1119 969 1166 jus
989 1121 1072 1155 item
1091 1125 1175 1156 esto.
1209 1120 1251 1156 Si
1269 1133 1356 1169 quas
1373 1122 1488 1165 urbes,

372 1197 461 1234 quas
490 1186 587 1221 tradi
615 1189 768 1233 oportet,
789 1185 817 1220 ii
847 1188 978 1226 tenent,
1005 1183 1130 1232 quibus
1151 1185 1348 1221 Antiochus
1375 1186 1488 1230 dedit,

372 1255 408 1288 et
425 1263 467 1287 ex
485 1252 528 1287 iis
545 1251 716 1300 praesidia
735 1251 1070 1298 deducitosutique
1088 1254 1182 1286 recte
1202 1251 1406 1295 tradantur,
1427 1265 1489 1289 cu-

370 1309 466 1355 rato.
523 1319 675 1366 Argenti
705 1317 807 1365 probi
835 1317 1021 1353 duodecim
1053 1317 1170 1353 millia
1197 1318 1323 1354 Attica
1353 1320 1490 1356 talenta

372 1382 458 1418 dato
478 1382 574 1417 intra
591 1382 775 1417 duodecim
791 1392 904 1416 annos
916 1380 1142 1429 pensionibus
1154 1382 1276 1429 anquis,
1296 1383 1492 1429 (talentum

371 1458 416 1482 ne
434 1446 550 1481 minus
565 1445 686 1494 pondo
705 1445 890 1492 octoginta
909 1444 1082 1480 Romanis
1097 1445 1312 1494 ponderibus
1334 1448 1488 1495 pendat)

373 1514 409 1546 et
429 1510 539 1546 tritici
558 1510 752 1558 quingenta
773 1509 1020 1557 quadraginta
1043 1509 1162 1545 millia
1185 1509 1356 1547 moclizlm.
1412 1512 1490 1548 Eu-

371 1577 468 1612 meni
485 1577 562 1623 regi
582 1575 719 1611 talenta
735 1578 892 1610 trecenta
907 1575 1169 1622 quinquaginta
1184 1575 1281 1611 iutra
1296 1578 1490 1626 quinquen-

371 1642 474 1676 nium
503 1640 613 1676 dato:
643 1643 677 1675 et
703 1651 770 1687 pro
789 1637 995 1687 frumento,
1022 1639 1118 1686 quod-
1148 1640 1382 1677 aestimatione
1399 1641 1489 1690 fiat,

374 1705 513 1741 talenta
529 1708 668 1740 centum
689 1703 817 1750 viginti
835 1707 978 1751 septem.
1019 1702 1160 1738 Obsides
1174 1701 1348 1740 Romanis
1364 1705 1495 1752 viginti

374 1768 474 1810 dato,
494 1772 529 1803 et
549 1768 702 1803 triennio
724 1771 863 1802 mutato
877 1782 890 1810 ,·
920 1778 964 1802 ne
990 1767 1145 1802 minores
1171 1766 1337 1803 octomZm
1363 1768 1493 1805 demini
1544 1756 1546 1760 Ι

373 1843 565 1874 annorum,
585 1843 655 1867 neu
674 1829 824 1877 majores
850 1829 996 1878 quindm
1026 1829 1304 1878 quadragenam.
1361 1832 1405 1868 Si
1432 1835 1494 1881 qui

333 1889 337 1892 ’
373 1897 549 1932 sociorum
565 1896 692 1944 populi
705 1896 861 1931 Romani
876 1897 969 1931 ultro
984 1895 1113 1931 bellum
1130 1895 1285 1944 inferent
1299 1893 1490 1941 Antioch,

373 1962 445 1997 vim
463 1961 500 1996 vi
519 1961 662 1996 arcendi
672 1958 735 2006 jus
753 1964 825 1996 esto
840 1976 852 2003 ‚·
873 1961 958 1996 dum
978 1971 1022 1995 ne
1041 1971 1148 2007 quam
1173 1960 1296 1996 urbem
1319 1965 1384 1996 aut
1409 1961 1492 1998 belli

366 2022 454 2069 jure
477 2028 609 2066 teneat,
630 2028 696 2059 aut
720 2025 758 2059 in
783 2024 980 2059 amicitiam
1005 2025 1170 2071 accipiat.
1230 2023 1494 2062 controversias

375 2088 470 2123 inter
496 2099 533 2123 se
551 2086 637 2134 jure
665 2100 708 2123 ac
730 2086 872 2134 judicio
898 2089 1133 2136 disceptanto‚
1164 2092 1243 2132 aut,
1272 2090 1303 2124 si
1333 2090 1493 2138 utrisque

371 2151 543 2199 placebit,
581 2151 682 2188 bello.
754 2151 814 2187 De
844 2151 1070 2188 'Hannibale
1109 2151 1245 2195 Poeno,
1283 2157 1322 2188 et
1355 2151 1492 2189 AEtolo

377 2213 569 2256 Thoante,
601 2222 638 2250 et
666 2214 933 2252 Mnasimacho
963 2216 1176 2259 Acarnane,
1198 2222 1235 2252 et
1265 2215 1492 2254 Chalciden-

378 2278 481 2315 sibus
516 2279 706 2316 Eubulida
734 2286 771 2316 et
803 2279 979 2323 Philone,
1009 2280 1203 2324 dedendis,
1232 2281 1270 2317 in
1297 2281 1371 2317 hoc
1397 2293 1492 2331 quo-

338 2348 361 2358 '·
380 2355 452 2393 que
479 2342 622 2382 foedere
651 2345 881 2396 adscriptum
910 2351 993 2382 est:
1031 2352 1069 2382 et
1097 2352 1152 2389 ut,
1183 2346 1215 2382 si
1242 2344 1331 2396 quid
1359 2351 1494 2398 postea
