1546 2648
289 156 378 206 574
727 161 977 195 muron-»t

288 259 403 299 raret,
421 266 469 291 an
488 253 535 290 ibi
547 255 741 303 Pompeius
759 262 860 300 esset,
879 261 913 294 et
933 258 1191 296 circumventus
1209 272 1232 296 a
1246 261 1406 307 navibus,

288 331 377 368 quas
395 320 589 368 Pompeius
604 321 764 364 miserat,
780 322 818 357 in
835 334 873 358 se
890 334 1059 360 mucrone
1084 335 1196 368 versa,
1217 326 1267 362 ad
1286 331 1405 363 trans-

290 389 387 421 trum
416 385 519 421 navis
550 384 696 421 obnixus
726 388 885 434 corporis
908 388 1081 435 pondere,
1109 389 1280 427 incubuit.
1339 390 1404 429 Cn.

287 449 497 498 Pompeius,
513 451 551 486 in
565 449 731 486 Siciliam
750 463 829 487 cum
843 452 992 499 imperio
1010 465 1033 488 a
1048 458 1172 489 senatu
1186 455 1322 497 missus,
1339 454 1403 492 Cn.

289 514 499 559 Carbonem,
520 516 582 563 qui
594 514 694 564 flens
711 515 932 552 muliebriter
949 521 1099 554 mortem
1130 519 1228 562 tulit,
1257 523 1404 568 captum

284 580 428 616 occidit.
485 580 605 621 Sulla,
626 580 783 616 dictator
799 578 942 628 factus,
974 582 1068 628 quod
1098 593 1201 618 nemo
1232 594 1404 631 umquam

272 642 434 693 fecerat,
456 656 534 680 cum
551 642 718 692 fascibus
735 644 1035 692 vigintiquatuor
1058 647 1240 693 processit.
1287 646 1406 683 Rebus

281 710 382 745 novis
400 709 603 757 reipublicae
621 711 755 744 statum
781 709 1016 757 confirmavit,
1043 710 1263 746 tribunorum
1286 711 1402 759 plebis

275 777 489 821 potestatem
508 773 653 816 minuit,
674 777 710 808 et
727 784 830 808 omne
839 771 903 819 jus
922 774 1038 822 legum
1051 774 1293 823 ferendarum
1312 776 1400 812 ade-

276 838 356 873 mit.
413 837 631 886 Pontificum
653 848 900 885 augurumque
925 839 1115 886 collegium
1135 840 1336 887 ampliavit,
1359 844 1400 876 ut

276 906 390 938 essent
405 903 602 950 quindecim
611 917 624 945 ;
643 905 806 937 senatum
824 913 866 937 ex
883 904 1035 950 equestri
1054 904 1176 939 ordine
1193 903 1371 952 subplevit
1382 917 1396 940 .-

272 968 557 1016 proscriptorum
577 967 695 1003 liberis
713 965 778 1012 jus
798 967 1034 1014 petendorum
1055 967 1225 1004 honorum
1245 970 1392 1017 eripuit,

273 1037 309 1068 et
327 1032 418 1068 bona
442 1044 564 1068 eorum
582 1029 770 1068 vendidit:
798 1043 840 1067 esc
858 1031 982 1079 quibus
1004 1032 1168 1080 plurima
1191 1034 1310 1080 primo
1329 1046 1392 1069 ra-

266 1097 378 1145 puit:
406 1097 592 1132 redactum
623 1101 675 1131 est
701 1096 899 1131 sestertium
925 1100 978 1131 ter
1006 1097 1138 1132 millies
1162 1098 1392 1145 quingenties.

275 1161 318 1203 Q.
335 1159 545 1196 Lucretium
562 1158 734 1208 Ofellam,
752 1159 974 1195 consulatum
989 1160 1156 1196 adversus
1169 1161 1391 1197 voluntatem

268 1237 371 1264 suam
388 1230 510 1274 petere
528 1237 667 1267 ausum,
676 1222 787 1270 jussit
804 1224 919 1260 occidi
945 1224 981 1259 in
995 1223 1086 1272 foro
1100 1240 1111 1260 .·
1132 1228 1179 1267 et,
1201 1236 1307 1272 quum
1325 1224 1390 1262 hoc

265 1292 412 1338 indigne
428 1289 551 1339 ferret
575 1289 733 1338 populus
745 1288 942 1330 Romanus,
960 1289 1124 1323 concione
1142 1289 1332 1331 advocata,
1351 1299 1388 1324 se

254 1353 403 1402 jussisse
422 1355 524 1390 dixit.
583 1353 647 1389 Cn.
666 1353 860 1401 Pompeius
883 1352 922 1387 in
940 1350 1071 1400 Africa
1093 1351 1156 1388 Cn.
1178 1352 1386 1388 Domitium

261 1419 519 1467 proscriptum,
543 1422 576 1453 et
595 1416 788 1458 Hiarbam,
806 1427 927 1462 regem
941 1415 1137 1458 Numidiae,
1157 1415 1289 1451 bellum
1307 1427 1384 1451 mo-

264 1485 401 1526 lientes,
417 1484 529 1519 victos
547 1482 677 1518 occidit
689 1497 703 1524 ,-
731 1484 780 1523 et,
797 1485 951 1528 quatuor
973 1484 1008 1515 et
1030 1480 1160 1527 viginti
1184 1491 1296 1515 annos
1314 1491 1382 1515 na-

263 1554 333 1592 tus,
360 1548 479 1584 adhuc
510 1558 613 1594 eques
635 1545 832 1592 Romanus,
859 1544 953 1592 quod
977 1544 1068 1579 nulli
1096 1544 1308 1590 contigerat,
1338 1555 1381 1579 ex:

260 1612 394 1662 Africa
430 1611 678 1659 triumphavit.
751 1609 816 1645 Cn.
845 1608 1036 1644 Norbanus
1069 1608 1266 1644 consularis
1289 1620 1379 1657 pro·

255 1680 424 1727 scriptus,
451 1679 490 1713 in
515 1676 599 1712 urbe
623 1674 754 1711 Rhodo
782 1685 889 1722 quum
918 1672 1283 1721 comprehenderetur,
1305 1674 1378 1721 ipse

255 1753 292 1779 se
315 1743 456 1778 occidit.
512 1741 681 1782 Mutilus,
711 1750 800 1775 unus
818 1751 861 1774 ex
885 1739 1106 1786 proscriptis,
1137 1738 1230 1773 clam
1258 1738 1376 1785 capite

255 1808 430 1855 adoperto
455 1807 503 1842 ad
528 1806 684 1854 posticas
703 1805 794 1840 oedes
812 1804 945 1839 Bastiae
974 1803 1093 1838 uxoris
1122 1812 1230 1849 quum
1257 1812 1374 1837 acces·

252 1872 365 1913 sisset,
386 1870 558 1906 admissus
574 1880 642 1904 non
662 1873 725 1910 est,
746 1868 831 1916 quia
849 1867 947 1902 illum
964 1866 1206 1913 proscriptum
1225 1865 1372 1908 diceret,

251 1938 374 1984 itaque
401 1947 438 1972 se
462 1931 671 1982 transfodit,
695 1936 730 1968 et
756 1932 926 1978 sanguine
953 1941 1015 1965 suo
1033 1928 1140 1977 fores
1168 1930 1287 1964 uxoris
1313 1941 1369 1965 re-

248 2001 388 2048 spersit.
444 1998 552 2034 Sulla
564 1997 699 2033 Nolam
716 1996 751 2030 in
767 1994 917 2030 Saum-io
941 1994 1097 2041 recepit:
1126 1993 1368 2040 quadraginta

247 2070 382 2112 septem
402 2064 555 2111 legiones
580 2063 616 2097 in
642 2072 748 2108 agros
773 2064 896 2107 captos
919 2059 1079 2099 deduxit,
1108 2061 1142 2092 et
1162 2067 1219 2092 eos
1248 2057 1290 2091 iis
1308 2056 1364 2091 di-

247 2131 342 2166 visit.
404 2128 623 2168 Volaterras,
645 2126 738 2173 quod
763 2125 936 2172 oppidum
952 2122 1068 2160 adhuc
1086 2123 1121 2156 in
1143 2121 1252 2156 armis
1270 2124 1362 2163 erat,

244 2194 428 2234 obsessum,
455 2193 492 2226 in
515 2190 732 2225 deditionem
759 2189 908 2235 accepit.
964 2186 1152 2233 Mitylenae
1171 2195 1308 2233 quoque
1325 2185 1362 2220 in

242 2258 346 2300 Asia,
367 2268 443 2305 quae
460 2255 536 2291 sola
555 2254 636 2290 urbs
661 2257 742 2301 post
760 2253 889 2288 victum
907 2251 1162 2287 Mithridatem
1182 2261 1286 2285 arma
1305 2259 1359 2284 re-

239 2321 389 2365 tinebat,
419 2323 630 2369 expugnatae
649 2318 847 2365 dirutaque
864 2321 959 2354 sunt.
