1546 2648
329 177 484 205 LIBER
508 175 738 204 xxxvlu.
772 175 879 204 CAP.
904 177 1006 206 LIV.
1146 179 1224 223 143

112 262 295 300 Africano
307 264 403 302 fuit:
427 266 542 302 vitam
561 265 712 302 Literni
726 266 804 315 egit
819 266 901 302 sine
911 266 1096 303 desiderio
1111 268 1226 305 urbis.

110 326 342 365 Morientem
362 342 446 366 rure
477 343 522 367 eo
542 332 625 380 ipso
651 330 737 366 loco
765 330 914 380 sepeliri
941 331 1152 381 sejussisse
1171 333 1225 369 fe-

112 398 216 435 runt,
235 402 598 444 monumentumque
618 395 670 432 ibi
692 395 883 437 aedificari,
905 408 951 431 ne
967 395 1078 431 funus
1100 397 1169 433 sibi
1188 399 1224 433 in

111 454 260 503 ingrata
279 458 403 506 patria
422 458 539 495 fieret.
597 459 665 494 Vir
692 458 947 495 memorabilis
964 474 971 495 :
1004 459 1148 496 bellicis
1168 470 1225 497 ta-

110 530 212 563 men,
233 533 346 569 quam
372 523 490 572 pacis,
512 523 655 560 artibus
684 523 967 559 memorabilior
993 525 1113 573 prima
1139 537 1226 574 pars

103 584 206 628 vitaz,
236 599 349 635 quam
381 594 586 637 postrema,
616 588 712 624 fuit:
745 588 833 636 quia
861 588 901 623 in
924 587 1088 637 juventa
1121 588 1223 626 bella

110 648 264 685 adsidue
284 657 413 699 gesta3
447 664 533 687 cum
562 658 716 687 senecta
744 664 802 687 res
823 664 974 700 quoque
1003 652 1225 697 defloruere,

111 725 181 748 nec
201 713 360 763 praebita
380 721 437 750 est
463 716 623 751 materia
642 715 811 764 ingenio
869 715 970 754 Quid
990 715 1036 751 ad
1063 717 1226 765 primum

114 776 351 813 consulatum
391 779 592 821 secundus,
632 779 780 814 etiamsi
817 791 1013 814 censuram
1047 779 1199 829 adjicias
1215 782 1227 816 ?

111 841 201 890 quid
220 842 391 878 Asiatica
417 842 575 890 legatio,
593 850 631 879 et
650 843 864 879 valetudine
884 843 1039 879 adversa
1064 844 1224 887 inutilis,

112 910 150 940 et
169 904 236 940 filii
262 917 351 941 casu
372 905 596 948 deformata,
626 912 664 941 et
694 912 781 955 post
812 906 974 942 reditum
1000 908 1226 944 necessitate

111 975 177 1005 aut
189 969 374 1014 subeundi
386 969 538 1020 judicii,
555 975 622 1006 aut
636 969 748 1006 simul
761 983 845 1006 cum
866 971 990 1020 patria
1004 971 1198 1008 deserendi
1213 972 1225 1007 ?

110 1033 245 1070 Punici
265 1039 391 1070 tamen
406 1034 497 1070 belli
515 1035 737 1085 perpetrati,
754 1048 829 1084 quo
845 1035 991 1071 nullum
1007 1048 1128 1085 neque
1144 1048 1224 1072 ma-

104 1097 170 1148 jus
189 1111 311 1148 neque
333 1099 580 1149 periculosius
604 1099 769 1136 Romani
790 1113 954 1149 gessere,
976 1113 1071 1137 unus
1091 1101 1225 1151 praeci·

110 1175 224 1213 puam
243 1163 404 1211 gloriam
423 1163 523 1201 tulit.

163 1227 268 1264 LIV.
297 1227 427 1264 Morte
446 1228 619 1265 Africani
645 1242 795 1266 crevere
822 1229 1063 1266 inimicorum
1082 1229 1222 1266 animi:

110 1304 270 1340 quorum
286 1293 460 1342 princeps
476 1293 549 1329 fuit
567 1293 624 1330 M.
644 1293 803 1330 Porcius
818 1294 931 1337 Cato,
948 1295 1012 1343 qui
1029 1295 1114 1330 vivo
1131 1307 1226 1343 quo-

111 1368 183 1404 que
199 1368 244 1391 eo
260 1355 444 1392 adlatrare
457 1355 537 1406 ejus
554 1357 858 1406 magnitudinem
870 1357 1004 1394 solitus
1025 1365 1105 1394 erat
1121 1373 1128 1393 :
1151 1359 1226 1395 hoc

111 1425 267 1455 auctore
286 1420 552 1456 existimantur
577 1420 720 1456 Petillii
749 1428 800 1463 et,
821 1421 908 1457 vivo
926 1421 1126 1464 Africano,
1147 1435 1227 1458 rem

110 1484 284 1532 ingressi,
305 1492 357 1528 et,
378 1492 544 1528 mortuo,
562 1486 802 1534 rogationem
823 1485 1096 1535 promulgasse.
1137 1485 1227 1521 Fuit

111 1555 238 1585 autem
263 1550 414 1598 rogatio
437 1549 547 1586 talis:
585 1551 723 1593 Velitis,
741 1549 912 1596 jubeatis,
933 1555 1128 1598 Ψιφαίαν,
1150 1563 1228 1599 quae

106 1616 262 1662 pecunia
277 1619 398 1662 capta,
416 1614 553 1658 ablata,
570 1619 696 1651 coacta
710 1615 754 1651 ab
772 1627 854 1663 rege
868 1615 1046 1651 Antiocho
1065 1621 1128 1658 est,
1146 1617 1224 1663 qui-

112 1690 179 1727 que
195 1679 257 1714 sub
282 1678 355 1726 ejus
380 1681 530 1728 imperio
548 1679 731 1728 fuerunt;
761 1681 856 1727 quod
875 1678 949 1725 ejus
978 1682 1016 1715 in
1042 1680 1226 1728 publicum

109 1744 265 1780 relatam
283 1756 352 1780 non
371 1749 436 1788 est,
455 1747 510 1781 uti
530 1747 573 1781 de
591 1757 635 1781 ea
652 1757 691 1781 re
710 1744 788 1780 Ser.
805 1745 989 1792 Sulpicius
1010 1750 1145 1793 praetor
1162 1758 1226 1781 ur-

110 1808 220 1845 banus
236 1810 285 1845 ad
301 1814 464 1846 senatum
481 1810 620 1859 referat
632 1811 654 1845 :9
681 1821 784 1858 quem
799 1821 878 1845 eam
894 1821 969 1845 rem
983 1811 1070 1846 velit
1085 1815 1229 1847 senatus

111 1885 266 1921 quaerere
280 1874 324 1909 cle
339 1875 394 1916 iis,
412 1875 473 1921 qui
489 1878 659 1921 praetores
671 1885 765 1909 nunc
777 1879 860 1909 sunt
873 1875 893 1909 ,9
911 1872 1015 1909 Huic
1034 1874 1229 1922 rogationi

111 1936 234 1986 primo
253 1937 302 1976 Q.
315 1943 354 1973 et
366 1937 411 1974 L.
424 1937 602 1973 Mummii
615 1937 915 1974 intercedebant:
935 1943 1109 1974 senatum
1124 1951 1227 1986 quae-

112 2013 193 2037 rere
212 2001 257 2037 de
276 2002 437 2051 pecunia
455 2015 533 2038 non
554 2001 676 2038 relata
694 2003 733 2038 in
753 2001 962 2052 publicum,
979 2002 1034 2037 ita
1052 2008 1095 2037 ut
1108 2009 1227 2048 antea

113 2076 259 2114 semper
274 2065 417 2102 sactum
433 2072 545 2108 esset,
563 2079 711 2115 aequum
728 2065 946 2103 censebant.
993 2065 1134 2102 Petillii
1156 2079 1226 2102 no-

114 2127 300 2165 bilitatem
314 2136 352 2166 et
367 2143 526 2179 regnum
539 2132 577 2167 in
594 2137 728 2167 senatu
746 2131 972 2181 Scipionum*
983 2130 1225 2169 accusabant.

114 2191 162 2228 L,
174 2191 309 2229 Furius
328 2194 524 2246 Purpureo
550 2195 774 2238 consularis,
796 2196 860 2244 qui
879 2196 917 2231 in
937 2195 1066 2232 decem
1091 2194 1227 2243 legatis

115 2257 156 2292 in
174 2257 267 2292 Asia
286 2257 422 2303 fuerat,
441 2260 554 2296 latius
574 2260 787 2309 rogandum
807 2258 1009 2297 censebat:
1041 2272 1121 2295 non
1144 2272 1227 2309 quae

115 2319 162 2357 ab
182 2321 378 2359 Antiocho
404 2324 518 2361 modo
547 2325 717 2376 pecunissae
747 2323 1034 2376 captae-forent,
1061 2322 1125 2361 sed
1142 2335 1226 2375 quae

1241 278 1281 307 U.
1296 278 1332 309 C.
1347 282 1422 309 565.

1241 322 1279 351 A.
1293 321 1330 351 C.
1347 327 1421 356 187.

1238 375 1380 405 Africani

1239 428 1324 447 mors
1337 424 1368 447 et

1238 460 1360 491 laudes.

1240 1621 1373 1670 Rogati-0
1386 1623 1425 1653 de

1238 1674 1375 1704 pecunia

1237 1708 1404 1739 Antiochi.
