1546 2648
322 199 479 230 LIBER
502 194 608 225 xm.
640 192 748 221 CAP.
770 192 891 221 XXV·
1076 189 1161 236 315

52 291 76 313 ³*
105 292 230 340 utique
251 295 334 340 post
360 293 521 326 mortem.
579 286 699 328 Quum
728 286 848 321 classis
872 284 1041 322 Romana
1072 286 1162 323 Cen·
1174 282 1217 312 U·
1229 280 1268 312 C·
1283 285 1356 316 57·-

52 355 164 393 chreis
179 360 305 398 staret,
325 354 446 391 consul
462 364 542 390 cum
561 353 717 388 exercitu
735 351 870 386 Elatioe
883 356 982 393 esset,
1005 352 1165 388 triduum
1175 327 1216 358 A'
1228 324 1265 355 C'
1283 330 1354 360 ¹⁷⁴⁸

50 421 90 456 in
122 421 271 457 concilio
287 419 447 469 fuimus,
479 417 731 464 consultantes,
757 421 879 452 utrum
905 415 1098 459 Romanos,
1120 429 1167 452 an

52 484 278 533 Philippum,
307 494 542 532 sequeremur.
599 479 779 518 Nonnihil
804 484 920 516 metus
943 492 1099 528 praesens
1123 480 1167 516 ab

54 547 228 584 Romanis
255 548 447 584 sententias
473 550 614 581 nostras
641 545 857 580 inclinarit:
874 542 959 592 fuit
987 548 1080 580 certe
1110 548 1167 579 ta-

50 623 131 647 men
148 612 302 660 aliquid,
324 611 418 660 quod
437 614 513 646 tam
533 609 677 657 longam
697 608 988 645 deliberationem
997 606 1167 656 fecerat:

54 676 94 711 id
122 677 216 723 quod
240 680 320 712 erat
337 678 476 711 vetusta
505 671 706 719 conjunctio
725 684 804 708 cum
823 672 1088 714 Macedonibus,
1108 683 1167 708 ve-

55 744 132 775 tera
151 745 188 776 et
203 751 336 787 magna
359 741 395 775 iu
413 751 479 774 nos
507 749 631 785 regum
648 738 791 775 merita.
853 736 1007 772 Valeant
1023 741 1059 772 et
1075 748 1170 772 nunc

55 804 180 840 eadem
196 804 273 847 illa,
289 816 358 840 non
377 807 419 839 ut
430 803 610 851 praecipue
628 802 750 844 amici,
766 801 829 837 sed
845 812 891 837 ne
904 802 1086 849 praecipue
1100 802 1170 836 ini-

54 868 138 903 mici
154 869 272 903 sz'mus.
310 867 369 903 Ne
387 868 437 909 id,
454 866 548 914 quod
564 877 635 901 non
654 866 790 912 agitur,
814 865 1039 907 Callicrates,
1056 866 1170 900 simu-

56 930 272 967 laverimus:
297 941 400 966 nemo
426 940 525 965 novae
541 929 721 964 societatis
739 932 809 964 aut
822 930 904 964 novi
911 927 1079 976 foederis,
1102 940 1171 976 quo

52 1005 117 1030 nos
136 998 265 1030 temere
281 994 484 1042 inligemus‚
505 992 746 1029 conscribendi
763 996 814 1028 est
832 996 978 1028 auctor:
997 993 1058 1028 sed
1075 1004 1170 1028 com-

54 1058 225 1093 mercium
243 1061 383 1094 tantum
392 1055 488 1104 juris
505 1056 686 1104 proebendi
702 1056 954 1105 repetendique
971 1057 1031 1098 sit,
1052 1067 1096 1092 ne
1115 1057 1170 1091 in-

55 1122 265 1158 terdictione
280 1122 416 1171 finium
444 1125 646 1157 nostrorum
674 1125 710 1157 et
726 1133 790 1157 nos
815 1131 953 1169 quoque
979 1131 1088 1168 regno
1107 1131 1170 1155 ar-

55 1197 208 1229 ceamus,
235 1197 279 1221 ne
302 1187 411 1222 servis
438 1187 569 1221 nostris
593 1186 715 1233 aliquo
732 1184 870 1233 fugere
896 1185 1015 1220 liceat.
1075 1183 1172 1224 Quid

56 1249 121 1285 hoc
143 1251 312 1286 adversus
336 1249 504 1286 Romana
519 1249 665 1298 foedera
691 1250 778 1286 est?
812 1249 909 1290 Quid
925 1260 999 1284 rem
1017 1259 1172 1296 parvam

53 1317 90 1349 et
106 1318 284 1362 apertam,
303 1325 474 1362 magnam
493 1318 530 1350 et
555 1317 757 1362 suspectam
763 1311 929 1362 facimus
941 1313 962 1348 ,9
993 1312 1088 1353 Quid
1104 1324 1170 1348 va-

53 1391 117 1416 nos
146 1381 321 1418 tumultus
348 1382 478 1417 ciemus
492 1381 514 1417 ‚9
543 1380 654 1423 Quid,
673 1384 716 1416 ut
733 1381 802 1428 ipsi
821 1379 937 1416 locum
955 1378 1172 1415 adsentandi

54 1442 231 1480 Romanis
245 1443 447 1487 habeamus,
461 1448 640 1493 suspectos
654 1443 744 1480 alios
762 1455 806 1479 ac
822 1444 952 1480 invisos
969 1442 1140 1492 efficimus
1149 1444 1171 1480 .⁹

57 1506 99 1543 Si
127 1507 258 1544 bellum
285 1510 369 1551 erit,
388 1520 433 1545 ne
460 1509 612 1545 Perseus
639 1507 782 1556 quidem
809 1507 963 1550 dubitat,
985 1508 1070 1555 quin
1093 1508 1168 1544 Ro-

54 1581 181 1606 manos
208 1574 362 1608 secuturi
389 1573 498 1608 simus
514 1587 526 1608 :
553 1572 591 1607 in
618 1582 709 1620 pace
740 1572 864 1613 etiam,
883 1572 915 1606 si
932 1582 1002 1607 non
1022 1571 1108 1608 odia
1113 1572 1168 1620 fi-

56 1636 218 1678 nitentur,
238 1636 535 1672 intermittantur.
590 1634 721 1674 Quum
739 1634 853 1670 iidem
877 1634 967 1670 huic
987 1635 1166 1677 orationi,
1180 1644 1271 1676 Nihil
1289 1644 1371 1676 novi,

57 1698 122 1747 qui
140 1697 257 1735 literis
276 1700 375 1748 regis
392 1699 664 1741 adsentierant,
683 1698 977 1741 adsentirentur,
993 1699 1169 1749 indigna-
1181 1693 1328 1763 Ϊίῒζίῗῑ

56 1761 162 1798 tione
180 1762 408 1813 princilmm,
430 1762 546 1812 quod,
567 1774 680 1811 quam
708 1774 786 1798 rem
807 1774 856 1797 ne
874 1761 1067 1810 legatione
1087 1764 1170 1812 qui·

57 1824 142 1863 dem
177 1826 331 1876 dignam
361 1826 573 1878 judicasset
607 1826 784 1870 Perseus,
809 1826 928 1864 literis
962 1841 1171 1878 paucorum

56 1902 231 1928 versuum
249 1892 471 1943 inpetraret,
491 1891 685 1929 decretum
713 1891 894 1929 differtur.
949 1891 1087 1941 Legati
1108 1893 1170 1929 de-

56 1953 142 1990 inde
160 1959 295 2005 postea
321 1955 426 1991 missi
445 1954 493 1992 ab
521 1967 628 2003 rege,
648 1968 765 2004 quum
782 1953 1022 2005 Megalopoli
1041 1957 1170 1993 conci-

57 2014 149 2053 lium
168 2023 266 2053 esset
281 2033 292 2063 3
325 2017 489 2066 dataque
517 2029 634 2068 opera
663 2024 720 2054 est
739 2017 787 2054 ab
807 2018 868 2061 iis,
889 2019 953 2067 qui
973 2018 1170 2057 obfensio-

56 2091 144 2117 nem
162 2081 261 2130 apud
273 2080 473 2118 Romanos
491 2081 693 2125 timebant,
708 2094 758 2118 ne
778 2082 1080 2122 admitterentur.

111 2142 244 2182 XXV.
270 2144 344 2182 Per
361 2145 443 2184 haec
463 2152 636 2196 tempora
653 2145 876 2183 AEtolorum
903 2147 942 2183 in
973 2154 1092 2184 semet
1110 2149 1168 2200 ip-
1180 2158 1368 2193 AEtolorum

59 2219 120 2244 sos
148 2219 276 2245 versus
303 2208 410 2246 furor
436 2211 577 2248 mutuis
607 2209 772 2250 caedibus
793 2211 840 2248 ad
867 2211 1169 2250 internecionem
1180 2202 1356 2236 diSCO‘diae·

61 2270 286 2309 adducturus
305 2272 500 2311 videbatur
518 2280 681 2323 gentem.
735 2273 842 2313 Fessi
871 2274 1004 2312 deinde
1024 2281 1062 2312 et
1084 2275 1168 2313 Ro-

60 2345 158 2373 mam
183 2341 342 2387 utraque
367 2348 453 2388 pars
472 2336 657 2374 miserunt
673 2336 837 2388 legatos,
858 2343 895 2374 et
914 2338 1014 2375 inter
1033 2350 1072 2376 se
1095 2339 1169 2391 ipsi

575 2399 608 2438 P
627 2400 650 2438 2
