1546 2648
336 190 423 243 482
747 208 750 212 ·
783 202 830 234 τ.
852 204 985 235 mvn

141 294 185 324 U.
199 293 237 325 C,
251 300 323 327 584-
339 297 512 328 senatum
528 290 663 329 consul
678 293 841 336 vocavit,
858 293 1100 343 recitatisque
1115 292 1279 338 tabellis,
1295 306 1343 332 ex
1360 307 1448 332 auc-

140 339 181 370 Α·
197 338 234 369 C'
252 343 496 393 ¹⁶⁸·toritate
524 355 680 394 Patrum
708 369 777 408 pro
806 357 898 394 foris
924 356 1085 408 publicis
1114 358 1357 395 denunciavit
1380 372 1451 409 po-

336 420 452 472 pulo:
483 421 527 458 L.
550 422 746 459 AEmilium
772 423 943 470 collegam
962 424 1073 471 signis
1098 424 1249 460 conlatis
1275 435 1355 460 cum
1374 435 1456 471 rege

337 487 468 523 Perseo
500 499 690 535 pugansse.
747 487 988 523 Macedonum
1016 490 1208 524 exercitum
1237 500 1363 524 caesum
1380 486 1453 536 fu-

334 561 494 598 sumque.
551 549 686 597 Regem
705 562 784 586 cum
801 552 928 598 paucis
946 549 1090 598 fugisse
1108 566 1121 586 .·
1149 553 1311 587 civitates
1335 563 1453 588 omnes

335 614 563 651 Macedonico
592 615 629 650 in
649 615 819 649 ditionem
845 615 974 661 populi
994 613 1151 650 Romani
1177 617 1319 652 venisse.
1377 615 1450 652 His

337 677 492 719 auditis,
512 676 656 713 clamor
675 689 761 713 cum
783 676 929 725 ingenti
950 676 1083 726 plausu
1103 685 1233 714 ortus:
1264 677 1361 714 ludis
1390 691 1450 716 re-

335 741 451 785 lictis,
472 741 605 778 domus
629 754 768 790 magna
793 753 879 791 pars
905 741 1103 777 hominum
1129 742 1175 778 ad
1201 741 1384 792 conjuges
1403 742 1450 779 li-

335 805 524 855 berosque
541 805 671 842 laetum
695 806 877 842 nuncium
900 805 1118 856 portabant.
1173 806 1325 843 Tertius
1345 807 1448 844 deci-

334 882 419 908 mus
449 870 528 907 dies
557 875 639 907 erat
666 869 715 907 ab
743 882 803 914 eo,
824 870 959 920 quoin
986 870 1217 908 Macedonia
1235 879 1446 923 pugnatum

336 940 406 972 est.

390 999 444 1036 11.
473 999 635 1037 Postero
649 1000 710 1036 die
725 1008 877 1036 senatus
894 1000 933 1036 in
948 999 1052 1036 curia
1070 998 1239 1043 habitus,
1257 999 1446 1051 supplica-

334 1064 535 1114 tionesque
559 1064 734 1108 decretae,
762 1070 800 1100 et
822 1064 1194 1100 senatusconsultum
1212 1064 1355 1101 factum
1375 1072 1448 1109 est,

333 1134 377 1165 ut
405 1128 552 1173 consul,
583 1141 693 1178 quos,
724 1135 861 1179 praeter
882 1127 1020 1164 milites
1051 1129 1250 1177 sociosque
1278 1128 1445 1173 navales,

333 1191 554 1243 conjuratos
574 1192 746 1235 haberet,
774 1192 1005 1228 dimitteret:
1038 1192 1083 1228 de
1111 1191 1293 1229 militibus
1313 1193 1447 1229 sociis-

332 1270 405 1307 que
423 1256 620 1293 navalibus
636 1257 869 1294 dimittendis
890 1256 1105 1299 referretur,
1123 1270 1238 1305 quum
1256 1256 1372 1306 legati
1393 1256 1440 1294 ab

331 1321 380 1359 L.
400 1321 561 1359 AEmilio
586 1321 756 1365 consule,
778 1335 800 1358 a
825 1321 960 1371 quibus
986 1321 1200 1371 praemissus
1224 1321 1442 1358 tabellarius

333 1392 446 1430 esset,
478 1387 516 1423 ἦ.
571 1387 675 1423 Ante
704 1387 801 1423 diem
832 1393 979 1422 sextum
1012 1386 1208 1423 Kalendas
1239 1385 1443 1429 Octobres,

160 1456 286 1505 Legati„
333 1450 430 1487 hora
441 1450 522 1487 fere
538 1450 716 1494 secunda,
732 1450 848 1499 legati
865 1450 994 1486 urbem
1015 1450 1174 1499 ingressi
1194 1455 1295 1493 sunt,
1311 1450 1444 1498 ingen-

162 1499 299 1530 AEfflssss'
334 1521 411 1552 tem
432 1527 559 1551 secum
589 1514 887 1557 obcurrentium,
915 1525 1151 1563 quacumque
1174 1513 1294 1557 ibant,
1315 1526 1446 1564 prose-

333 1580 606 1629 quentiumque
630 1579 823 1616 trahentes
850 1578 1016 1622 turbam,
1036 1579 1076 1615 in
1101 1578 1226 1614 forum
1249 1578 1296 1615 ad
1325 1578 1447 1615 tribu-

332 1643 396 1681 nal
422 1650 681 1694 perrexerunt,
739 1644 900 1680 Senatus
930 1643 1030 1680 forte
1060 1644 1099 1680 in
1130 1644 1234 1680 curia
1263 1649 1366 1679 erat:
1399 1655 1444 1678 eo

330 1707 478 1757 legatos
498 1707 631 1744 consul
650 1708 874 1744 introduxit.
931 1706 990 1744 lbi
1010 1714 1160 1744 tantum
1184 1707 1366 1757 temporis
1387 1719 1446 1743 re·

330 1773 444 1816 tenti,
465 1773 553 1809 dum
577 1780 826 1824 exponerent,
856 1777 1000 1821 quantoe
1026 1774 1134 1820 regiae
1162 1774 1272 1819 copiae
1286 1773 1448 1820 peditum
1501 1815 1504 1820 ,

331 1839 560 1886 equitumque
568 1837 742 1886 fuissent,
757 1842 843 1885 quot
859 1839 975 1873 millia
991 1849 1032 1872 ecc
1051 1837 1103 1872 his
1121 1849 1222 1878 caesa,
1239 1841 1325 1884 quot
1341 1842 1447 1884 capta

320 1903 453 1953 forent
464 1920 477 1947 ,·
493 1916 599 1951 quam
617 1915 816 1951 paucorum
833 1904 987 1939 militam
999 1901 1151 1949 jactura
1168 1907 1273 1938 tanta
1292 1903 1447 1939 hostium

332 1973 470 2016 strages
481 1966 620 2015 factem·
649 1979 754 2015 quam
777 1979 855 2003 cum
880 1968 1005 2015 paucis
1032 1978 1093 2002 rex
1109 1965 1296 2015 fugisset:
1324 1968 1445 2003 existi-

331 2036 428 2071 mari
455 2033 744 2070 Samothraciam
773 2034 986 2081 petiturum,
1015 2038 1186 2081 paratam
1218 2033 1364 2069 classem
1395 2033 1445 2068 acl

329 2099 611 2146 persequendum
646 2109 741 2133 esse:
777 2109 890 2145 neque
926 2102 1036 2139 terra,
1075 2108 1186 2144 neque
1222 2097 1316 2132 mari
1351 2096 1444 2132 elabi

330 2172 456 2209 posse:
485 2159 611 2195 eadem
632 2160 712 2195 haec
733 2159 861 2209 paullo
879 2167 966 2209 post
986 2159 1022 2195 in
1039 2160 1262 2195 concionem
1280 2159 1443 2195 traducti

334 2230 613 2274 exposuerunt:
647 2230 901 2271 renovataque
930 2223 1076 2266 laetitia,
1098 2235 1213 2272 quum
1243 2222 1376 2259 consul
1401 2235 1441 2259 e-

331 2288 500 2330 dixisset,
513 2292 554 2324 ut
572 2299 689 2323 omnes
706 2288 797 2323 cedes
814 2300 926 2323 sacrae
940 2289 1179 2335 aperirentur,
1198 2299 1266 2336 pro
1283 2297 1322 2321 se
1338 2287 1440 2333 quis-

332 2364 405 2401 que
425 2365 471 2389 ex
491 2352 676 2389 concione
690 2352 735 2388 ad
756 2353 895 2401 gratias
916 2352 1078 2401 agendas
1099 2352 1152 2388 ire
1170 2350 1279 2396 Diis3
1303 2350 1437 2399 ingen-
