1546 2648
104 293 148 326 U.

103 338 145 368 A.

162 294 198 326 C.
213 301 286 328 565.

158 337 194 370 C.
255 345 270 374 7

302 206 381 249 132
482 208 487 215 ·
748 207 793 236 Τ.
823 206 956 237 mvn

298 425 348 460 ad
371 424 636 472 Gallograecos:
665 425 723 460 cui
750 427 889 461 nationi
916 439 985 462 non
1015 439 1057 463 ex
1083 433 1225 464 senatus
1252 428 1411 463 auctori-

300 492 388 531 tate,
419 500 489 524 non
520 488 646 536 populi
665 486 782 534 jussu,
813 489 942 525 bellum
974 491 1125 527 inlatam
1144 507 1155 527 .·
1185 493 1278 540 quod
1308 503 1412 539 quem

297 565 467 601 umquam
499 554 544 589 de
577 565 643 588 sua
677 556 853 590 sententia
878 553 1008 602 facere
1039 557 1198 591 ausum.9
1225 555 1410 598 Antiochi,

297 617 477 666 Philippi,
508 617 727 653 Hannibalis
762 623 797 653 et
827 619 1017 654 Poenorum
1049 621 1286 655 recentissima
1319 620 1413 655 bella

297 694 366 718 esse
383 699 394 718 :
426 683 469 718 de
487 682 644 717 omnibus
663 682 716 718 liis
734 684 932 718 consultum
950 688 1127 726 senatum,
1146 685 1317 731 populum
1329 682 1412 730 jus-

296 747 378 781 sisse
391 762 402 782 .·
429 757 520 794 saepe
540 746 675 792 legatos
690 751 773 781 ante
791 748 925 788 missos,
946 758 1001 782 res
1019 747 1202 794 repetitas,
1219 751 1412 794 postremo,

297 810 359 856 qui
376 808 505 844 bellum
526 809 733 851 indicerent,
755 810 885 845 missos.
944 809 1040 850 Quid
1065 822 1198 852 eorum,
1222 810 1285 845 Cn.
1301 810 1412 845 Man-

299 873 338 914 li,
357 871 503 920 factum
525 876 589 913 est,
612 877 652 907 ut
680 873 774 908 istud
800 873 980 921 publicum
1007 874 1135 921 papuli
1155 873 1312 909 Romani
1340 873 1411 909 bel-

299 937 387 978 lum,
409 941 443 972 et
467 948 538 972 non
559 942 656 972 tuam
678 938 861 984 privatum
882 938 1110 973 latrocinium
1130 939 1300 974 ducamus
1314 939 1334 973 ‚9
1361 939 1415 974 At

299 1013 338 1036 eo
357 1002 432 1049 ipso
451 1005 634 1036 contentus
647 1000 781 1049 fuisti,-
811 1005 906 1037 recto
927 1003 1051 1037 itinere
1070 1003 1203 1038 (luxisti
1222 1004 1414 1038 exercitum

299 1066 347 1101 ad
369 1077 437 1108 eos,
460 1077 546 1112 quos
573 1065 635 1101 tibi
658 1065 770 1100 hostes
795 1066 1012 1101 ‹Iesumseras
1030 1082 1041 1101 .·
1070 1079 1117 1101 an
1145 1071 1179 1102 et
1202 1079 1267 1114 per
1294 1079 1414 1103 omnes

298 1131 498 1181 amfractus
520 1134 679 1173 viarum,
700 1144 807 1179 quum
837 1132 885 1167 ad
914 1132 1005 1167 bivia
1034 1133 1246 1174 consisteres,
1269 1138 1322 1174 ut,
1345 1145 1414 1180 quo

284 1196 445 1246 flexisset
464 1207 587 1243 agmen
608 1196 756 1230 Attalus
775 1195 944 1230 Eumenis
960 1193 1101 1242 frater,
1122 1206 1162 1230 eo
1181 1196 1302 1231 consul
1320 1208 1413 1232 mer-

298 1261 461 1296 cenarius
480 1272 556 1295 cum
577 1261 728 1295 exercitu
751 1259 914 1295 Romano
932 1261 1138 1307 sequereris,
1160 1260 1318 1303 Pisidiae,
1341 1260 1415 1308 Ly-

299 1325 512 1372 caonioeque,
546 1328 580 1359 et
606 1323 775 1371 Phrygiae
805 1335 956 1358 recessus
985 1335 1102 1359 omnes
1134 1329 1242 1372 atque
1267 1326 1415 1372 angulos

294 1389 510 1436 peragrasti,
531 1390 657 1436 stipem
676 1401 698 1423 a
725 1389 884 1435 tyrannis
906 1388 1173 1435 castellanisque
1193 1389 1304 1424 deviis
1329 1401 1413 1424 con—

301 1453 445 1500 figens?
476 1452 572 1493 Quid
597 1454 691 1488 enim
719 1452 781 1487 tibi
801 1464 879 1487 cuni
902 1453 1109 1487 Oroandis?
1130 1453 1215 1500 quid
1233 1465 1310 1488 cuin
1332 1454 1415 1489 aliis

295 1517 398 1565 'aeque
432 1519 587 1552 innoxiis
619 1517 802 1565 populis?
831 1517 970 1552 Bellum
1003 1521 1120 1552 autem
1158 1518 1286 1564 ipsum,
1318 1517 1416 1564 cujus

302 1581 443 1624 nomine
480 1581 698 1629 triumphum
735 1581 839 1628 petis,
878 1592 946 1627 quo
982 1581 1086 1615 modo
1118 1582 1292 1627 gessisti?
1319 1582 1415 1618 Loco

301 1658 412 1694 aequo,
441 1650 598 1693 tempore
628 1650 688 1680 tao
710 1646 920 1693 pugnasti?
953 1645 1006 1680 Tu
1032 1657 1114 1680 vero
1140 1650 1246 1688 recte,
1271 1652 1310 1682 ut
1328 1647 1418 1683 Diis

303 1710 549 1746 inmortalibus
577 1710 684 1746 honos
709 1710 895 1751 habeatur,
920 1710 1081 1757 postulas
1093 1726 1106 1745 .·
1135 1711 1303 1757 primum,
1323 1712 1416 1759 quod

297 1787 366 1822 pro
390 1777 589 1811 temeritate
614 1776 854 1823 imperatoris,
874 1775 975 1810 nullo
991 1773 1077 1820 jure
1097 1776 1259 1821 gentium
1284 1775 1415 1811 bellum

303 1838 501 1888 inferentis,
532 1851 653 1887 poenas
687 1839 780 1874 luere
809 1840 997 1874 exercitant
1031 1839 1244 1875 noluerant:
1275 1839 1415 1883 deinde,

303 1904 395 1953 quod
414 1903 561 1946 belluas,
582 1915 651 1938 non
672 1903 795 1944 hostes,
816 1902 914 1938 nobis
931 1901 1139 1948 objecerunt.

356 1967 502 2003 XLVI.
535 1969 658 2003 Nolite
691 1979 817 2003 nomen
855 1971 994 2002 tantum
1031 1969 1231 2003 existimare
1266 1970 1416 2005 mixtum

303 2043 373 2067 esse
398 2032 699 2078 Gallogra’corum
715 2048 726 2067 .·
755 2032 868 2067 multo
891 2035 973 2066 ante
1000 2035 1034 2066 et
1063 2043 1212 2078 corpora
1240 2036 1274 2066 et
1303 2034 1417 2069 animi

304 2096 407 2130 mioeti
440 2107 482 2131 ac
512 2096 634 2130 vitiati
664 2100 756 2130 sunt.
813 2096 884 2136 An,
915 2096 944 2130 si
976 2094 1028 2129 illi
1059 2094 1158 2129 Galli
1187 2101 1308 2137 essent,
1337 2108 1417 2132 cum

304 2160 428 2207 quibus
462 2160 590 2195 millies
620 2161 721 2195 vario
754 2164 878 2194 eventu
914 2161 948 2193 in
975 2159 1089 2194 Italia
1118 2164 1316 2206 pugnatum
1350 2165 1416 2204 est,

305 2228 476 2271 quantum
506 2226 543 2258 in
572 2225 786 2270 imperatore
813 2228 933 2258 nostro
951 2222 1046 2271 snit.
1068 2236 1215 2259 nuncius
1240 2225 1340 2259 illinc
1360 2236 1416 2260 re-

304 2288 410 2322 disset
425 2288 446 2322 5²
475 2287 537 2322 Bis
559 2299 637 2323 cum
664 2289 706 2322 iis
724 2291 924 2335 pugnatum
946 2292 1008 2328 cst,
1031 2287 1078 2322 bis
1100 2289 1174 2322 loc.»
1198 2289 1316 2335 iniquo
1337 2288 1417 2324 sub·

303 2353 360 2394 iit,
383 2353 419 2387 in
435 2352 530 2388 valle
553 2351 722 2401 inferiore
742 2351 892 2401 pedibus
917 2364 1010 2401 pene
1027 2353 1177 2389 hostium
1199 2355 1309 2389 aciem
1337 2352 1419 2389 sub·

297 308 378 331 rum
397 299 515 332 castra
534 297 701 344 posuisse.
759 297 878 339 Quum
901 299 1041 335 nullam
1067 299 1114 334 ibi
1142 311 1301 336 caussam
1326 299 1410 336 belli
1464 332 1467 333 γ

277 360 482 403 'inveniret,
514 359 764 408 quiescentibus
798 363 919 409 regiis,
950 363 1192 410 circumegisse
1218 364 1411 400 exercitum
