1546 2648
394 174 548 205 LIBER
571 170 701 203 XLII.
734 173 839 201 CAP.
867 172 909 201 L.
1119 168 1200 216 373

95 267 195 311 inde,
229 278 313 304 cum
351 264 525 303 omnibus
559 262 678 313 copiis
711 266 961 302 transvectus,
996 259 1043 296 ad
1078 254 1397 309 Nym-U·C·⁵⁸¹-

96 333 246 383 phaeum
265 332 304 367 in
323 329 560 381 Apolloniati
580 339 673 376 agro
693 326 821 376 posuit
839 330 974 360 castra.

150 396 196 433 L.
224 395 371 431 Paucos
389 399 476 431 ante
497 392 574 428 dies
594 391 768 432 Persem,
785 396 987 440 postquam
1007 387 1137 436 legati,
1157 388 1204 424 ab

1214 298 1254 328 A.
1270 298 1400 334 C.171.

1217 381 1348 412 Perseus

1218 422 1392 454 consilium

97 458 225 496 Roma
252 458 427 507 regressi,
454 456 702 507 praeciderant
731 467 834 504 spem
864 453 982 503 pacis,
1007 451 1205 488 consilium
1219 467 1326 497 habet,

96 522 243 559 habuit.
299 521 361 558 lbi
398 519 628 570 aliquamdiu
665 518 818 555 diversis
856 517 1052 552 sententiis
1087 522 1208 551 certa—

96 593 180 623 tum
198 593 267 623 est.
315 585 452 628 Erant,
473 584 608 633 quibus
626 583 686 619 vel
705 582 935 632 stipendium
954 580 1209 631 pendendum,

98 651 130 688 si
156 649 432 701 injungeretur,
454 647 511 684 vel
539 648 619 696 agri
645 653 752 697 parte
779 645 997 687 cedendum,
1018 645 1049 680 si
1073 643 1210 680 multa-

98 719 207 759 rent3
240 711 418 762 quidquid
448 711 609 759 denique
638 710 739 747 aliud
768 709 870 760 pacis
901 720 1033 745 caussa
1061 708 1210 758 patien-

100 777 190 814 dum
212 782 323 819 esset,
343 787 422 812 non
448 774 697 810 recusandum
718 773 919 815 videretur,
940 785 1011 808 nec
1036 773 1212 808 commit-

100 839 271 882 tendum,
288 839 382 875 utin
400 837 520 874 aleam
536 838 634 873 tanti
655 849 761 874 casus
782 849 822 873 se
840 848 1074 886 regnumque
1094 836 1211 874 daret.

101 906 144 945 Si
160 907 324 955 possessio
345 904 443 940 haud
467 904 636 952 ambigua
661 906 761 951 regni
788 909 959 945 maneret,
980 904 1097 939 multa
1121 903 1215 938 diem

102 975 308 1019 tempusque
323 968 469 1017 adferre
482 980 598 1017 posse,
615 968 740 1016 quibus
757 979 827 1002 non
845 969 977 1003 amissa
995 969 1099 1003 modo
1113 979 1215 1004 recu-

99 1046 241 1084 perare,
261 1034 323 1069 sed
343 1034 518 1069 timendus
535 1033 632 1068 ultro
651 1033 697 1068 iis
724 1044 806 1074 esse,
828 1044 914 1080 quos
939 1043 1032 1067 nunc
1060 1033 1214 1075 timeret,

102 1103 230 1147 posset.
289 1097 467 1133 Ceterum
493 1095 615 1132 multo
642 1094 767 1146 major
793 1108 878 1145 pars
905 1095 1101 1132 ferocioris
1129 1108 1215 1132 sen-

103 1161 233 1197 tentiae
263 1166 366 1196 erat:
402 1161 586 1208 Quidquid
615 1161 780 1202 cessisset,
799 1172 877 1196 cum
906 1172 945 1195 eo
973 1160 1082 1195 simul
1107 1172 1217 1207 regno

101 1226 269 1273 protinus
302 1225 495 1260 cedendum
528 1235 611 1266 esse,
646 1222 908 1259 adfirmabant.
966 1224 1092 1271 Neque
1122 1225 1218 1260 enim

104 1287 286 1324 Romanos
305 1289 457 1335 pecunia
476 1291 541 1322 aut
565 1298 653 1333 agro
672 1298 797 1334 egere:
824 1288 885 1322 secl
905 1287 970 1322 hoc
987 1289 1088 1329 scire,
1110 1299 1218 1335 quum

104 1352 224 1388 omnia
245 1346 414 1394 humana,
438 1355 514 1386 tum
532 1351 690 1386 maxima
709 1362 854 1398 quaeque
871 1355 904 1385 et
922 1362 1031 1398 regna
1052 1356 1086 1386 et
1107 1352 1219 1399 impe·

103 1417 162 1452 ria
193 1414 256 1451 sub
288 1414 424 1450 casibus
451 1414 575 1450 multis
603 1425 684 1450 esse.
742 1414 1102 1461 Karthaginiensium
1138 1427 1219 1463 opes

96 1480 254 1530 fregisse
267 1491 352 1522 sese,
370 1484 405 1516 et
420 1479 608 1515 cervicibus
625 1490 745 1514 eorum
760 1479 1220 1528 praepotentemfinitimum

105 1557 225 1592 regem
250 1545 466 1592 inposuisse:
494 1543 712 1580 Antiochum
735 1544 1013 1591 progeniemque
1031 1541 1103 1589 ejus
1121 1543 1222 1579 ultra

99 1608 194 1656 Juga
219 1609 332 1644 Tauri
348 1609 537 1644 remotum.
601 1608 717 1643 [Itium
733 1619 805 1642 esse
823 1607 1044 1643 Macedonioe
1059 1618 1221 1654 regnu-m,

108 1678 144 1709 et
160 1675 302 1722 regione
317 1674 572 1721 propinquum,
595 1677 630 1707 et
649 1673 756 1720 quod,
775 1672 885 1707 sicubi
901 1672 1037 1719 populo
1058 1671 1234 1708 Romano‘

107 1751 173 1774 sua
190 1737 351 1786 fortuna
376 1737 482 1779 labet,
504 1738 669 1784 antiquos
693 1737 830 1771 animos
848 1736 986 1782 regibus
1004 1737 1075 1770 suis
1099 1736 1222 1772 videa-

109 1807 169 1839 tur
184 1814 285 1850 posse
292 1800 434 1850 fizcere.
491 1801 594 1836 Dum
614 1802 761 1847 integroe
777 1811 832 1834 res
851 1801 874 1824 ἥ
897 1799 921 1821 ⁴*
941 1801 1041 1847 apud
1063 1802 1222 1836 animum

110 1877 211 1902 suum
233 1865 365 1901 Persea
383 1864 517 1907 debere,
534 1868 671 1906 utrum,
691 1863 834 1910 singula
853 1864 1085 1906 concedendo,
1105 1866 1223 1900 nuda-

114 1935 169 1966 tus
187 1931 236 1966 ad
262 1934 459 1965 extremum
484 1929 606 1976 opibus
631 1929 847 1975 extorrisque
864 1939 986 1975 regno,
1010 1928 1224 1965 Samothra-

111 1995 205 2030 ciam
233 1994 389 2030 aliamve
417 2004 524 2041 quam
551 1993 705 2027 insulam
731 1997 852 2040 petere
879 1992 922 2027 ab
953 1991 1138 2035 Romanis,
1166 1994 1227 2030 ubi

112 2059 275 2106 privatus
297 2062 473 2106 superstes
496 2068 604 2104 regno
627 2068 691 2092 suo
716 2057 753 2092 in
779 2060 957 2092 contemtu
977 2060 1084 2103 atque
1102 2058 1225 2105 inopia

114 2126 345 2164 consenescat,
363 2123 491 2158 malit:
519 2133 579 2163 an,
601 2125 763 2157 armatus
780 2121 909 2156 vindex
922 2119 1087 2168 fortunae
1105 2122 1224 2168 digni-

115 2187 267 2233 tatisque
292 2195 376 2228 suae,
406 2187 459 2222 ita
486 2190 529 2221 ut
554 2187 632 2221 viro
654 2184 755 2233 forti
784 2185 931 2232 dignum
958 2186 1018 2226 sit,
1043 2186 1225 2232 patiatur,

113 2250 359 2298 quodcumque
376 2261 475 2285 casus
494 2250 576 2286 belli
596 2250 720 2285 tulerit
726 2266 739 2293 ,-
758 2252 822 2285 aut
840 2250 953 2284 victor
968 2247 1091 2284 liberet
1110 2249 1225 2285 orbem

115 2319 292 2351 terrarum
311 2313 356 2350 ab
373 2315 522 2363 imperio
542 2314 719 2350 Romano.
776 2313 857 2350 Non
883 2324 952 2350 esse
974 2313 1225 2349 admirabilius
