1546 2648
338 143 492 173 LIBER
515 141 669 171 xmu-
701 138 808 169 cAP.
831 139 988 171 xxul.
1133 141 1213 182 421

111 228 278 266 Stratum
294 231 458 266 venisse:
481 234 629 266 mutato
645 227 780 264 deinde
794 239 880 263 cum
899 226 1054 263 fortuna
1073 228 1215 271 animo,
1230 242 1272 272 υ,
1283 241 1320 273 c,
1338 249 1410 274 583.

110 291 296 330 Romanis
327 306 380 338 se,
401 293 576 330 adversus
596 304 690 341 quos
708 297 876 334 venerat,
889 290 1076 341 junxisse.
1133 292 1217 329 Nec
1228 286 1269 316 A·
1285 285 1320 316 C·
1338 290 1409 318 ¹⁶⁹·

109 355 292 407 Popillius
325 357 506 401 securior,
537 369 650 406 quam
682 355 846 392 debebat
874 367 969 398 esse,
1002 355 1102 391 inter
1138 361 1217 393 tam

108 419 264 457 mobilia
282 420 436 469 ingenia
455 427 553 457 erat:
577 419 698 456 claves
714 425 910 470 portarum
930 418 1216 468 custodiamque

107 496 300 520 murorum
319 497 394 521 suae
414 484 605 535 extemplo
624 483 824 535 potestatis
845 482 955 519 fecit:
978 482 1214 519 Dinarchum

103 546 334 597 AEtolosque
355 561 439 585 cum
462 548 666 600 juventute
692 547 920 584 Stratiorum
946 547 986 583 in
1005 559 1129 583 arcem
1148 559 1215 597 per

103 612 266 661 praesidii
286 614 448 663 speciem
468 614 623 651 amovit.
678 613 853 655 Perseus,
875 611 922 648 ab
941 610 1214 648 inminentibus

104 676 289 725 superiori
324 677 423 726 parti
461 677 562 713 urbis
601 675 755 712 tumulis
793 675 948 712 tentatis
986 674 1213 723 conloquiis,

103 751 220 788 quum
248 740 462 777 obstinatos
492 746 605 790 atque
634 741 749 776 etiam
776 738 860 776 telis
887 737 1021 789 procul
1043 744 1213 774 arcentes

103 803 257 847 videret,
278 805 445 854 quinque
463 805 580 841 millia
599 817 776 856 passuum
798 803 845 840 ab
866 803 959 839 urbe
978 810 1083 839 trans
1109 802 1214 839 Peti-

104 871 225 903 tarum
246 880 396 904 amnem
414 869 542 918 posuit
558 874 693 905 castra.
750 868 811 904 Ibi
831 867 991 904 consilio
1012 867 1213 910 advocato,

103 942 217 978 quum
237 931 487 968 Archidamus
507 931 828 982 Epirotarumque
847 930 1054 978 transfugas
1074 931 1214 966 retine-

101 1001 201 1038 rent,
231 995 486 1033 Macedonum
518 996 707 1047 principes
740 1008 818 1031 non
848 994 1095 1044 pugnandum
1128 1007 1213 1030 cum

102 1057 242 1095 infesto
275 1066 444 1111 tempore
478 1060 568 1096 anni
602 1065 812 1102 censerent,
846 1057 959 1094 nullis
992 1058 1214 1108 praeparatis

102 1122 395 1168 commeatibus;
418 1136 532 1172 quum
549 1124 717 1173 inopiam
734 1123 836 1173 prius
853 1122 1085 1166 obsidentes,
1099 1135 1214 1172 quam

102 1185 261 1231 obsessi,
282 1189 424 1223 sensuri
447 1194 586 1231 essent,
608 1188 770 1223 maxime
790 1187 892 1236 quod
917 1187 1085 1223 hostium
1111 1187 1214 1223 haud

100 1249 232 1300 procul
259 1251 346 1287 inde
376 1251 535 1288 hiberna
561 1257 693 1296 erant3
725 1251 878 1286 territus
905 1251 943 1286 in
963 1251 1212 1300 Aperantiam

99 1319 222 1351 castra
249 1315 381 1352 movit.
437 1316 636 1366 Aperantii
669 1329 768 1360 eum,
802 1320 958 1366 propter
988 1316 1211 1352 Archidami

99 1391 276 1428 magnam
296 1380 334 1417 in
355 1392 398 1416 ea
418 1386 532 1429 gente
551 1381 713 1429 gratiam
739 1380 1094 1428 auctoritatemque,
1116 1392 1209 1416 con-

99 1456 210 1480 sensu
230 1445 399 1480 omnium
419 1450 668 1494 acceperunt:
702 1445 732 1480 is
753 1445 833 1495 ipse
856 1457 940 1480 cum
967 1444 1210 1493 octingento-

99 1520 181 1544 rum
200 1508 363 1544 militum
382 1509 556 1559 praesidio
574 1509 633 1545 his
653 1514 711 1545 est
729 1495 968 1559 praepositus.

151 1572 311 1608 XXIII.
340 1572 425 1609 Rex
448 1586 532 1609 cum
558 1574 704 1609 minore
723 1574 925 1609 vexatione
944 1571 1208 1622 jumentorum
1231 1616 1237 1620 s

98 1635 384 1684 hominumque,
405 1649 516 1685 quam
535 1642 703 1679 venerat,
727 1637 766 1672 in
791 1636 1059 1672 Macedoniam
1084 1635 1208 1671 rediit.

97 1698 265 1748 Appium
284 1705 411 1734 tamen
432 1698 478 1734 ab
499 1698 698 1735 obsidione
718 1699 903 1735 Phanotis
919 1699 1021 1735 fama
1036 1698 1207 1734 ducentis

98 1763 144 1799 ad
164 1762 332 1799 Stratum
352 1763 478 1799 Persei
500 1763 704 1799 submovit.
753 1763 902 1806 Clevas,
924 1776 1008 1798 cum
1028 1762 1205 1812 praesidio
1221 1772 1326 1803 Clevae
1342 1773 1414 1804 Mb

95 1826 330 1876 inpigrorum
353 1825 537 1876 juvenum
557 1827 764 1870 insecutus,
791 1826 859 1862 snb
880 1825 1068 1862 radicibus
1089 1838 1206 1875 prope
1219 1817 1349 1846 cedonis

96 1889 205 1926 inviis
232 1891 420 1926 montium
447 1890 491 1926 ad
520 1890 621 1926 mille
646 1890 843 1926 hominum
864 1902 910 1926 ex
930 1890 1081 1938 agmine
1100 1890 1208 1939 inpe·
1220 1866 1318 1898 gesta.

97 1953 177 1989 dito
205 1953 357 1996 occidit,
382 1953 427 1989 ad
457 1954 639 1990 (luc'entos
670 1955 782 2003 cepit.
837 1954 1000 2003 AppiuS,
1022 1952 1208 2002 superatis

98 2017 296 2065 angustiis,
325 2017 364 2052 in
395 2030 544 2067 campo,
572 2029 683 2066 quem
712 2016 872 2052 Elaeona
897 2021 1049 2058 vocant,
1071 2016 1210 2051 stativa

98 2080 240 2117 dierum
258 2094 463 2131 paucorum
484 2080 631 2118 habuit.
684 2080 843 2116 Interim
865 2078 1014 2121 Clevas,
1035 2079 1210 2115 adsumto

97 2143 345 2189 Philostrato,
379 2147 443 2195 qui
479 2146 726 2196 Epirotarum
763 2151 918 2193 gentem
953 2143 1135 2186 habebat,
1169 2143 1210 2178 in

99 2221 232 2256 agrum
260 2209 562 2258 Antigonensem
594 2209 842 2246 transcendit.
896 2207 1130 2244 Macedones
1162 2207 1209 2242 ad

98 2271 430 2323 depopulationem
449 2273 608 2325 profecti
625 2289 635 2318 ;
667 2272 924 2310 Philostratus
944 2284 1030 2309 cum
1051 2270 1209 2308 cohorte
