1546 2648
390 152 547 182 Lmen
568 150 687 180 xxv.
719 149 828 179 cAP.
853 151 934 178 xt..
1131 145 1213 192 531

107 255 189 292 quae
209 240 368 279 velanda
386 246 508 283 eraut,
536 246 663 275 tumor
682 238 879 286 inguinum
900 236 1082 287 proximis
1103 236 1219 274 risum
1234 240 1277 272 U.
1287 242 1414 273 0505.

107 308 237 343 movit.
293 306 407 348 Tum,
433 305 515 341 Hoc
540 315 690 352 quoque,
723 303 819 351 quod
850 303 987 346 ridetis,
1017 302 1156 352 inquit,
1185 303 1223 339 in
1235 286 1414 319 A'C'¹⁶⁷‘

107 384 197 420 equo
216 373 290 408 dies
313 375 498 418 noctesque
522 368 740 417 persedendo
769 367 906 404 habeo:
933 379 998 404 nec
1026 368 1140 415 magis
1167 379 1224 404 me

108 433 196 481 ejus,
234 447 342 484 quam
386 434 593 470 cicatricum
639 431 782 474 harum,
825 432 939 480 pudet
981 432 1221 480 poenitetque3

111 500 254 549 quando
279 510 477 547 numquam
500 496 590 533 mihi
621 496 861 545 inpedimento
889 496 939 532 ad
969 495 1225 544 rempublicam

111 564 195 600 bene
209 565 404 612 gerendam
433 563 532 599 domi
562 562 772 609 militiaeque
789 559 884 610 fuit.
928 560 1008 608 Ego
1035 560 1100 596 hoc
1116 559 1226 609 ferro

109 640 202 677 ,ηερε
217 633 386 665 vexatum
410 639 538 675 corpus
563 631 663 662 vetus
681 626 783 663 miles
801 625 1080 662 adolescentibus
1097 626 1225 662 militi-

111 693 172 730 bus
187 694 349 729 ostend-i:
385 692 501 728 Galba
525 692 640 727 nitens
668 695 703 727 et
728 692 910 739 integrum
928 691 1095 727 denudet.
1152 689 1226 727 Re-

112 762 248 800 vocate,
279 758 311 793 si
335 758 490 800 videtur,
521 756 666 799 tribuni,
696 756 747 792 ad
768 756 981 805 suffragium
1001 754 1135 799 tribus-‚-
1163 766 1228 803 ego

111 822 161 858 ad
177 833 238 858 vos
255 822 400 863 militae,

372 908 397 930 -Χ-
562 906 587 929 K·
752 906 777 929 ‹K-
943 906 967 929 ff

166 1013 256 1051 XL.
313 1013 507 1050 Summam
551 1013 673 1049 omnis
712 1011 853 1062 captivi
889 1012 972 1048 auri
1004 1015 1441 1063 argentique'rriumphus

115 1079 290 1115 translati
321 1077 537 1114 sestertium
567 1076 702 1113 millies
734 1076 927 1113 ducenties
957 1076 1087 1122 fuisse,
1115 1079 1229 1116 Vale·
1243 1063 1356 1094 pauni·

115 1145 190 1180 rius
212 1143 347 1180 Antias
368 1142 504 1179 tradit:
537 1154 620 1190 quae
638 1141 741 1177 haud
760 1140 874 1179 dubie
887 1141 1012 1193 major
1031 1143 1230 1193 aliquanto

116 1219 263 1244 summa
281 1219 328 1243 ex
345 1218 504 1242 numero
523 1204 778 1256 plaustrorum
797 1206 1119 1257 ponderibusque,
1133 1209 1229 1252 auri,

115 1271 277 1320 argenti,
298 1271 508 1319 generatim
528 1269 575 1306 ab
596 1270 680 1319 ipso
699 1270 865 1320 scriptis,
893 1269 1064 1309 efficitur.
1119 1271 1229 1310 Alte-

115 1347 199 1372 rum
227 1340 377 1370 tantum
407 1341 473 1371 aut
504 1335 544 1370 in
576 1333 722 1369 bellum
748 1333 963 1383 proximum
995 1334 1228 1381 absumtum,

116 1406 182 1436 aut
207 1399 247 1434 in
265 1396 371 1445 fuga,
391 1410 507 1447 quum
527 1397 801 1434 Samothracen
820 1403 979 1448 peteret,
1006 1399 1230 1449 dissipatum

117 1463 294 1504 tradunt:
338 1474 460 1511 eoque
493 1461 533 1498 id
566 1460 776 1497 mirabilius
809 1467 903 1505 erat,
942 1463 1044 1512 quod
1080 1470 1228 1502 tantum

115 1529 286 1580 pecuniae
315 1528 416 1564 intra
443 1526 604 1574 triginta
635 1537 755 1562 annos
781 1532 870 1576 post
899 1525 1042 1563 bellum
1061 1527 1230 1580 Philippi
1253 1543 1260 1548 v*

117 1606 203 1630 cum
221 1591 424 1635 Romanis,
444 1591 583 1642 partim
605 1603 652 1626 ex
669 1589 796 1627 fructu
815 1591 1071 1637 metallorum,
1092 1595 1231 1643 partim

117 1670 166 1694 ex
193 1656 444 1706 vectigalibus
475 1654 573 1698 aliis,
607 1661 872 1691 coacervatum
903 1655 1040 1694 fuerat.
1096 1657 1231 1708 Itaque

117 1721 320 1758 admodum
352 1721 462 1769 inops
489 1719 659 1769 pecuniae
679 1718 893 1770 Philippus,
913 1719 1073 1758 Perseus
1098 1729 1233 1760 contra

116 1785 312 1838 praedives‚
337 1784 480 1821 bellare
507 1796 594 1820 cum
622 1783 808 1820 Romanis
839 1786 969 1836 coepit.
1024 1786 1112 1837 Ipse
1141 1799 1232 1838 pos-

116 1857 240 1886 tremo
267 1847 423 1885 Faunus
452 1848 492 1884 in
525 1860 636 1884 curru
667 1860 860 1897 magnam,
899 1862 1014 1899 quum
1046 1850 1232 1900 dignitate

117 1913 192 1950 alia
211 1912 397 1962 corporis,
415 1917 497 1947 tum
527 1917 683 1947 senecta
711 1912 807 1961 ipsa,
838 1912 1077 1963 majestatem
1096 1927 1172 1965 prae
1192 1928 1234 1952 se

116 1977 263 2014 ferens:
295 1982 384 2027 post
410 1988 561 2012 currum
588 1977 687 2012 inter
716 1976 810 2013 alios
840 1977 1016 2014 inlustres
1045 1980 1145 2016 viros
1165 1980 1235 2017 filii

117 2041 208 2084 duo,
227 2041 277 2080 Q.
291 2040 485 2077 BIaximus
504 2047 542 2076 et
567 2039 610 2077 P.
632 2040 760 2090 Scipio
779 2056 786 2077 :
820 2041 955 2078 deinde
987 2044 1130 2092 equites
1153 2051 1233 2085 tur-,

118 2105 266 2148 matim,
286 2112 325 2141 et
343 2105 522 2141 cohortes
541 2105 712 2155 peditum
741 2106 818 2151 suis
838 2119 996 2157 quaeque
1021 2109 1231 2148 ordinibus.

118 2168 242 2205 Pediti
271 2169 311 2204 in
342 2168 513 2217 singulos
540 2170 620 2206 dati
645 2171 810 2214 centeni,
834 2171 973 2222 duplex
1002 2174 1232 2218 centurioni,

118 2232 259 2283 triplex
270 2232 388 2281 equiti
404 2247 412 2268 :
434 2239 584 2270 tantum
600 2235 718 2285 pediti
734 2236 910 2274 daturum
925 2237 1042 2274 fuisse
1060 2238 1234 2281 credunt,

118 2302 158 2332 et
175 2308 245 2347 pro
270 2304 355 2333 rata
383 2295 482 2342 aliis,
512 2298 545 2333 si
571 2304 637 2334 aut
665 2311 744 2334 non
775 2299 957 2350 refragati
986 2301 1126 2338 honori
1154 2301 1236 2352 ejus

614 2362 651 2398 A
670 2375 692 2398 a
711 2363 734 2399 2
