1546 2648
318 159 473 190 LIBER
499 160 579 188 XL·
613 159 721 188 CAP.
746 160 927 189 XXXIV·
1103 156 1182 202 257

71 248 192 285 hostis
213 250 458 286 circumvenit
477 265 484 286 2
517 255 644 285 tamen
666 249 712 285 ad
741 249 939 285 duodecim
959 248 1077 285 millia
1097 255 1183 285 sunt
1198 254 1239 283 U.
1253 253 1289 284 C.
1304 258 1378 287 571.

71 325 190 350 caesa:
223 320 333 364 capta
369 313 451 364 plus
486 314 653 362 quinque
691 312 811 348 millia
846 313 1061 356 hominum,
1098 314 1184 362 equi
1197 297 1238 328 Α·
1252 297 1288 326 C·
1305 301 1376 326 ¹31‘

70 377 352 426 quadringenti,
385 378 494 425 signa
524 377 702 413 militaria
731 377 933 425 sexaginta
962 377 1049 413 duo.
1107 377 1184 416 Qui

69 440 188 490 palati
208 454 227 477 e
244 436 336 490 fuga
355 442 508 478 domum
528 453 568 477 se
597 440 847 491 recipiebant,
869 439 1027 476 alterum
1048 452 1185 488 agmen

71 503 349 540 Celtiberorum
379 505 625 548 venientium,
647 504 879 541 deditionem
909 502 1126 539 Contrebiae
1147 510 1186 539 et

69 578 176 603 suam
195 568 339 605 cladem
358 569 562 612 narrando,
581 574 798 605 averterunt
816 583 823 604 :
857 566 1049 617 extemplo
1069 568 1106 602 in
1129 568 1184 602 vi-

69 642 133 666 cos
151 631 379 680 castellaque
398 644 465 667 sua
485 645 616 668 omnes
637 631 785 682 dilapsi.
841 630 1014 673 Flaccus,
1037 642 1058 665 a
1079 630 1184 666 Con-

69 693 191 729 trebia
209 694 417 743 profectus,
437 708 504 745 per
534 695 782 731 Celtiberiam
802 693 1094 744 populabundus
1116 694 1185 730 du-

70 756 123 792 cit
140 757 309 806 legiones
327 773 334 794 :
357 759 477 795 multa
496 758 652 795 castella
668 758 919 809 obpugnavit,
937 758 1058 795 donec
1077 771 1184 795 max-

68 820 145 856 ima
163 833 248 869 pars
271 821 552 858 Celtiberorum
571 823 611 857 in
631 822 862 858 deditionem
883 821 1000 858 venit.

121 884 317 921 XXXIV.
348 885 444 921 Haec
479 887 517 921 in
555 887 730 922 citeriore
768 885 960 935 Hispania
998 898 1044 921 eo
1082 898 1184 921 anno

68 954 188 996 gesta.
243 948 296 984 Et
314 949 353 985 in
371 949 563 992 ulteriore,
585 949 753 985 BIanlius
773 955 915 999 praetor
931 949 1094 984 secunda
1115 949 1185 984 ali-

69 1019 163 1061 quot
181 1012 317 1062 proelia
336 1025 420 1049 cum
449 1013 645 1049 Lusitanis
675 1013 779 1049 fecit.
835 1012 1013 1061 Aquileia
1032 1011 1186 1048 colonia

70 1075 213 1112 Latina
237 1075 370 1112 eodem
399 1089 501 1112 anno
521 1077 559 1112 iu
581 1089 673 1125 agro
704 1075 902 1112 Gallorum
923 1083 979 1111 est
999 1076 1182 1112 deducta:

69 1139 143 1175 tria
162 1138 280 1175 millia
294 1139 464 1189 peditum
489 1140 757 1188 quinquagena
769 1138 921 1189 jugera,
942 1138 1183 1175 centuriones

69 1209 244 1246 centena,
280 1209 439 1240 centena
469 1204 709 1253 quadragena
744 1204 889 1252 equites
927 1208 1154 1252 acceperunt
1172 1215 1181 1237 ι

67 1266 216 1302 tresviri
241 1266 491 1310 deduxerunt,
522 1267 565 1304 P.
587 1266 786 1303 Cornelius
809 1266 937 1316 Scipio
956 1266 1114 1308 Nasica,
1137 1265 1182 1302 C.

67 1328 292 1374 Flaminius,
324 1329 371 1367 L.
400 1331 569 1367 Manlius
606 1331 803 1367 Acidinus,
860 1328 980 1366 AEdes
1017 1329 1098 1365 duae
1136 1341 1183 1365 eo

69 1406 170 1429 anno
197 1393 377 1430 dedicatae
398 1401 508 1430 sunt:
543 1407 618 1430 una
645 1394 804 1430 Veneris
824 1393 1000 1442 Erycinae
1019 1392 1065 1428 ad
1092 1404 1182 1442 por-²

67 1462 146 1493 tam
167 1457 355 1494 Collinam
375 1474 382 1495 :
415 1459 603 1500 dedicavit
631 1458 678 1495 L.
699 1458 855 1494 Porcius
886 1457 932 1494 L.
963 1456 1006 1494 F.
1025 1456 1183 1493 Licinus

69 1521 242 1557 duumvir
259 1536 267 1557 :
303 1524 410 1570 (vota
429 1528 510 1558 erat
530 1522 576 1558 ab
598 1521 753 1558 consule
773 1521 818 1557 L.
840 1520 992 1564 Porcio,
1012 1520 1185 1569 Ligusti-

69 1597 120 1621 no
149 1584 296 1630 bello:)
329 1585 460 1628 altera,
491 1586 529 1621 in
558 1585 645 1622 foro
682 1586 852 1628 olitorio,
884 1585 1068 1621 Pietatis:
1102 1596 1186 1621 eam

71 1647 188 1684 aedem
217 1648 404 1685 dedicavit
422 1649 650 1686 M'.Acilius
681 1649 840 1685 Glabrio
870 1648 1074 1693 duumvir5
1107 1654 1184 1684 sta-

68 1718 248 1760 tuamque
268 1719 453 1755 auratam,
475 1725 558 1761 quae
577 1713 699 1762 prima
718 1713 888 1748 omnium
913 1712 953 1747 in
973 1711 1086 1747 Italia
1106 1718 1184 1747 sta-
1239 1750 1242 1752 ,

68 1781 134 1811 tua
154 1781 287 1811 aurata
315 1781 385 1818 est,
407 1777 505 1825 patri
526 1776 725 1812 Glabrioni
747 1777 887 1826 posuit.
945 1775 982 1810 Is
1004 1781 1098 1817 erat,
1120 1775 1185 1824 qui

68 1839 148 1888 ipse
167 1851 250 1874 eam
270 1839 386 1875 aedem
406 1845 574 1882 voverat,
596 1852 672 1888 quo
692 1840 752 1875 (lie
772 1851 857 1875 cum
877 1851 966 1887 rege
985 1839 1183 1875 Antiocho

68 1902 115 1938 ad
150 1902 425 1953 Thermopylas
463 1904 718 1953 depugnasset
734 1920 744 1949 3
781 1903 1049 1951 locaveratque
1084 1902 1184 1938 idem

69 1977 115 2000 ex
141 1966 484 2002 senatusconsulto.
540 1966 615 2002 Per
644 1967 798 2003 eosdem
831 1967 925 2008 dies,
955 1965 1091 2013 quibus
1125 1965 1182 2000 hae
1196 1964 1400 2014 Triumphus

69 2027 165 2063 aedes
195 2027 377 2063 dedicatae
406 2036 508 2072 sunt,
538 2029 586 2066 L.
606 2029 785 2065 AEmilius
806 2028 960 2064 Paullus
982 2028 1185 2077 proconsul
1200 2008 1381 2080 Ιῇἑιέῑὲῖῗῃω

68 2102 116 2126 ex
133 2090 339 2139 Liguribus
360 2091 542 2140 Ingaunis
567 2094 828 2143 triumphavit.
886 2092 1101 2131 Transtulit
1122 2105 1187 2128 co—

70 2165 182 2188 ronas
203 2166 333 2190 aureas
353 2156 520 2205 quinque
536 2162 574 2192 et
594 2156 753 2205 viginti:
786 2170 857 2194 nec
878 2163 1060 2207 praeterea
1080 2156 1188 2204 quid-

69 2229 185 2265 quam
205 2218 286 2252 anri
306 2220 529 2268 argentique
549 2220 588 2255 in
608 2233 654 2256 eo
673 2221 869 2271 triumpho
885 2220 1024 2256 latum:
1049 2218 1189 2268 captivi

72 2279 181 2318 multi
210 2281 399 2332 principes
428 2283 614 2334 Ligurum
644 2290 733 2321 ante
763 2297 915 2322 currum
942 2284 1071 2321 ducti·
1106 2282 1189 2320 aeris
