1546 2648
264 107 323 148 44
724 108 768 138 τ.
793 110 926 139 leu

72 195 163 226 U·C·
181 195 474 246 ³⁶2-pollicitus‚
494 203 546 241 et,
569 199 724 234 nomine
750 205 899 236 tantum
928 199 1034 248 regio
1058 205 1231 250 excepto,
1254 198 1374 236 socie·

72 241 113 269 A.
126 239 163 269 C.
184 246 256 272 190.

73 317 218 359 Respon-

74 371 150 409 sun}
162 362 246 393 Afri-

73 412 159 435 cam.

75 1673 200 1706 Consul

76 1719 116 1748 ad
134 1718 245 1747 Antio-

78 1762 183 1791 chum
200 1762 260 1791 du·

76 1803 134 1834 cit.

268 267 385 296 tatem
412 263 534 298 omnis
564 263 686 312 regni,
707 264 737 299 si
767 276 834 312 per
860 276 945 299 enm
978 276 1110 313 pacem
1139 264 1376 312 inpetrasset.

268 324 330 359 Ad
358 337 403 360 ea
432 325 582 375 Scipio:
617 327 723 367 Quod
753 327 934 362 Romanos
962 338 1092 369 omnes,
1117 327 1211 375 quod
1240 339 1309 371 me,
1331 328 1380 363 ad

268 400 372 437 quem
394 391 519 426 missus
541 402 589 433 es,
621 392 778 438 ignoras,
805 393 923 426 minus
952 392 1088 434 miror3
1118 403 1224 439 quum
1252 396 1286 426 te
1293 390 1381 439 for-

269 458 393 490 ttmam
417 452 501 500 ejus,
523 467 546 490 a
572 466 640 502 quo
665 456 774 497 venis,
806 456 972 502 ignorare
1004 467 1156 491 cernam.
1214 454 1379 502 Lysima-

268 518 349 554 chia
369 520 521 554 tenenda
539 523 631 561 erat,
652 531 696 554 ne
716 519 966 555 Chersonesum
987 517 1200 556 intraremus
1211 537 1223 563 ,-
1253 519 1382 555 autad

267 584 539 631 Hellespontum
567 583 816 626 obsistendum,
837 596 881 619 ne
906 586 941 619 in
964 585 1090 620 Asiam
1115 583 1380 630 trajiceremus:

266 650 296 684 si
312 661 439 696 pacem
460 654 643 697 tamquam
662 650 705 685 ob
722 651 885 686 sollicitis
907 651 950 685 de
978 650 1058 686 belli
1080 655 1205 690 eventu
1232 652 1384 698 petituri

268 714 388 750 erutis.
448 713 616 749 Concesso
634 726 716 751 vero
736 716 771 750 in
791 715 917 750 Asiam
941 717 1107 757 transitu,
1127 719 1163 751 et
1181 727 1250 750 non
1267 715 1382 750 solum

256 775 392 825 frenis,
410 778 474 812 sed
493 779 600 813 etiam
611 776 703 825 jugo
722 783 879 826 accepto,
895 791 972 827 quae
985 779 1196 826 disceptatio
1211 790 1253 814 ea:
1267 789 1379 826 aequo,

269 853 378 890 quum
407 843 595 890 imperium
621 843 835 890 patiendum
867 845 926 885 sit,
957 844 1084 878 relicta
1117 843 1201 878 estf'
1228 843 1308 890 Ego
1337 853 1380 878 ex

267 907 512 955 munificentia
547 909 646 955 regia
684 909 876 943 maximum
913 909 1045 943 donum
1064 907 1189 956 filium
1225 906 1380 943 habebo:

268 970 364 1012 aliis,
395 971 496 1006 Deos
526 983 665 1019 precor,
698 983 741 1007 ne
773 983 941 1019 umquam
960 970 1117 1019 fortuna
1143 975 1245 1018 egeat
1276 982 1355 1006 mea
1365 986 1379 1014 ‚-

268 1037 409 1071 anz'mus
427 1041 521 1072 certe
539 1048 607 1072 non
627 1037 749 1083 egebit.
794 1037 869 1072 Pro
890 1041 990 1072 tanto
1010 1039 1046 1072 in
1064 1049 1120 1072 me
1136 1048 1278 1072 munere
1289 1048 1378 1083 gru-

270 1104 345 1135 tum
364 1111 420 1135 me
433 1113 503 1136 esse
521 1102 557 1136 in
573 1113 610 1136 se
627 1103 766 1143 sentiet,
788 1102 818 1136 si
831 1103 1016 1149 privatam
1039 1103 1200 1148 gratiam
1216 1112 1285 1148 pro
1300 1101 1380 1148 pri-

268 1167 354 1198 vato
373 1163 533 1212 beneficio
554 1165 791 1200 desiderabit:
819 1165 958 1212 publice
982 1176 1044 1200 nec
1062 1164 1169 1199 habco
1188 1164 1382 1211 quidquam

270 1227 314 1262 ab
341 1228 418 1270 illo,
450 1240 512 1264 nec
541 1229 642 1265 (labo.
701 1229 807 1270 Quod
830 1231 866 1264 in
893 1231 1086 1277 prasentia
1115 1229 1202 1264 dare
1233 1229 1380 1275 possim,

257 1290 375 1339 fidele
402 1293 587 1328 consilium
624 1298 687 1328 est.
744 1293 825 1335 Abi,
857 1295 989 1329 nuncia
1024 1294 1111 1328 meis
1137 1292 1260 1334 verbis,
1291 1291 1383 1327 bello

271 1355 431 1398 absistat,
467 1358 568 1404 pacis
604 1359 839 1393 conditionem
873 1358 1011 1393 nullam
1053 1361 1200 1393 recuset.
1272 1354 1384 1409 Nihil

269 1431 316 1455 ea
344 1428 543 1456 moverunt
568 1434 709 1470 regem,
739 1428 859 1457 tutam
884 1422 965 1457 fore
987 1420 1077 1457 belli
1102 1421 1221 1457 aleam
1237 1426 1381 1473 vratum,

271 1483 423 1532 quando
446 1485 601 1534 perinde
627 1498 670 1521 ac
693 1485 793 1521 victo
813 1484 896 1534 jam
923 1484 998 1520 sibi
1020 1483 1120 1533 leges
1141 1484 1378 1520 dicerentur:

272 1547 412 1583 omissa
441 1548 557 1596 igitur
587 1549 626 1584 in
655 1549 857 1599 praesentia
886 1548 1081 1584 mentione
1114 1546 1231 1597 pacis,
1259 1552 1382 1582 totam

271 1623 399 1646 curam
419 1612 456 1646 in
473 1611 561 1647 belli
581 1612 800 1662 adparatum
820 1611 996 1647 intendit.

325 1675 542 1713 XXXVII.
574 1676 732 1720 Consul,
763 1675 938 1711 omnibus
967 1674 1187 1725 praeparatis
1217 1673 1263 1710 ad
1293 1686 1380 1723 pro-

272 1740 397 1789 posita
417 1740 667 1789 exsequenda,
689 1752 803 1789 quum
830 1751 877 1775 ex
902 1738 1048 1774 stativis
1068 1738 1261 1780 movisset,
1282 1736 1382 1773 Dar-

272 1804 412 1840 danum
438 1806 615 1855 primum,
639 1804 772 1840 deinde
800 1803 1024 1846 Rhoeteum,
1045 1807 1202 1851 utraque
1230 1802 1384 1837 civitate

273 1869 423 1905 obviam
453 1869 584 1912 effusa,
606 1869 732 1905 venit:
765 1868 850 1904 inde
876 1867 989 1903 Ilium
1009 1866 1207 1917 processit,
1231 1866 1382 1901 castris-

273 1947 346 1983 que
374 1935 414 1970 in
443 1947 592 1985 campo,
613 1935 675 1983 qui
702 1941 758 1969 est
788 1931 979 1983 subjectus
1008 1930 1212 1972 moenibus,
1232 1929 1382 1979 positis,

272 1999 312 2034 in
345 1998 472 2034 urbem
507 2011 705 2046 arcemque
737 2010 852 2047 quum
881 1995 1123 2037 escendisset,
1158 1992 1383 2029 sacrificavit

271 2062 456 2099 Minervae
476 2063 630 2113 praesidi
645 2063 763 2108 arci53
797 2069 834 2098 et
854 2061 1054 2097 Iliensibus
1075 2060 1113 2095 in
1134 2058 1238 2094 omni
1258 2069 1382 2092 rerum

271 2127 547 2176 verborumque
572 2127 718 2163 honore
737 2126 784 2163 ab
805 2138 844 2162 se
861 2125 1042 2162 oriundos
1068 2122 1265 2159 Romanos
1285 2133 1381 2170 prae-

272 2192 495 2236 ferentibus,
516 2199 554 2228 et
573 2191 757 2228 Romanis
784 2189 878 2226 laetis
903 2189 1049 2237 origine
1068 2199 1153 2223 sna:
1188 2185 1272 2221 iude
1292 2197 1380 2234 pro-

271 2256 364 2294 fecti
379 2257 493 2293 sextis
511 2257 641 2293 castris
658 2255 704 2292 ad
725 2262 838 2307 caput
858 2254 963 2291 Caici
981 2252 1100 2290 amnis
1116 2254 1378 2302 pervenerunt.
