1546 2648
96 255 140 289 U,
152 256 189 289 C.
207 263 282 290 562.

92 302 137 332 Α.
151 301 187 333 C.
207 307 279 335 190.

292 162 347 203 14
745 163 793 193 τ.
818 164 954 195 L1v11

292 251 478 302 signoque
513 264 582 289 suo
615 252 802 304 inpressas
831 255 993 292 tabellas
1033 256 1149 295 misit.
1218 257 1280 295 Eo
1312 269 1410 295 vero·

290 315 452 366 pignore
472 315 574 353 velut
594 323 832 354 auctoratum
853 318 926 354 sibi
951 320 1184 369 proditorem
1210 328 1313 358 ratus
1337 328 1408 359 est.

289 379 428 430 Neque
457 381 558 417 enim
585 393 686 424 eum,
706 382 771 430 qui
801 382 870 419 sub
899 395 987 432 rege
1005 385 1161 429 viveret,
1183 386 1407 422 commissu-

288 456 372 481 rum
402 444 531 489 fuisse,
555 451 598 482 ut
626 445 803 482 adversus
837 453 956 483 semet
981 449 1103 497 ipsum
1131 450 1270 487 indicia
1290 462 1406 487 manu

289 520 358 546 sua
387 515 528 546 testata
556 510 685 546 daret:
718 510 805 546 inde
837 511 937 547 ratio
964 512 1148 550 simulatae
1178 515 1405 564 proditionis

289 573 517 624 composita,
547 574 717 609 Omnium
740 585 777 609 se
801 585 923 610 rerum
937 577 1159 624 adparatum
1181 580 1407 622 omissurum,

275 635 542 686 ¹Polyxenidas
564 637 713 682 dicere5
744 649 814 673 non
833 640 1015 686 remigem,
1040 652 1110 676 non
1133 643 1244 678 socios
1261 644 1407 679 navales

287 703 338 737 acl
370 703 518 738 classem
539 701 752 750 frequentes
779 702 1010 739 habiturum:
1049 705 1305 741 subducturum
1337 718 1405 754 per

284 766 552 803 simulationem
566 767 749 815 reficiendi
763 769 936 816 quasdam
950 782 1068 813 naves,
1089 771 1180 806 alias
1199 774 1236 808 in
1253 774 1404 820 propin-
1439 803 1442 806 .

286 841 373 878 quos
398 835 527 879 portus
555 831 807 868 dimissurum:
833 845 970 881 paucas
996 839 1080 870 ante
1100 841 1249 883 portum
1267 836 1404 885 Ephesi

285 896 325 931 in
348 895 424 931 salo
450 895 654 932 habiturum
667 912 677 941 ;
710 909 811 945 quas,
830 899 860 933 si
885 900 980 934 exire
1003 911 1058 935 res
1076 905 1227 948 cogeret,
1249 899 1402 947 obJectu-

283 971 346 996 rus
374 962 563 996 certamini
572 959 690 1009 foret.
745 961 871 1001 Quam
897 962 1168 1012 negligentiam
1194 964 1400 1013 Polyxeni-

283 1023 370 1060 dam
396 1025 434 1060 in
463 1024 581 1060 classe
609 1038 677 1061 sua
705 1025 925 1062 habiturum
956 1027 1212 1064 Pausistratus
1239 1029 1397 1072 audivit,

283 1100 365 1124 eam
388 1088 467 1138 ipse
487 1088 678 1139 extemplo
697 1089 855 1125 habuit:
888 1099 1034 1140 partem
1054 1092 1204 1127 navium
1226 1093 1272 1127 ad
1293 1104 1398 1129 com-

283 1156 431 1187 meatus
458 1152 701 1188 arcessendos
726 1152 1052 1196 Halicarnassum,
1074 1161 1220 1204 partem
1243 1155 1397 1192 Samum

283 1216 330 1252 ad
352 1215 483 1251 urbem
503 1216 628 1251 misit:
661 1222 702 1252 ut
721 1223 874 1266 paratus
897 1223 1009 1261 esset,
1026 1231 1141 1267 quum
1161 1219 1309 1268 signum
1330 1220 1397 1256 ad·

283 1279 477 1329 grediendi
495 1292 516 1315 a
536 1280 729 1330 proditore
744 1281 962 1330 accepisset.
991 1281 1245 1331 Polyxenidas
1258 1295 1397 1332 augere

283 1347 494 1384 simulando
517 1358 705 1383 errorem:
738 1345 914 1382 subducit
943 1347 1122 1394 quasdam
1151 1361 1279 1392 naves,
1301 1348 1392 1386 alias

281 1411 385 1447 velut
410 1410 661 1446 subducturus
682 1414 793 1451 esset,
815 1409 964 1446 navalia
990 1411 1132 1447 reficit:
1165 1412 1324 1461 remiges
1346 1426 1393 1450 ex

280 1474 449 1511 hibernis
469 1486 547 1510 non
571 1473 767 1523 Ephesum
794 1475 964 1517 arcessit,
984 1475 1048 1511 sed
1067 1474 1306 1524 Magnesiam
1327 1489 1392 1514 oc·

279 1539 381 1576 culte
401 1539 517 1586 cogit.

331 1605 407 1642 XI.
435 1605 552 1642 Forte
571 1606 720 1654 quidam
742 1605 924 1641 Antiochi
951 1605 1071 1648 miles,
1092 1618 1208 1654 quum
1237 1606 1390 1644 Samum

277 1669 330 1705 rei
361 1669 516 1718 privatae
543 1682 675 1705 caussa
705 1669 882 1711 venisset,
907 1681 975 1719 pro
1002 1668 1238 1718 speculatore
1257 1670 1390 1720 depre-

276 1733 415 1768 hensus
436 1733 634 1768 deducitur
659 1733 890 1769 Parioi-mum
911 1734 956 1769 ad
977 1733 1219 1782 praefectum:
1253 1735 1282 1770 is
1303 1747 1389 1785 per-

276 1797 486 1837 cunctanti,
508 1797 596 1845 quid
619 1796 763 1846 Ephesi
787 1802 973 1845 ageretur,
996 1797 1180 1832 incertum
1201 1804 1316 1841 metu,
1339 1812 1386 1835 au

274 1873 366 1910 erga
386 1872 473 1896 suos
494 1860 593 1896 haud
620 1861 766 1896 sincera
791 1861 877 1903 fide,
899 1861 1026 1896 onmia
1054 1862 1197 1910 aperit:
1231 1861 1387 1899 classem

274 1925 499 1960 instructam
533 1930 777 1973 paratamque
810 1924 848 1960 in
880 1932 992 1974 portu
1022 1932 1143 1960 stare:
1187 1926 1387 1973 remigium

274 2002 389 2025 omne
420 1989 659 2037 Elagnesiam
686 1990 731 2025 ad
764 1989 931 2039 Sipylum
967 1989 1143 2033 missum3
1178 2002 1383 2040 perpaucas

274 2065 388 2090 naves
409 2052 611 2088 subductas
633 2065 726 2095 esse,
749 2059 785 2088 et
805 2053 952 2089 navalia
971 2054 1072 2101 tegi:
1105 2065 1310 2101 numquam
1326 2054 1384 2089 in-

273 2118 415 2154 tentius
441 2129 519 2153 reni
551 2117 722 2152 navalem
744 2118 1044 2154 administratam
1071 2129 1162 2154 esse.
1219 2116 1316 2153 Haec
1337 2129 1382 2153 ne

271 2194 342 2231 pro
357 2182 453 2217 veris
473 2181 705 2224 audirentur,
727 2183 872 2218 animus
891 2193 1015 2217 errore
1035 2187 1072 2217 et
1092 2193 1156 2230 spe
1172 2193 1269 2217 vana
1288 2194 1385 2231 prae-

270 2252 476 2296 occupatus
504 2245 605 2282 fecit.
662 2246 929 2295 Polyxenidas,
953 2246 1042 2281 satis
1074 2245 1250 2282 omnibus
1277 2258 1380 2282 com-

269 2311 426 2360 paratis,
444 2315 556 2347 nocte
574 2310 662 2347 remi
669 2322 714 2360 gc
731 2322 753 2347 a
768 2309 972 2359 'Magnesia
988 2311 1182 2356 arcessito,
1196 2309 1382 2348 deductis·
