1546 2648
414 150 619 179 Lumen.
646 150 865 180 nm’mzn.
1113 146 1198 197 575

599 282 686 320 XC.

82 358 272 410 SULLA
304 371 466 413 decessit,
500 371 684 418 honosque
709 371 742 406 ei
771 383 793 405 a
816 375 945 406 senatu
966 370 1113 407 babitus
1128 374 1198 415 est,

81 437 123 468 ut
144 433 181 468 in
207 445 334 480 campo
353 432 496 468 Martio
523 432 751 479 sepeliretur.
813 431 867 467 M.
888 432 1067 468 AEmilius
1087 433 1201 480 Lepi-

81 496 161 537 dus,
183 508 294 543 quum
313 501 399 531 acta
420 496 532 532 Sullce
559 499 719 531 tentaret
747 496 964 539 rescindere,
988 497 1120 533 bellum
1139 510 1200 534 ex-

79 557 239 594 citavit:
269 562 346 594 eta
371 558 415 600 Q.
431 557 564 596 Catulo
594 558 734 605 collega
755 558 872 594 Italia
904 558 1030 605 pulsus
1057 562 1134 594 est:
1164 563 1202 594 et

81 619 119 654 in
140 618 331 663 Sardinia,
349 619 505 669 frustra
525 620 656 655 bellum
676 621 834 662 molitus,
852 621 978 667 periit.
1025 619 1079 655 M.
1103 620 1200 655 Bru-

83 684 154 723 tus,
178 682 242 728 qui
265 682 490 730 Cisalpinam
507 682 672 717 Galliam
690 680 886 724 obtinebat,
906 693 930 717 a
948 680 1011 721 Cn.
1025 681 1200 728 Pompeio

80 748 217 783 occisus
246 753 308 784 est.
383 748 426 788 Q.
461 748 647 783 Sertorius
682 747 911 794 proscriptus
947 747 985 782 in
1025 745 1202 781 ulteriore

80 807 266 855 Hispania
296 812 419 857 ingens
450 809 582 844 bellum
614 810 800 844 excitavit.
855 807 900 844 L.
921 807 1088 843 Manlius
1110 818 1202 854 pro-

81 871 204 905 consul
222 875 256 905 et
277 870 329 906 M.
349 871 541 906 Domitius
564 872 705 918 legatus
735 871 779 906 ab
799 870 996 905 Herculeio
1021 873 1201 917 qua'swre

77 932 208 979 proelio
237 933 328 984 victi
354 936 452 968 sunt.
510 933 698 968 Praeterea
725 944 782 968 res
810 944 833 966 a
861 931 907 968 Ρ.
927 930 1084 967 Servilio
1108 941 1199 979 pro-

79 997 224 1033 consule
243 997 417 1032 aclcersus
439 996 574 1032 Cilicas
590 1000 712 1044 gestas
731 995 905 1032 continet.

586 1118 693 1155 XCI.

79 1195 175 1250 CN.
196 1208 410 1244 POMPEI
415 1208 490 1251 US,
506 1220 618 1256 quum
636 1209 759 1245 adhuc
780 1221 888 1258 eques
911 1216 1013 1255 esset,
1031 1223 1109 1248 cuni
1129 1212 1199 1248 im-

73 1272 179 1320 perio
199 1272 385 1307 consulari
412 1271 586 1307 adversus
606 1270 813 1307 Sertorium
840 1273 969 1308 missus
989 1277 1053 1308 est.
1108 1272 1197 1308 Ser-

78 1335 195 1369 torius
214 1334 356 1381 aliquot
375 1335 478 1370 urbes
496 1336 733 1382 expugnavit,
759 1336 1013 1384 plurimasque
1031 1337 1199 1373 civitates

77 1395 116 1430 in
132 1399 352 1442 potestatem
371 1407 475 1431 suam
495 1396 646 1444 redegit.
701 1397 775 1445 Ap.
800 1398 981 1434 Claudius
1003 1400 1199 1447 proconsul

82 1456 244 1492 Thracas
268 1457 436 1504 pluribus
460 1458 603 1504 proeliis
620 1459 721 1495 vicit.
779 1459 822 1500 Q.
843 1459 1016 1495 Metellus
1039 1471 1198 1508 procon-

77 1522 135 1558 sul
163 1522 208 1558 L.
223 1522 476 1567 Herculeium,
506 1526 719 1569 quaestorem
740 1522 915 1568 Sertorii,
938 1535 1018 1560 cum.
1037 1525 1197 1561 exercitu
1247 1540 1253 1545 ’

77 1587 175 1624 cecid
179 1588 220 1623 it.

573 1701 701 1739 XCII.

81 1770 177 1825 CN.
195 1786 479 1824 POMPEIUS
506 1786 613 1824 dubio
645 1791 773 1823 eventu
802 1799 882 1823 curn
909 1787 1075 1824 Sertorio
1099 1801 1196 1838 pug-

79 1853 196 1894 navit,
215 1853 270 1887 ita
290 1856 331 1888 ut
348 1852 495 1899 singula
509 1863 552 1886 ex
572 1855 728 1898 utraque
745 1857 854 1898 parte
873 1864 1008 1888 cornua
1028 1854 1195 1890 vicerint.

81 1913 125 1954 Q.
143 1913 316 1949 Metellus
337 1913 542 1948 Sertorium
561 1917 596 1948 et
616 1913 846 1960 Perpernam
879 1925 955 1948 cum
981 1913 1117 1949 duobus
1136 1926 1198 1950 ea:-

77 1975 249 2012 ercitibus
273 1976 402 2023 proelio
419 1974 555 2024 fudit.-
587 1973 686 2020 cuju-s
705 1976 869 2010 victoriae
882 1979 1031 2022 partem
1050 1975 1198 2022 cupiens

65 2036 178 2087 ferre
199 2037 394 2085 Pompeius
420 2049 556 2084 parum
579 2048 754 2085 prospere
779 2038 970 2085 pugnavit.
1029 2037 1197 2072 Obsessus

83 2101 212 2136 deinde
240 2100 379 2137 Cluniae
406 2100 609 2144 Sertorius,
641 2101 810 2137 adsiduis
838 2101 1089 2149 eruptionibus
1124 2114 1196 2137 non.

76 2164 221 2200 leviora
241 2164 374 2200 damna
393 2165 634 2201 obsidentibus
654 2166 794 2201 intulit.
852 2164 1038 2200 Praeterea
1056 2163 1100 2198 ab
1123 2163 1196 2198 Cu·-

0 2267 1 2281 Ὶ
79 2231 181 2265 rione
206 2229 420 2277 proconsule
440 2231 476 2264 in
501 2230 660 2266 Thracia
678 2242 735 2266 res
753 2234 875 2277 gestas
894 2231 1066 2266 adversus
1085 2229 1196 2265 Dar-

0 2283 2 2337 !
80 2292 206 2336 danos,
239 2295 274 2327 et
308 2291 350 2332 Q.
382 2290 540 2328 Sertorii
566 2292 687 2329 multa
715 2292 880 2329 crudelia
912 2293 949 2328 in
979 2303 1063 2329 suos
1079 2291 1194 2340 facta
