1546 2648
348 165 503 195 LIBER
526 162 632 192 xm.
664 162 771 191 cAP.
794 163 936 193 XXIV.
1088 164 1170 208 313

71 256 210 294 Graecia
228 255 414 298 habuisset,
443 266 552 302 quam
569 254 660 289 Asia
683 253 807 289 Gallos
833 252 974 290 habeat.
1030 253 1089 289 Ea
1115 265 1176 303 spe
1187 261 1230 292 U.
1242 258 1366 295 (257⁸.

55 321 245 368 depulsus,
274 332 345 356 non
374 324 494 356 tamen
531 317 614 354 belli
646 317 794 352 consilia
823 318 967 354 omisit:
996 318 1118 361 immo,
1145 302 1364 354 siA·C·¹⁷⁴·

65 396 151 420 vera
167 385 330 421 volumus
346 385 476 426 dicere,
487 381 570 428 jam
588 380 771 417 inchoavit
788 381 931 417 bellum.
977 382 1178 430 Dolopiam

66 450 176 485 armis
198 448 347 496 subegit,
367 459 431 483 nec
445 446 642 495 provinciis
660 446 704 481 de
723 446 954 482 controversis
972 447 1022 481 ad
1041 447 1179 495 discep-

67 514 239 549 tationem
253 513 429 562 populum
443 511 648 547 Romanum
666 509 791 546 adivit.
826 510 928 552 Inde,
943 515 1180 558 transgressus

70 576 212 620 OEtam,
232 581 274 613 ut
300 580 443 625 repente
472 577 509 611 in
536 574 650 610 medio
680 574 844 610 umbilico
873 574 1020 611 Graeciae
1038 576 1178 623 conspi-

67 645 219 684 ceretur,
239 639 405 688 Delphos
423 638 619 675 adscendit.
649 636 738 672 Haec
760 639 945 685 usurpatio
968 639 1106 674 itineris
1123 640 1178 675 in-

66 705 164 740 soliti
194 716 263 752 quo
293 704 387 740 vobis
413 707 574 750 spectare
597 702 773 737 videtur?
807 701 1026 738 Thessaliam
1051 703 1180 739 deinde

66 769 302 816 peragravit:
321 768 415 816 quod
430 767 506 802 sine
521 766 629 801 ullius
643 776 778 807 eorum,
795 777 882 812 quos
899 766 1037 809 oderat,
1057 768 1178 810 noxia,

67 831 132 867 hoc
162 833 277 878 magis
308 831 542 866 tentationem
574 832 702 864 metuo.
761 828 852 864 Inde
885 830 1007 865 literas
1038 831 1086 866 ad
1117 843 1181 867 nos

67 907 146 932 cum
163 896 318 931 muneris
334 895 450 943 specie
469 894 580 934 misit,
601 897 637 928 et
664 894 823 939 cogitare
839 891 956 938 jubet,
977 906 1046 942 quo
1074 895 1180 931 modo

67 960 105 996 in
122 960 298 1008 reliquum
325 959 391 995 hoc
417 969 562 994 munere
579 968 650 992 non
669 967 855 1003 egeamus5
889 956 954 992 hoc
973 963 1036 1000 est,
1056 963 1099 994 ut
1116 960 1178 995 de-

65 1028 215 1068 cretum,
246 1036 314 1072 quo
339 1027 508 1059 arcentur
538 1021 781 1069 Peloponneso
810 1020 1038 1065 Macedones,
1069 1023 1178 1059 tolla-

66 1099 143 1124 mus
155 1105 166 1131 ς
195 1099 318 1123 rursus
347 1087 483 1134 legatos
510 1087 638 1133 regios,
659 1089 695 1121 et
724 1085 880 1134 hospitia
899 1098 977 1122 cum
1001 1088 1178 1136 principi-

67 1152 142 1194 bus,
173 1156 207 1187 et
239 1163 318 1187 mox
349 1150 590 1186 Macedonum
626 1150 810 1192 exercitus,
841 1151 958 1198 ipsum
991 1163 1128 1199 quoque
1156 1164 1180 1188 a

67 1215 224 1263 Delphis
254 1215 443 1263 (quantum
472 1215 566 1250 enim
593 1214 756 1250 interluit
773 1211 917 1262 fretum
931 1211 974 1259 ,9)
999 1213 1179 1261 trajicien-

67 1283 135 1315 tem
155 1280 191 1314 in
211 1279 494 1327 Peloponnesum
522 1278 718 1319 videamus,
738 1278 988 1313 inmisceamur
1006 1277 1179 1315 Macedo-

65 1342 166 1379 nibus
178 1343 400 1379 armantibus
416 1354 452 1378 se
468 1343 637 1378 adversus
652 1340 846 1377 Romanos.
893 1342 973 1388 Ego
988 1342 1080 1378 nihil
1098 1346 1180 1381 novi

65 1417 186 1444 censeo
205 1407 475 1448 decernendum,
494 1405 740 1452 servandaque
759 1405 879 1441 onmia
894 1406 1050 1454 integra,
1070 1407 1180 1444 donec

65 1472 115 1508 ad
133 1476 268 1508 certum
286 1472 479 1519 dirigatur,
498 1482 656 1506 vanusne
684 1470 742 1507 hic
766 1470 872 1506 timor
899 1475 1030 1514 noster,
1051 1484 1099 1508 an
1117 1485 1177 1508 ve-

65 1547 126 1572 rus
143 1534 277 1584 fuerit.
334 1535 376 1571 Si
401 1547 477 1583 pax
494 1535 671 1571 inviolata
691 1536 783 1571 inter
801 1534 1022 1572 Macedonas
1041 1535 1177 1573 Roma-

65 1611 195 1648 nosque
222 1599 391 1641 manebit,
412 1598 509 1635 nobis
533 1610 668 1648 quoque
696 1599 858 1634 amicitia
876 1603 911 1634 et
929 1602 1179 1637 commercium

65 1667 136 1701 sit:
163 1676 258 1701 nunc
276 1665 320 1701 de
338 1676 379 1701 eo
399 1665 558 1712 cogitare
573 1664 812 1712 periculosum
831 1668 865 1700 et
884 1665 1104 1702 inmaturum
1121 1667 1176 1703 vi·
1211 1663 1217 1668 ’

65 1728 180 1765 detur.

117 1790 270 1828 XXIV.
299 1790 396 1828 Post
422 1790 524 1828 hunc
544 1790 661 1833 Areo,
682 1790 799 1828 frater
818 1791 1014 1829 Xenarchi
1033 1800 1174 1844 praeto-
1186 1800 1269 1830 Areo
1292 1800 1365 1832 Cal=

64 1856 128 1900 ris,
149 1856 202 1892 ita
221 1855 398 1892 disseruit
415 1869 423 1891 z
456 1854 657 1904 Difficilem
680 1857 874 1894 orationem
895 1856 1119 1901 Callicrates,
1141 1843 1352 1926 etssiggffigte'

65 1921 166 1963 mihi,
187 1926 221 1958 et
239 1920 413 1963 omnibus,
434 1922 494 1968 qui
513 1920 557 1957 ab
575 1932 615 1956 eo
635 1921 869 1963 dissentimus,
879 1920 977 1970 fecit
993 1938 1005 1958 .·
1035 1925 1173 1970 agendo
1321 1909 1331 1919 ⁸

63 1986 156 2022 enim
187 1985 362 2021 Romanae
392 1986 572 2021 societatis
602 1996 761 2021 caussam
791 1986 879 2033 ipse,
912 1988 1113 2034 tentarique
1137 1992 1172 2024 et

62 2049 260 2097 obpugnari
277 2050 438 2091 dicendo,
459 2060 567 2097 quam
585 2059 687 2085 nemo
706 2060 818 2098 neque
838 2054 964 2092 tentat,
985 2062 1095 2099 neque
1113 2051 1174 2087 ob-

59 2116 216 2162 pugnat,
235 2112 364 2160 effecit,
385 2117 439 2154 ut,
461 2114 523 2160 qui
551 2111 594 2148 ab
612 2124 648 2148 se
678 2113 889 2155 dissentiret,
911 2114 1079 2150 adversus
1099 2115 1174 2151 Ro-

63 2186 187 2213 manos
219 2175 336 2211 dicere
362 2176 555 2214 videretur.
611 2177 666 2215 Ac
688 2177 848 2225 primum
877 2179 1050 2220 omnium,
1081 2183 1174 2215 tam-

65 2250 171 2289 quam
189 2250 260 2274 non
279 2238 336 2275 hic
352 2240 528 2278 nobiscum
537 2239 685 2289 fuisset,
705 2242 766 2277 sed
785 2246 851 2278 out
869 2253 911 2278 ex
929 2243 1031 2278 curia
1045 2243 1176 2292 populi

67 2301 221 2340 Romani
248 2304 397 2348 veniret,
418 2308 484 2341 aut
509 2315 634 2354 regum
662 2307 804 2343 arcanis
831 2307 1024 2349 interesset,
1055 2308 1176 2343 omnia

119 2364 220 2404 Vm..
242 2364 311 2405 IV.
631 2366 661 2405 P
