1546 2648
341 148 497 177 LIBER
521 147 662 177 XLIV.
694 147 803 177 CAP.
825 149 936 179 xxl.
1108 149 1190 194 447

65 237 200 287 sectos,
221 239 398 275 sociorum
427 239 615 275 navalium
641 243 783 287 partem
817 240 935 276 morbo
963 241 1104 277 audisse
1131 242 1193 278 ab·
1206 245 1250 277 U.
1265 246 1299 277 C·
1316 252 1390 279 584.

74 307 226 338 sumtum
243 320 256 347 ;
283 307 439 351 partem,
468 304 623 338 maxime
642 304 703 351 qui
732 315 774 338 ex
801 303 930 340 Sicilia
948 303 1108 352 fuerint,
1129 307 1194 343 do-
1206 291 1245 321 Α·
1262 290 1299 322 C‘
1316 295 1389 322 ¹⁶⁸·

73 379 149 404 mos
166 380 249 404 suas
267 368 389 411 abisse,
418 373 455 404 et
486 368 642 404 homines
671 368 820 404 navibus
839 369 984 405 deesse:
1013 372 1074 418 qui
1105 373 1193 415 sint,

73 444 186 480 neque
211 434 429 481 stipendium
458 434 645 482 accepisse,
679 445 792 482 neque
816 435 1027 470 vestimenta
1052 435 1195 473 habere.

74 497 272 533 Eumenem
315 499 530 546 classemque
568 496 656 544 ejus,
696 502 880 545 tamquam
908 502 1012 534 vento
1048 500 1194 536 adlatas

71 572 191 604 naves,
210 563 287 597 sine
316 574 440 598 caussa
465 567 500 599 et
530 563 676 605 venisse,
705 566 740 597 et
770 562 908 598 abisse:
934 574 999 598 nec
1031 564 1194 600 animum

73 623 149 671 ejus
176 628 270 674 regis
289 632 449 663 constare
473 629 559 663 satis
590 629 715 664 visum.
774 626 880 662 Sicut
899 627 1028 663 omnia
1047 627 1092 663 de
1110 627 1193 664 Eu-

73 702 183 726 mene
210 690 339 735 dubia,
359 691 482 728 Attali
508 692 660 741 egregie
686 697 926 728 constantem
955 691 1068 729 fidem
1092 705 1192 729 nun-

73 754 240 792 ciabant.

126 819 243 857 XXI.
272 821 430 871 Legatis
451 821 603 863 auditis,
633 829 725 859 tunc
751 819 797 855 de
824 821 927 858 bello
946 821 1086 858 referre
1110 833 1191 858 sese
1205 822 1236 853 S·
1249 821 1380 853 consul·

72 882 120 919 L.
135 883 315 921 AEmilius
336 886 444 923 dixit.
501 886 662 923 Senatus
692 887 872 930 decrevit,
892 893 934 924 ut
960 889 998 924 in
1031 893 1112 925 octo
1140 889 1190 923 le·
1204 874 1280 939 ἓὲῖῗι
1292 866 1393 948 {393-

69 948 192 994 giones
208 961 334 997 parem
353 962 539 987 numerum
561 952 786 987 tribunorum
805 952 962 988 consules
981 956 1016 987 et
1034 953 1192 1000 populus
1205 959 1291 983 ratu,

73 1019 260 1051 crearent:
290 1017 405 1052 creari
422 1020 543 1052 autem
562 1018 736 1060 neminem
759 1028 800 1052 eo
824 1029 918 1052 anno
944 1017 1102 1064 placere,
1122 1019 1194 1053 nisi

74 1078 136 1124 qui
159 1077 327 1116 honorem
353 1083 524 1128 gessisset.
587 1082 677 1118 Tum
703 1094 745 1117 ex
769 1081 930 1117 omnibus
956 1081 1106 1117 tribunis
1123 1082 1192 1117 mi-

75 1142 179 1178 litum
198 1146 254 1179 uti
273 1144 318 1181 L.
333 1145 510 1182 AEmilius
530 1147 564 1181 in
583 1147 673 1182 duas
692 1147 844 1193 legiones
864 1147 898 1181 in
918 1146 1190 1188 Macedoniam,

72 1218 160 1253 quos
187 1219 309 1244 eorum
339 1210 438 1252 velit,
473 1210 598 1257 eligat,
626 1214 660 1245 et
692 1215 746 1252 ut,
775 1211 938 1245 sollemni
970 1209 1192 1247 Latinarum

68 1269 245 1319 perfecto,
267 1272 312 1309 L.
330 1273 509 1311 AEmilius
528 1276 663 1318 consul,
687 1274 750 1311 Cn.
773 1276 955 1314 Octavius,
963 1279 1112 1322 praetor,
1133 1277 1192 1311 cui

69 1335 190 1371 classis
218 1337 410 1385 obtigisset,
444 1341 479 1375 in
514 1340 736 1387 provinciam
768 1339 1053 1388 proficiscantur.
1108 1339 1191 1375 Ad-

71 1398 171 1435 ditus
192 1406 250 1436 est
273 1401 331 1437 his
351 1403 484 1439 tertius
515 1402 562 1440 L.
585 1403 744 1438 Anicius
774 1408 928 1452 praetor,
964 1402 1070 1452 cujus
1091 1402 1192 1438 inter

69 1465 289 1513 peregrinos
315 1465 535 1516 jurisdictio
555 1474 661 1504 erat:
695 1479 780 1502 eum
807 1467 845 1502 in
873 1466 1108 1516 provinciam
1135 1466 1188 1503 ll-

67 1525 228 1576 lyricum
259 1530 361 1567 circa
395 1531 636 1580 Lychnidum
673 1531 748 1581 Ap.
781 1530 944 1566 Claudio
983 1530 1188 1567 succedere

70 1590 227 1641 placuit.
282 1593 465 1632 Delectus
508 1609 598 1632 cura
632 1596 675 1633 C.
702 1595 856 1631 Licinio
894 1594 1039 1631 consuli
1073 1596 1187 1646 inpo-
1234 1616 1239 1620 s

72 1655 146 1691 sita
163 1670 171 1691 ε
194 1657 225 1692 is
246 1663 391 1708 septem
411 1658 530 1696 millia
548 1660 687 1696 civium
701 1658 967 1695 Romanorum
983 1664 1022 1694 et
1040 1660 1187 1708 equites

71 1719 253 1758 ducentos
281 1722 446 1759 scribere
467 1722 623 1773 jussus;
655 1729 693 1759 et
725 1723 837 1759 sociis
870 1722 1037 1758 nominis
1056 1722 1189 1759 Latini

70 1792 215 1835 septem
230 1786 348 1823 millia
363 1787 533 1837 peditum
548 1788 747 1837 imperare,
764 1786 1063 1835 quadringentos
1081 1787 1188 1836 equi-

68 1855 150 1896 tes3
183 1857 222 1887 et
251 1852 323 1888 Cn.
352 1851 512 1887 Servilio
535 1851 699 1888 Galliam
729 1851 921 1888 obtinenti
952 1851 1189 1901 provinciam

69 1915 197 1953 literas
229 1917 395 1960 mittere,
425 1923 469 1952 ut
503 1923 703 1953 sexcentos
742 1916 886 1964 equites
918 1915 1188 1952 conscriberet.

71 1979 187 2018 Hunc
207 1981 414 2018 exercitum
434 1982 481 2017 ad
500 1980 685 2030 collegam
702 1981 826 2031 primo
843 1992 997 2029 quoque
1016 1985 1190 2029 tempore

71 2045 222 2082 mittere
251 2046 290 2082 in
319 2045 590 2081 BIacedoniam
619 2044 772 2095 jussus:
804 2055 927 2092 neque
959 2043 999 2078 in
1029 2055 1074 2078 ea
1099 2054 1189 2093 pro-

72 2109 197 2144 vincia
213 2108 297 2159 plus
317 2122 430 2159 quam
451 2109 542 2145 duas
563 2108 733 2158 legiones
754 2120 834 2144 esse
851 2123 862 2152 3
893 2119 954 2142 eas
975 2106 1126 2156 repleri,
1147 2113 1191 2142 ut

75 2183 165 2206 sena
183 2171 302 2208 millia
318 2171 502 2223 peditum,
524 2178 698 2209 trecenos
717 2171 905 2208 haberent
924 2171 1068 2220 equites
1087 2184 1096 2206 ε
1128 2182 1190 2206 ce-

73 2242 175 2272 teros
209 2238 353 2286 equites
383 2239 605 2288 peditesque
633 2238 674 2274 in
705 2236 890 2288 praesidiis
919 2236 1094 2286 disponi:
1127 2235 1192 2284 qui

74 2315 207 2340 eorum
236 2304 364 2342 idonei
396 2306 444 2341 ad
470 2304 712 2342 militandum
746 2316 826 2340 non
862 2309 1003 2347 essent,
1038 2302 1192 2339 dimitti.
