1546 2648
70 282 114 317 U.
127 286 164 317 C.
179 291 252 318 563.

67 329 109 360 A.
126 330 164 360 C.
183 336 254 363 189.

67 382 203 432 Obpug-

70 434 169 458 natio.

283 179 337 224 82
442 203 446 209 ·
737 194 786 224 τ.
806 193 940 224 1.1v11

283 283 358 320 tria
384 282 536 334 paribus
555 284 762 322 intervallis
780 286 952 324 faciliore
981 287 1087 324 aditu
1116 300 1139 324 a
1169 301 1302 340 campo
1332 289 1398 328 ad-

284 364 412 388 versus
441 352 663 402 Pyrrheum,
693 354 795 402 quod
822 361 974 398 vocant,
1004 355 1170 392 admovit
1186 371 1197 401 3
1231 368 1347 392 unum
1375 367 1396 391 e

286 416 443 464 regione
467 416 679 466 AEsculapii
695 432 706 462 3
747 430 862 453 unum
891 418 1065 454 adversus
1095 431 1232 455 arcem.
1287 419 1399 455 Arie-

287 479 390 516 tibus
414 491 539 516 muros
560 480 770 529 quatiebat,
791 480 978 517 asseribus
1003 480 1151 517 falcatis
1181 481 1402 531 detergebat

285 543 434 595 pinnas.
490 543 712 594 Oppidanos
732 545 855 594 primo
875 552 912 581 et
931 545 978 582 ad
997 546 1159 595 speciem
1179 552 1217 582 et
1235 547 1283 582 ad
1303 547 1399 583 ictus

286 608 484 651 moenium,
505 620 589 643 cum
615 607 773 643 terribili
801 609 929 644 sonitu
957 609 1092 652 editos,
1114 622 1232 659 pavor
1250 622 1293 646 ac
1321 617 1398 646 tre-

286 671 432 722 pidatio
453 671 577 720 cepit:
611 669 757 713 deinde,
779 677 821 707 ut
849 677 986 721 praeter
1015 684 1120 721 spem
1145 680 1245 708 stare
1270 685 1398 708 muros

287 735 476 777 viderunt,
508 733 688 770 conlectis
722 746 849 770 rursus
876 734 1026 777 animis,
1054 735 1093 770 in
1123 735 1258 771 arietes
1291 734 1404 771 tolle-

291 798 455 835 nonibus
478 797 706 834 libramenta
735 797 881 848 plumbi
911 806 976 834 aut
1005 812 1179 835 saxorum
1209 800 1403 849 stipitesve

280 861 467 899 ‘robustos
488 862 723 898 incutiebant
740 878 750 907 3
783 862 914 906 falces,
935 865 1083 900 ancoris
1103 864 1232 900 ferreis
1253 863 1402 914 injectis

289 929 330 964 in
353 927 572 963 interiorem
600 934 745 976 partem
775 928 869 963 muri
893 929 1082 965 trahentes
1113 941 1288 972 asserem,
1308 941 1406 979 prae-

288 992 534 1041 fringebant:
566 992 613 1028 ad
645 992 718 1028 hoc
751 993 1027 1042 eruptionibus,
1059 998 1098 1028 et
1132 993 1329 1029 nocturnis
1364 993 1403 1029 in

292 1056 481 1092 custodias
502 1068 672 1105 operum,
695 1061 731 1091 et
757 1056 897 1092 diurnis
918 1057 956 1091 in
988 1056 1186 1098 stationes,
1208 1056 1306 1092 ultro
1327 1063 1403 1093 ter-

291 1132 415 1155 rorem
441 1118 666 1155 inferebant.
724 1118 768 1154 Iu
798 1120 872 1155 hoc
895 1127 996 1155 statu
1017 1132 1074 1155 res
1096 1119 1142 1155 ad
1161 1119 1405 1156 Ambraciam

291 1196 406 1232 quum
439 1190 577 1225 essent,
602 1181 683 1232 jam
704 1182 828 1218 AEtoli
856 1196 878 1218 a
906 1182 1153 1232 populatione
1181 1184 1406 1220 Acarnaniae

292 1248 461 1284 Stratum
499 1248 718 1283 redierant:
758 1247 845 1283 inde
882 1247 1075 1284 Nicander
1111 1255 1264 1298 praetor,
1303 1261 1407 1299 spem

293 1320 424 1349 nactus
456 1311 643 1347 solvendae
677 1312 831 1362 incepto
863 1312 956 1348 forti
985 1312 1210 1356 obsidionis,
1237 1312 1405 1349 Nicoda-

294 1390 395 1413 mum
423 1376 622 1425 quemdam
649 1388 733 1412 cum
754 1376 897 1412 AEtolis
927 1377 1144 1426 quingentis
1166 1377 1408 1415 Ambraciam

293 1441 541 1477 intromittit:
574 1448 726 1476 noctem
756 1448 897 1477 certam
926 1448 1148 1491 tempusque
1174 1443 1289 1478 etiam
1315 1456 1408 1480 noc-

295 1507 343 1541 tis
374 1505 586 1548 constituit,
617 1518 692 1553 quo
723 1512 761 1541 et
791 1505 845 1541 illi
876 1506 923 1542 ab
960 1506 1050 1542 urbe
1079 1519 1194 1556 opera
1222 1507 1407 1551 hostium,

297 1584 380 1619 quae
397 1571 570 1606 adversus
585 1569 793 1619 Pyrrheum
810 1578 930 1614 erant,
948 1558 1252 1619 adgrederentur,
1273 1578 1310 1608 et
1330 1573 1409 1622 ipse

299 1635 345 1671 ad
372 1642 494 1670 castra
522 1633 701 1669 Romana
733 1641 914 1670 terrorem
948 1634 1115 1678 faceret3
1149 1647 1258 1684 posse
1290 1644 1409 1679 ratus,

300 1699 456 1748 ancipiti
486 1697 651 1734 tumultu
672 1704 708 1733 et
730 1707 842 1734 nocte
869 1706 1032 1746 augente
1056 1710 1246 1747 pavorem,
1269 1712 1412 1737 memo-

300 1763 456 1799 rabilem
487 1775 562 1798 rem
593 1763 685 1811 geri.
740 1762 794 1798 Et
812 1762 1045 1798 Nicodamus
1072 1763 1298 1812 intempesta
1319 1777 1412 1801 noc-

302 1835 354 1870 te,
376 1840 489 1876 quum
510 1827 600 1863 alias
622 1827 808 1863 custodias
830 1826 1041 1869 fefellisset,
1068 1839 1133 1875 per
1162 1826 1252 1863 alias
1281 1828 1412 1878 inpetu

304 1891 495 1934 constanti
519 1891 716 1940 erupisset,
738 1898 914 1941 superato
935 1890 1090 1925 brachio
1119 1891 1157 1925 iu
1190 1890 1317 1927 urbem
1347 1906 1413 1943 pe-

305 1963 429 1992 netrat
447 1971 461 2001 ς
490 1955 679 2004 animique
700 1955 934 2004 aliquantum
955 1955 999 1990 ad
1030 1956 1157 1990 omnia
1185 1956 1356 1994 audenda
1376 1964 1414 1995 et

306 2021 386 2069 spei
412 2019 574 2056 obsessis
595 2019 758 2069 adjecit,
792 2026 843 2062 et,
871 2018 981 2055 simul
1013 2020 1221 2055 constituta
1249 2033 1325 2057 nox
1353 2035 1416 2059 ve-

308 2085 378 2128 nit,
401 2098 446 2120 ex
466 2085 678 2134 composito
699 2091 853 2134 repente
882 2097 995 2134 opera
1022 2091 1077 2119 est
1107 2084 1315 2132 adgressus.
1373 2086 1418 2124 ld

311 2149 501 2198 inceptum
531 2155 684 2192 conatu,
712 2162 823 2198 quam
858 2149 1005 2192 effectu,
1035 2149 1183 2197 gravius
1212 2148 1298 2192 fuit,
1329 2151 1418 2200 quia

312 2213 416 2249 nulla
441 2212 488 2248 ab
512 2214 698 2248 exteriore
729 2221 832 2263 parte
854 2214 905 2249 vis
927 2213 1078 2249 admota
1108 2219 1190 2257 est3
1224 2226 1288 2249 seu
1319 2221 1421 2252 metu

313 2278 493 2314 deterrito
517 2284 676 2327 praetore
696 2277 929 2321 EEtolorum,
951 2291 1016 2314 seu
1043 2278 1129 2327 quia
1158 2279 1283 2327 potius
1303 2279 1423 2316 visum

316 2347 386 2386 est,
417 2341 680 2392 Amphilochis
711 2354 820 2394 opem
845 2342 943 2380 ferre
966 2355 1086 2395 nuper
1115 2343 1300 2394 receptis,
1333 2355 1425 2393 quon
