1546 2648
293 184 380 227 344
471 170 476 176 ’
747 185 794 214 r.
818 184 954 216 mvn

104 283 196 315 U.C.
213 289 286 314 580.
297 272 375 310 Sub
393 273 474 310 haec
493 273 595 311 dicta
614 273 853 312 lacrimantes
879 274 1186 326 procubuerunt3
1217 273 1402 326 stratique

102 327 144 358 A·
158 326 196 358 C·
213 331 417 379 1⁷2·humi,
438 349 517 373 non
536 336 608 373 sibi
627 339 746 387 magis
766 339 1075 382 misericordiam,
1096 352 1209 388 quam
1226 340 1306 389 regi
1319 340 1358 377 ἃ.

103 401 248 431 Gulussa

103 443 246 474 defendit

106 492 241 526 patrem.

126 1364 262 1395 Senatus

127 1414 258 1442 respon-

128 1454 215 1476 sum.

118 2201 223 2242 Legati
241 2200 274 2230 in

118 2245 269 2292 Maced07

119 2298 207 2319 mam
220 2296 296 2317 mus-

119 2333 144 2363 si
161 2332 302 2363 redeunt.

351 399 505 438 XXIV.
532 399 764 449 Interrogari
784 401 985 438 Gulussam
1011 401 1167 452 placuit,
1186 403 1274 452 quid
1293 402 1340 439 ad
1359 413 1404 439 ea

298 464 557 514 responderet,
577 472 655 508 aut,
676 465 707 500 si
733 465 834 514 prius
860 464 1002 508 mallet,
1023 472 1274 515 expromeret,
1295 476 1407 516 super

299 539 375 576 qua
391 539 432 564 re
450 526 615 564 Romam
635 528 811 564 venisset,
867 527 1045 571 Gulussa,
1066 529 1191 577 Neque
1207 529 1273 566 sibi
1286 528 1409 578 facile

300 603 383 633 esse,
405 591 514 633 dixit,
536 592 579 627 de
596 594 640 628 iis
663 591 765 627 rebus
789 601 909 638 agere,
928 593 972 627 de
989 592 1111 639 quibus
1128 593 1222 629 nihil
1244 594 1412 629 mandati

300 667 326 690 a
349 659 458 703 patre
485 654 652 690 liaberet:
678 665 790 701 neque
814 655 916 702 patri
927 653 1050 701 facile
1073 654 1193 703 fuisse
1222 656 1410 698 mandare,

303 730 413 766 quum
444 718 773 765 Karthaginienses,
807 729 870 754 nec
903 718 948 754 de
967 730 1039 766 qua
1068 729 1107 753 re
1142 721 1261 755 acturi
1287 723 1412 762 essent,

301 793 368 818 nec
394 784 537 818 omnino
563 784 675 819 ituros
704 794 741 818 se
769 781 937 825 Romam,
960 782 1208 820 indicaverint.
1265 783 1310 819 In
1337 783 1413 819 aede

305 847 512 895 AEsculapii
525 847 784 883 clandestinum
797 859 854 883 eos
868 859 934 894 per
950 847 1091 894 aliquot
1100 851 1218 883 noctes
1230 847 1416 884 consilium

304 911 509 958 principum
527 910 699 955 habuisse,
715 911 810 948 unde
824 915 1001 959 praeterea
1019 911 1154 958 legatos
1172 912 1318 947 occultis
1335 923 1416 947 cum

307 975 490 1011 mandatis
519 974 674 1011 Romam
704 976 813 1012 mitti.
869 975 965 1011 Eam
996 986 1156 1011 caussam
1174 974 1295 1022 fuisse
1314 976 1419 1024 patri

308 1039 475 1075 mittendi
491 1051 528 1075 se
546 1038 714 1082 Romam,
734 1041 797 1088 qui
813 1039 1065 1087 deprecaretur
1080 1044 1257 1082 senatum,
1275 1050 1322 1074 ne
1335 1039 1422 1086 quid

314 1102 554 1139 communibus
572 1103 725 1139 inimicis
752 1103 1021 1139 criminantibus
1045 1113 1082 1138 se
1102 1103 1298 1145 crederent,
1317 1113 1422 1150 quem
1440 1136 1442 1138 ,

315 1169 356 1205 ob
367 1168 505 1204 nullam
521 1169 634 1204 aliam
648 1180 824 1212 caussam,
839 1169 909 1204 nisi
918 1172 1071 1216 propter
1081 1171 1300 1203 constantem
1305 1166 1423 1215 fidem

315 1244 402 1280 erga
417 1232 592 1280 populum
608 1232 826 1275 Romanum,
842 1232 1006 1267 odissent.
1054 1229 1129 1266 His
1148 1230 1336 1278 utrimque
1354 1241 1423 1264 au·

317 1295 420 1339 ditis,
440 1301 606 1338 senatus,
627 1295 673 1331 de
701 1294 902 1345 postulatis
923 1293 1304 1342 Karthaginiensium
1329 1303 1422 1328 con·

317 1359 452 1404 sultus,
482 1359 708 1410 respondere
735 1360 789 1395 ita
800 1357 940 1409 jussit:
978 1354 1167 1395 Gulussam
1190 1357 1338 1405 placere
1364 1368 1426 1392 ex-

321 1425 453 1472 templo
479 1426 515 1460 in
535 1424 746 1460 Numidiam
770 1424 962 1472 proficisci,
990 1427 1026 1458 et
1052 1422 1225 1458 nunciare
1241 1421 1365 1469 patri,
1384 1423 1428 1455 ut

322 1489 367 1525 de
396 1488 454 1531 iis,
486 1488 531 1524 de
561 1487 683 1536 quibus
711 1487 1026 1534 Karthaginienses
1054 1489 1263 1534 querantur,
1294 1484 1430 1531 legatos

322 1554 589 1601 quamprimum
600 1553 650 1588 ad
662 1556 823 1588 senatum
833 1553 958 1587 mittat
963 1567 977 1594 ,-
996 1550 1250 1596 denuncietque
1264 1546 1429 1583 Kartha-

319 1616 547 1665 giniensibus,
573 1620 614 1652 ut
644 1617 693 1651 ad
717 1615 987 1663 disceptandum
1009 1614 1166 1649 veniant.
1221 1611 1265 1647 Si
1291 1610 1431 1658 aliquid

319 1685 464 1728 possent
483 1681 681 1717 Masinissae
696 1679 837 1716 honoris
855 1690 991 1721 caussa,
1011 1681 1046 1713 et
1063 1676 1196 1725 fecisse
1212 1679 1248 1711 et
1260 1673 1434 1723 facturos

325 1758 420 1783 esse:
437 1744 501 1792 jus
517 1746 647 1793 gratioe
669 1755 740 1780 non
759 1745 857 1779 dare.
911 1744 1065 1789 Agrum,
1086 1752 1157 1788 qua
1183 1736 1352 1786 cujusque
1371 1738 1432 1780 sit,

322 1811 498 1860 possideri
515 1810 604 1846 velle
615 1825 627 1845 .·
655 1820 719 1844 nec
736 1818 842 1844 novos
860 1811 1017 1842 statuere
1021 1805 1129 1854 fines,
1149 1803 1210 1839 sed
1227 1806 1358 1838 veteres
1373 1800 1433 1836 ob·

325 1877 474 1918 servari,
494 1877 532 1911 in
550 1875 677 1924 *animo
706 1873 841 1909 habere.
897 1867 1253 1916 Karthaginiensibus
1278 1867 1380 1901 victis
1399 1876 1436 1901 se

327 1945 363 1977 et
381 1940 496 1982 urbes,
514 1943 549 1976 et
567 1950 671 1987 agros
699 1937 923 1978 concessisse5
950 1945 1021 1969 non
1036 1937 1077 1968 ut
1096 1934 1132 1968 in
1150 1942 1240 1979 pace
1257 1930 1436 1977 eriperent

327 2018 392 2055 per
409 2003 592 2051 injuriam,
613 2014 689 2051 quae
697 2000 783 2047 jure
801 2000 884 2036 belli
897 2010 966 2034 non
982 1997 1204 2032 ademissent.
1244 1992 1306 2029 Ita
1322 2004 1433 2040 regu-

329 2069 386 2106 lus
399 2067 815 2115 Karthaginiensesque
831 2062 983 2100 dimissi.
1022 2059 1185 2095 Munera
1197 2069 1243 2092 ex
1258 2056 1436 2092 instituto

331 2133 420 2169 data
437 2132 619 2179 utrisque,
635 2129 783 2178 aliaque
802 2124 1007 2176 hospitalia
1024 2123 1182 2159 comiter
1201 2124 1434 2156 conservata.

385 2194 517 2232 XXV.
547 2194 624 2230 Sub
640 2193 737 2229 idem
756 2198 903 2240 tempus
921 2189 991 2225 Cn.
1008 2185 1185 2223 Servilius
1199 2184 1344 2234 Caepio,
1362 2183 1435 2232 Ap.

335 2260 514 2298 Claudius
548 2257 714 2298 Centho,
734 2254 780 2291 T.
796 2254 943 2290 Annius
966 2251 1112 2287 Luscus
1142 2247 1273 2297 legati,
1302 2245 1347 2282 ad
1377 2257 1435 2281 res

322 2323 555 2376 *repetendas
587 2323 626 2359 in
657 2319 923 2358 Macedoniam
956 2313 1323 2363 renunciandamque
1344 2311 1437 2347 arni-
