<?xml version="1.0" encoding="UTF-8"?>
<!DOCTYPE html PUBLIC "-//W3C//DTD XHTML 1.0 Transitional//EN"
    "http://www.w3.org/TR/xhtml1/DTD/xhtml1-transitional.dtd">
<html xmlns="http://www.w3.org/1999/xhtml" xml:lang="en" lang="en">
 <head>
  <title>
</title>
<meta http-equiv="Content-Type" content="text/html;charset=utf-8" />
  <meta name='ocr-system' content='tesseract 3.04.00' />
  <meta name='ocr-capabilities' content='ocr_page ocr_carea ocr_par ocr_line ocrx_word'/>
</head>
<body>
  <div class='ocr_page' id='page_1' title='image "./historiarumquaes04livyuoft/historiarumquaes04livyuoft_0112.png"; bbox 0 0 1546 2648; ppageno 0'>
   <div class='ocr_carea' id='block_1_1' title="bbox 344 198 1000 232">
    <p class='ocr_par' dir='ltr' id='par_1_1' title="bbox 344 198 1000 232">
     <span class='ocr_line' id='line_1_1' title="bbox 344 198 1000 232; baseline 0.008 -5"><span class='ocrx_word' id='word_1_1' title='bbox 344 198 425 229; x_wconf 82' lang='lat'>102</span> <span class='ocrx_word' id='word_1_2' title='bbox 479 213 484 220; x_wconf 43' lang='grc' dir='ltr'>ι</span> <span class='ocrx_word' id='word_1_3' title='bbox 796 201 842 230; x_wconf 85' lang='grc' dir='ltr'>Τ.</span> <span class='ocrx_word' id='word_1_4' title='bbox 867 201 1000 232; x_wconf 78' lang='lat' dir='ltr'>len</span> 
     </span>
    </p>
   </div>
   <div class='ocr_carea' id='block_1_2' title="bbox 146 285 1455 341">
    <p class='ocr_par' dir='ltr' id='par_1_2' title="bbox 146 285 1455 341">
     <span class='ocr_line' id='line_1_2' title="bbox 146 285 1455 341; baseline 0.007 -22"><span class='ocrx_word' id='word_1_5' title='bbox 146 289 189 319; x_wconf 83' lang='lat' dir='ltr'>U.</span> <span class='ocrx_word' id='word_1_6' title='bbox 203 289 239 319; x_wconf 92' lang='lat' dir='ltr'>C.</span> <span class='ocrx_word' id='word_1_7' title='bbox 256 286 436 322; x_wconf 80' lang='lat' dir='ltr'>563.nitie</span> <span class='ocrx_word' id='word_1_8' title='bbox 463 285 627 336; x_wconf 85' lang='lat' dir='ltr'>reliquit.</span> <span class='ocrx_word' id='word_1_9' title='bbox 682 286 861 325; x_wconf 88' lang='lat' dir='ltr'>Edictum</span> <span class='ocrx_word' id='word_1_10' title='bbox 889 290 1092 339; x_wconf 69' lang='lat' dir='ltr'>praefectis,</span> <span class='ocrx_word' id='word_1_11' title='bbox 1122 296 1164 326; x_wconf 88' lang='lat' dir='ltr'>ut</span> <span class='ocrx_word' id='word_1_12' title='bbox 1192 289 1344 335; x_wconf 81' lang='lat' dir='ltr'>intenti,</span> <span class='ocrx_word' id='word_1_13' title='bbox 1365 292 1455 341; x_wconf 86' lang='lat' dir='ltr'>quid</span> 
     </span>
    </p>
   </div>
   <div class='ocr_carea' id='block_1_3' title="bbox 146 333 327 368">
    <p class='ocr_par' dir='ltr' id='par_1_3' title="bbox 146 333 327 368">
     <span class='ocr_line' id='line_1_3' title="bbox 146 333 327 368; baseline 0.022 -8"><span class='ocrx_word' id='word_1_14' title='bbox 146 333 185 361; x_wconf 82' lang='grc' dir='ltr'>Α.</span> <span class='ocrx_word' id='word_1_15' title='bbox 203 333 239 362; x_wconf 89' lang='lat' dir='ltr'>C.</span> <span class='ocrx_word' id='word_1_16' title='bbox 255 340 327 368; x_wconf 79' lang='lat'><strong>189.</strong></span> 
     </span>
    </p>
   </div>
   <div class='ocr_carea' id='block_1_4' title="bbox 115 1257 273 1375">
    <p class='ocr_par' dir='ltr' id='par_1_4' title="bbox 115 1257 273 1375">
     <span class='ocr_line' id='line_1_4' title="bbox 117 1257 273 1289; baseline -0.013 0"><span class='ocrx_word' id='word_1_17' title='bbox 117 1257 273 1289; x_wconf 73' lang='lat' dir='ltr'>Proelium</span> 
     </span>
     <span class='ocr_line' id='line_1_5' title="bbox 119 1308 272 1349; baseline 0 -18"><span class='ocrx_word' id='word_1_18' title='bbox 119 1308 272 1349; x_wconf 74' lang='lat' dir='ltr'>commit-</span> 
     </span>
     <span class='ocr_line' id='line_1_6' title="bbox 115 1349 203 1375; baseline -0.011 -2"><span class='ocrx_word' id='word_1_19' title='bbox 115 1349 203 1375; x_wconf 67' lang='lat' dir='ltr'>utut.</span> 
     </span>
    </p>
   </div>
   <div class='ocr_carea' id='block_1_5' title="bbox 324 349 1452 1871">
    <p class='ocr_par' dir='ltr' id='par_1_5' title="bbox 337 349 1452 465">
     <span class='ocr_line' id='line_1_7' title="bbox 339 349 1452 405; baseline 0.006 -20"><span class='ocrx_word' id='word_1_20' title='bbox 339 349 479 399; x_wconf 88' lang='lat' dir='ltr'>ubique</span> <span class='ocrx_word' id='word_1_21' title='bbox 498 359 663 400; x_wconf 85' lang='lat' dir='ltr'>geratur,</span> <span class='ocrx_word' id='word_1_22' title='bbox 685 352 1008 400; x_wconf 77' lang='lat' dir='ltr'>animadvertant3</span> <span class='ocrx_word' id='word_1_23' title='bbox 1041 367 1225 404; x_wconf 86' lang='lat' dir='ltr'><strong>opemque</strong></span> <span class='ocrx_word' id='word_1_24' title='bbox 1244 354 1356 399; x_wconf 83' lang='lat' dir='ltr'>ferre,</span> <span class='ocrx_word' id='word_1_25' title='bbox 1376 368 1452 405; x_wconf 90' lang='lat' dir='ltr'>quo</span> 
     </span>
     <span class='ocr_line' id='line_1_8' title="bbox 337 414 866 465; baseline 0.004 -16"><span class='ocrx_word' id='word_1_26' title='bbox 337 414 533 464; x_wconf 83' lang='lat' dir='ltr'>postulent</span> <span class='ocrx_word' id='word_1_27' title='bbox 557 428 630 457; x_wconf 85' lang='lat' dir='ltr'>res,</span> <span class='ocrx_word' id='word_1_28' title='bbox 650 422 866 465; x_wconf 82' lang='lat' dir='ltr'><strong>properent.</strong></span> 
     </span>
    </p>

    <p class='ocr_par' dir='ltr' id='par_1_6' title="bbox 324 477 1452 1871">
     <span class='ocr_line' id='line_1_9' title="bbox 390 477 1452 521; baseline 0.005 -7"><span class='ocrx_word' id='word_1_29' title='bbox 390 477 507 514; x_wconf 91' lang='lat' dir='ltr'>XXI.</span> <span class='ocrx_word' id='word_1_30' title='bbox 541 478 656 521; x_wconf 82' lang='lat' dir='ltr'>Galli,</span> <span class='ocrx_word' id='word_1_31' title='bbox 677 478 823 514; x_wconf 88' lang='lat' dir='ltr'>duobus</span> <span class='ocrx_word' id='word_1_32' title='bbox 850 477 1029 515; x_wconf 88' lang='lat' dir='ltr'>lateribus</span> <span class='ocrx_word' id='word_1_33' title='bbox 1056 481 1146 516; x_wconf 84' lang='lat' dir='ltr'>satis</span> <span class='ocrx_word' id='word_1_34' title='bbox 1173 481 1329 518; x_wconf 88' lang='lat' dir='ltr'>fidentes</span> <span class='ocrx_word' id='word_1_35' title='bbox 1350 483 1452 519; x_wconf 85' lang='lat' dir='ltr'>invia</span> 
     </span>
     <span class='ocr_line' id='line_1_10' title="bbox 336 542 1451 594; baseline 0.004 -17"><span class='ocrx_word' id='word_1_36' title='bbox 336 554 432 585; x_wconf 85' lang='lat' dir='ltr'>esse,</span> <span class='ocrx_word' id='word_1_37' title='bbox 452 542 500 578; x_wconf 86' lang='lat' dir='ltr'>ab</span> <span class='ocrx_word' id='word_1_38' title='bbox 520 555 564 579; x_wconf 88' lang='lat' dir='ltr'>ea</span> <span class='ocrx_word' id='word_1_39' title='bbox 583 549 703 593; x_wconf 85' lang='lat' dir='ltr'>parte,</span> <span class='ocrx_word' id='word_1_40' title='bbox 724 556 806 592; x_wconf 85' lang='lat' dir='ltr'>quae</span> <span class='ocrx_word' id='word_1_41' title='bbox 835 543 873 578; x_wconf 90' lang='lat' dir='ltr'>in</span> <span class='ocrx_word' id='word_1_42' title='bbox 903 543 1095 580; x_wconf 88' lang='lat' dir='ltr'>meridiem</span> <span class='ocrx_word' id='word_1_43' title='bbox 1115 552 1298 594; x_wconf 85' lang='lat' dir='ltr'>vergeret,</span> <span class='ocrx_word' id='word_1_44' title='bbox 1322 552 1362 582; x_wconf 88' lang='lat' dir='ltr'>ut</span> <span class='ocrx_word' id='word_1_45' title='bbox 1390 559 1451 582; x_wconf 88' lang='lat' dir='ltr'>ar·</span> 
     </span>
     <span class='ocr_line' id='line_1_11' title="bbox 336 606 1450 656; baseline 0.004 -14"><span class='ocrx_word' id='word_1_46' title='bbox 336 607 407 642; x_wconf 86' lang='lat' dir='ltr'>mis</span> <span class='ocrx_word' id='word_1_47' title='bbox 434 606 652 643; x_wconf 85' lang='lat' dir='ltr'>clauderent</span> <span class='ocrx_word' id='word_1_48' title='bbox 679 608 793 650; x_wconf 80' lang='lat' dir='ltr'>viam,</span> <span class='ocrx_word' id='word_1_49' title='bbox 815 613 977 656; x_wconf 90' lang='lat' dir='ltr'>quatuor</span> <span class='ocrx_word' id='word_1_50' title='bbox 1001 607 1117 644; x_wconf 89' lang='lat' dir='ltr'>ferme</span> <span class='ocrx_word' id='word_1_51' title='bbox 1137 609 1255 645; x_wconf 86' lang='lat' dir='ltr'>millia</span> <span class='ocrx_word' id='word_1_52' title='bbox 1283 617 1450 646; x_wconf 89' lang='lat' dir='ltr'>armato-</span> 
     </span>
     <span class='ocr_line' id='line_1_12' title="bbox 336 670 1449 723; baseline 0.004 -17"><span class='ocrx_word' id='word_1_53' title='bbox 336 683 419 707; x_wconf 88' lang='lat' dir='ltr'>rum</span> <span class='ocrx_word' id='word_1_54' title='bbox 439 671 486 706; x_wconf 91' lang='lat' dir='ltr'>ad</span> <span class='ocrx_word' id='word_1_55' title='bbox 505 670 706 714; x_wconf 84' lang='lat' dir='ltr'>tumulum,</span> <span class='ocrx_word' id='word_1_56' title='bbox 728 672 976 707; x_wconf 81' lang='lat' dir='ltr'>inminentem</span> <span class='ocrx_word' id='word_1_57' title='bbox 995 673 1064 708; x_wconf 86' lang='lat' dir='ltr'>viae</span> <span class='ocrx_word' id='word_1_58' title='bbox 1083 673 1205 709; x_wconf 87' lang='lat' dir='ltr'>minus</span> <span class='ocrx_word' id='word_1_59' title='bbox 1232 673 1334 709; x_wconf 85' lang='lat' dir='ltr'>mille</span> <span class='ocrx_word' id='word_1_60' title='bbox 1362 687 1449 723; x_wconf 81' lang='lat' dir='ltr'>pas-</span> 
     </span>
     <span class='ocr_line' id='line_1_13' title="bbox 336 735 1450 784; baseline 0.002 -14"><span class='ocrx_word' id='word_1_61' title='bbox 336 745 446 770; x_wconf 81' lang='lat' dir='ltr'>suum</span> <span class='ocrx_word' id='word_1_62' title='bbox 465 747 488 770; x_wconf 84' lang='lat' dir='ltr'>a</span> <span class='ocrx_word' id='word_1_63' title='bbox 506 735 652 777; x_wconf 84' lang='lat' dir='ltr'>castris,</span> <span class='ocrx_word' id='word_1_64' title='bbox 673 735 935 784; x_wconf 89' lang='lat' dir='ltr'>occupandum</span> <span class='ocrx_word' id='word_1_65' title='bbox 954 735 1132 781; x_wconf 70' lang='lat' dir='ltr'>mittunt,</span> <span class='ocrx_word' id='word_1_66' title='bbox 1155 748 1200 771; x_wconf 92' lang='lat' dir='ltr'>eo</span> <span class='ocrx_word' id='word_1_67' title='bbox 1221 747 1260 771; x_wconf 91' lang='lat' dir='ltr'>se</span> <span class='ocrx_word' id='word_1_68' title='bbox 1279 737 1352 771; x_wconf 88' lang='lat' dir='ltr'>rati</span> <span class='ocrx_word' id='word_1_69' title='bbox 1370 736 1450 772; x_wconf 77' lang='lat' dir='ltr'>vel-</span> 
     </span>
     <span class='ocr_line' id='line_1_14' title="bbox 335 797 1448 849; baseline 0.003 -16"><span class='ocrx_word' id='word_1_70' title='bbox 335 804 378 833; x_wconf 89' lang='lat' dir='ltr'>ut</span> <span class='ocrx_word' id='word_1_71' title='bbox 396 797 552 834; x_wconf 88' lang='lat' dir='ltr'>castello</span> <span class='ocrx_word' id='word_1_72' title='bbox 571 799 643 834; x_wconf 85' lang='lat' dir='ltr'>iter</span> <span class='ocrx_word' id='word_1_73' title='bbox 661 798 908 849; x_wconf 62' lang='lat' dir='ltr'>inpedituros</span> <span class='ocrx_word' id='word_1_74' title='bbox 965 798 1080 838; x_wconf 88' lang='lat' dir='ltr'>Quod</span> <span class='ocrx_word' id='word_1_75' title='bbox 1106 798 1172 835; x_wconf 88' lang='lat' dir='ltr'>ubi</span> <span class='ocrx_word' id='word_1_76' title='bbox 1199 798 1367 836; x_wconf 88' lang='lat' dir='ltr'>Romani</span> <span class='ocrx_word' id='word_1_77' title='bbox 1392 800 1448 836; x_wconf 91' lang='lat' dir='ltr'>vi-</span> 
     </span>
     <span class='ocr_line' id='line_1_15' title="bbox 334 861 1447 913; baseline 0.003 -16"><span class='ocrx_word' id='word_1_78' title='bbox 334 861 485 906; x_wconf 87' lang='lat' dir='ltr'>derunt,</span> <span class='ocrx_word' id='word_1_79' title='bbox 506 863 710 913; x_wconf 83' lang='lat' dir='ltr'>expediunt</span> <span class='ocrx_word' id='word_1_80' title='bbox 729 874 809 899; x_wconf 90' lang='lat' dir='ltr'>sese</span> <span class='ocrx_word' id='word_1_81' title='bbox 829 862 875 899; x_wconf 86' lang='lat' dir='ltr'>ad</span> <span class='ocrx_word' id='word_1_82' title='bbox 894 874 1084 912; x_wconf 86' lang='lat' dir='ltr'>pugnam:</span> <span class='ocrx_word' id='word_1_83' title='bbox 1116 868 1205 898; x_wconf 87' lang='lat' dir='ltr'>ante</span> <span class='ocrx_word' id='word_1_84' title='bbox 1229 863 1339 912; x_wconf 86' lang='lat' dir='ltr'>signa</span> <span class='ocrx_word' id='word_1_85' title='bbox 1363 876 1447 900; x_wconf 91' lang='lat' dir='ltr'>mo-</span> 
     </span>
     <span class='ocr_line' id='line_1_16' title="bbox 334 925 1446 969; baseline 0.002 -7"><span class='ocrx_word' id='word_1_86' title='bbox 334 926 421 962; x_wconf 88' lang='lat' dir='ltr'>dico</span> <span class='ocrx_word' id='word_1_87' title='bbox 448 926 647 963; x_wconf 88' lang='lat' dir='ltr'>intervallo</span> <span class='ocrx_word' id='word_1_88' title='bbox 667 926 796 963; x_wconf 83' lang='lat' dir='ltr'>velites</span> <span class='ocrx_word' id='word_1_89' title='bbox 825 932 930 969; x_wconf 89' lang='lat' dir='ltr'>eunt,</span> <span class='ocrx_word' id='word_1_90' title='bbox 951 931 989 962; x_wconf 90' lang='lat' dir='ltr'>et</span> <span class='ocrx_word' id='word_1_91' title='bbox 1016 925 1064 962; x_wconf 90' lang='lat' dir='ltr'>ab</span> <span class='ocrx_word' id='word_1_92' title='bbox 1083 925 1217 962; x_wconf 89' lang='lat' dir='ltr'>Attalo</span> <span class='ocrx_word' id='word_1_93' title='bbox 1246 927 1446 964; x_wconf 82' lang='lat' dir='ltr'>Cretenses</span> 
     </span>
     <span class='ocr_line' id='line_1_17' title="bbox 335 989 1448 1040; baseline 0.001 -13"><span class='ocrx_word' id='word_1_94' title='bbox 335 991 536 1040; x_wconf 81' lang='lat' dir='ltr'>sagittarii,</span> <span class='ocrx_word' id='word_1_95' title='bbox 557 999 596 1028; x_wconf 88' lang='lat' dir='ltr'>et</span> <span class='ocrx_word' id='word_1_96' title='bbox 612 991 837 1035; x_wconf 87' lang='lat' dir='ltr'>funditores,</span> <span class='ocrx_word' id='word_1_97' title='bbox 858 996 896 1027; x_wconf 86' lang='lat' dir='ltr'>et</span> <span class='ocrx_word' id='word_1_98' title='bbox 914 989 1048 1034; x_wconf 81' lang='lat' dir='ltr'>Tralli,</span> <span class='ocrx_word' id='word_1_99' title='bbox 1069 996 1106 1026; x_wconf 84' lang='lat' dir='ltr'>et</span> <span class='ocrx_word' id='word_1_100' title='bbox 1124 990 1311 1028; x_wconf 89' lang='lat' dir='ltr'>Thraces:</span> <span class='ocrx_word' id='word_1_101' title='bbox 1338 991 1448 1040; x_wconf 81' lang='lat' dir='ltr'>signa</span> 
     </span>
     <span class='ocr_line' id='line_1_18' title="bbox 331 1055 1447 1106; baseline 0.001 -16"><span class='ocrx_word' id='word_1_102' title='bbox 331 1055 516 1105; x_wconf 85' lang='lat' dir='ltr'>peditum,</span> <span class='ocrx_word' id='word_1_103' title='bbox 546 1062 587 1092; x_wconf 91' lang='lat' dir='ltr'>ut</span> <span class='ocrx_word' id='word_1_104' title='bbox 615 1068 682 1106; x_wconf 90' lang='lat' dir='ltr'>per</span> <span class='ocrx_word' id='word_1_105' title='bbox 707 1056 880 1100; x_wconf 87' lang='lat' dir='ltr'>arduum,</span> <span class='ocrx_word' id='word_1_106' title='bbox 909 1055 985 1091; x_wconf 88' lang='lat' dir='ltr'>leni</span> <span class='ocrx_word' id='word_1_107' title='bbox 1014 1055 1133 1104; x_wconf 88' lang='lat' dir='ltr'>gradu</span> <span class='ocrx_word' id='word_1_108' title='bbox 1161 1055 1362 1098; x_wconf 87' lang='lat' dir='ltr'>ducuntur,</span> <span class='ocrx_word' id='word_1_109' title='bbox 1392 1056 1447 1092; x_wconf 83' lang='lat' dir='ltr'>ita</span> 
     </span>
     <span class='ocr_line' id='line_1_19' title="bbox 331 1118 1447 1168; baseline -0.001 -13"><span class='ocrx_word' id='word_1_110' title='bbox 331 1131 410 1168; x_wconf 86' lang='lat' dir='ltr'>prae</span> <span class='ocrx_word' id='word_1_111' title='bbox 430 1131 468 1155; x_wconf 90' lang='lat' dir='ltr'>se</span> <span class='ocrx_word' id='word_1_112' title='bbox 487 1118 710 1155; x_wconf 83' lang='lat' dir='ltr'>habentium</span> <span class='ocrx_word' id='word_1_113' title='bbox 730 1124 850 1162; x_wconf 83' lang='lat' dir='ltr'>scuta,</span> <span class='ocrx_word' id='word_1_114' title='bbox 865 1126 906 1155; x_wconf 88' lang='lat' dir='ltr'>ut</span> <span class='ocrx_word' id='word_1_115' title='bbox 923 1118 1080 1154; x_wconf 81' lang='lat' dir='ltr'>missilia</span> <span class='ocrx_word' id='word_1_116' title='bbox 1099 1124 1248 1155; x_wconf 82' lang='lat' dir='ltr'>tantum</span> <span class='ocrx_word' id='word_1_117' title='bbox 1267 1119 1447 1163; x_wconf 82' lang='lat' dir='ltr'>vitarent,</span> 
     </span>
     <span class='ocr_line' id='line_1_20' title="bbox 331 1182 1449 1234; baseline 0.002 -15"><span class='ocrx_word' id='word_1_118' title='bbox 331 1184 426 1234; x_wconf 88' lang='lat' dir='ltr'>pede</span> <span class='ocrx_word' id='word_1_119' title='bbox 442 1183 595 1219; x_wconf 90' lang='lat' dir='ltr'>conlato</span> <span class='ocrx_word' id='word_1_120' title='bbox 607 1196 686 1220; x_wconf 90' lang='lat' dir='ltr'>non</span> <span class='ocrx_word' id='word_1_121' title='bbox 700 1183 915 1219; x_wconf 89' lang='lat' dir='ltr'>viderentur</span> <span class='ocrx_word' id='word_1_122' title='bbox 926 1182 1142 1233; x_wconf 87' lang='lat' dir='ltr'>pugnaturi.</span> <span class='ocrx_word' id='word_1_123' title='bbox 1174 1182 1385 1219; x_wconf 87' lang='lat' dir='ltr'>Missilibus</span> <span class='ocrx_word' id='word_1_124' title='bbox 1401 1196 1449 1221; x_wconf 81' lang='lat' dir='ltr'>ex</span> 
     </span>
     <span class='ocr_line' id='line_1_21' title="bbox 333 1246 1446 1297; baseline -0.001 -14"><span class='ocrx_word' id='word_1_125' title='bbox 333 1246 534 1283; x_wconf 84' lang='lat' dir='ltr'>intervallo</span> <span class='ocrx_word' id='word_1_126' title='bbox 552 1247 626 1283; x_wconf 91' lang='lat' dir='ltr'>loci</span> <span class='ocrx_word' id='word_1_127' title='bbox 650 1246 826 1297; x_wconf 87' lang='lat' dir='ltr'>proelium</span> <span class='ocrx_word' id='word_1_128' title='bbox 852 1247 1095 1282; x_wconf 90' lang='lat' dir='ltr'>commissum</span> <span class='ocrx_word' id='word_1_129' title='bbox 1121 1252 1191 1289; x_wconf 88' lang='lat' dir='ltr'>est,</span> <span class='ocrx_word' id='word_1_130' title='bbox 1211 1247 1334 1297; x_wconf 89' lang='lat' dir='ltr'>primo</span> <span class='ocrx_word' id='word_1_131' title='bbox 1362 1258 1446 1296; x_wconf 88' lang='lat' dir='ltr'>par,</span> 
     </span>
     <span class='ocr_line' id='line_1_22' title="bbox 331 1310 1446 1362; baseline -0.002 -14"><span class='ocrx_word' id='word_1_132' title='bbox 331 1310 466 1348; x_wconf 87' lang='lat' dir='ltr'>Gallos</span> <span class='ocrx_word' id='word_1_133' title='bbox 484 1310 571 1348; x_wconf 91' lang='lat' dir='ltr'>loco</span> <span class='ocrx_word' id='word_1_134' title='bbox 595 1311 810 1362; x_wconf 91' lang='lat' dir='ltr'>adjuvante,</span> <span class='ocrx_word' id='word_1_135' title='bbox 832 1311 1029 1347; x_wconf 85' lang='lat' dir='ltr'>Romanos</span> <span class='ocrx_word' id='word_1_136' title='bbox 1057 1311 1239 1347; x_wconf 87' lang='lat' dir='ltr'>varietate</span> <span class='ocrx_word' id='word_1_137' title='bbox 1268 1316 1306 1346; x_wconf 90' lang='lat' dir='ltr'>et</span> <span class='ocrx_word' id='word_1_138' title='bbox 1334 1310 1446 1360; x_wconf 84' lang='lat' dir='ltr'>copia</span> 
     </span>
     <span class='ocr_line' id='line_1_23' title="bbox 331 1373 1445 1424; baseline -0.001 -13"><span class='ocrx_word' id='word_1_139' title='bbox 331 1374 507 1412; x_wconf 88' lang='lat' dir='ltr'>telorum.</span> <span class='ocrx_word' id='word_1_140' title='bbox 576 1375 811 1412; x_wconf 90' lang='lat' dir='ltr'>Procedente</span> <span class='ocrx_word' id='word_1_141' title='bbox 846 1375 1065 1418; x_wconf 85' lang='lat' dir='ltr'>certamine,</span> <span class='ocrx_word' id='word_1_142' title='bbox 1102 1373 1199 1410; x_wconf 86' lang='lat' dir='ltr'>nihil</span> <span class='ocrx_word' id='word_1_143' title='bbox 1227 1373 1310 1424; x_wconf 86' lang='lat' dir='ltr'>jam</span> <span class='ocrx_word' id='word_1_144' title='bbox 1347 1374 1445 1423; x_wconf 85' lang='lat' dir='ltr'>aequi</span> 
     </span>
     <span class='ocr_line' id='line_1_24' title="bbox 331 1439 1442 1490; baseline -0.002 -13"><span class='ocrx_word' id='word_1_145' title='bbox 331 1446 415 1477; x_wconf 86' lang='lat' dir='ltr'>erat</span> <span class='ocrx_word' id='word_1_146' title='bbox 432 1455 439 1475; x_wconf 92' lang='lat'><strong>:</strong></span> <span class='ocrx_word' id='word_1_147' title='bbox 472 1445 579 1477; x_wconf 86' lang='lat' dir='ltr'>scuta</span> <span class='ocrx_word' id='word_1_148' title='bbox 596 1440 726 1489; x_wconf 87' lang='lat' dir='ltr'>longa,</span> <span class='ocrx_word' id='word_1_149' title='bbox 747 1446 913 1476; x_wconf 86' lang='lat' dir='ltr'>ceterum</span> <span class='ocrx_word' id='word_1_150' title='bbox 933 1439 980 1476; x_wconf 84' lang='lat' dir='ltr'>ad</span> <span class='ocrx_word' id='word_1_151' title='bbox 999 1439 1283 1490; x_wconf 84' lang='lat' dir='ltr'>amplitudinem</span> <span class='ocrx_word' id='word_1_152' title='bbox 1305 1450 1442 1488; x_wconf 83' lang='lat' dir='ltr'>corpo-</span> 
     </span>
     <span class='ocr_line' id='line_1_25' title="bbox 329 1502 1444 1556; baseline -0.003 -15"><span class='ocrx_word' id='word_1_153' title='bbox 329 1517 415 1542; x_wconf 79' lang='lat' dir='ltr'>rum</span> <span class='ocrx_word' id='word_1_154' title='bbox 443 1517 575 1556; x_wconf 85' lang='lat' dir='ltr'>parum</span> <span class='ocrx_word' id='word_1_155' title='bbox 604 1504 695 1548; x_wconf 86' lang='lat' dir='ltr'>lata,</span> <span class='ocrx_word' id='word_1_156' title='bbox 727 1511 766 1541; x_wconf 88' lang='lat' dir='ltr'>et</span> <span class='ocrx_word' id='word_1_157' title='bbox 794 1517 838 1541; x_wconf 89' lang='lat' dir='ltr'>ea</span> <span class='ocrx_word' id='word_1_158' title='bbox 869 1505 952 1555; x_wconf 89' lang='lat' dir='ltr'>ipsa</span> <span class='ocrx_word' id='word_1_159' title='bbox 979 1503 1106 1555; x_wconf 87' lang='lat' dir='ltr'>plana,</span> <span class='ocrx_word' id='word_1_160' title='bbox 1135 1503 1232 1540; x_wconf 87' lang='lat' dir='ltr'>male</span> <span class='ocrx_word' id='word_1_161' title='bbox 1261 1502 1444 1552; x_wconf 85' lang='lat' dir='ltr'>tegebant</span> 
     </span>
     <span class='ocr_line' id='line_1_26' title="bbox 328 1566 1441 1619; baseline -0.003 -13"><span class='ocrx_word' id='word_1_162' title='bbox 328 1568 476 1606; x_wconf 88' lang='lat' dir='ltr'>Gallos.</span> <span class='ocrx_word' id='word_1_163' title='bbox 512 1569 596 1606; x_wconf 89' lang='lat' dir='ltr'>Nec</span> <span class='ocrx_word' id='word_1_164' title='bbox 609 1568 692 1619; x_wconf 86' lang='lat' dir='ltr'>jam</span> <span class='ocrx_word' id='word_1_165' title='bbox 710 1569 786 1605; x_wconf 83' lang='lat' dir='ltr'>tela</span> <span class='ocrx_word' id='word_1_166' title='bbox 805 1568 879 1605; x_wconf 88' lang='lat' dir='ltr'>alia</span> <span class='ocrx_word' id='word_1_167' title='bbox 897 1568 1104 1612; x_wconf 89' lang='lat' dir='ltr'>habebant,</span> <span class='ocrx_word' id='word_1_168' title='bbox 1119 1574 1256 1618; x_wconf 86' lang='lat' dir='ltr'>praeter</span> <span class='ocrx_word' id='word_1_169' title='bbox 1273 1566 1441 1616; x_wconf 87' lang='lat' dir='ltr'>gladios:</span> 
     </span>
     <span class='ocr_line' id='line_1_27' title="bbox 324 1629 1442 1683; baseline -0.004 -13"><span class='ocrx_word' id='word_1_170' title='bbox 324 1646 503 1683; x_wconf 89' lang='lat' dir='ltr'>quorum,</span> <span class='ocrx_word' id='word_1_171' title='bbox 524 1646 639 1683; x_wconf 89' lang='lat' dir='ltr'>quum</span> <span class='ocrx_word' id='word_1_172' title='bbox 658 1645 812 1669; x_wconf 86' lang='lat' dir='ltr'>manum</span> <span class='ocrx_word' id='word_1_173' title='bbox 829 1633 951 1669; x_wconf 89' lang='lat' dir='ltr'>hostis</span> <span class='ocrx_word' id='word_1_174' title='bbox 971 1645 1050 1668; x_wconf 90' lang='lat' dir='ltr'>non</span> <span class='ocrx_word' id='word_1_175' title='bbox 1069 1636 1297 1674; x_wconf 85' lang='lat' dir='ltr'>consereret,</span> <span class='ocrx_word' id='word_1_176' title='bbox 1317 1629 1442 1666; x_wconf 83' lang='lat' dir='ltr'>nullus</span> 
     </span>
     <span class='ocr_line' id='line_1_28' title="bbox 327 1696 1442 1745; baseline -0.004 -11"><span class='ocrx_word' id='word_1_177' title='bbox 327 1710 415 1734; x_wconf 90' lang='lat' dir='ltr'>usus</span> <span class='ocrx_word' id='word_1_178' title='bbox 437 1703 530 1734; x_wconf 87' lang='lat' dir='ltr'>erat.</span> <span class='ocrx_word' id='word_1_179' title='bbox 586 1697 709 1739; x_wconf 83' lang='lat' dir='ltr'>Saxis,</span> <span class='ocrx_word' id='word_1_180' title='bbox 729 1709 799 1733; x_wconf 88' lang='lat' dir='ltr'>nec</span> <span class='ocrx_word' id='word_1_181' title='bbox 818 1696 990 1739; x_wconf 87' lang='lat' dir='ltr'>modicis,</span> <span class='ocrx_word' id='word_1_182' title='bbox 1011 1702 1053 1732; x_wconf 91' lang='lat' dir='ltr'>ut</span> <span class='ocrx_word' id='word_1_183' title='bbox 1081 1708 1163 1745; x_wconf 86' lang='lat' dir='ltr'>quae</span> <span class='ocrx_word' id='word_1_184' title='bbox 1192 1707 1268 1731; x_wconf 88' lang='lat' dir='ltr'>non</span> <span class='ocrx_word' id='word_1_185' title='bbox 1296 1705 1442 1744; x_wconf 85' lang='lat' dir='ltr'>praepa-</span> 
     </span>
     <span class='ocr_line' id='line_1_29' title="bbox 326 1757 1443 1811; baseline -0.004 -13"><span class='ocrx_word' id='word_1_186' title='bbox 326 1768 489 1806; x_wconf 89' lang='lat' dir='ltr'>rassent,</span> <span class='ocrx_word' id='word_1_187' title='bbox 509 1762 573 1798; x_wconf 90' lang='lat' dir='ltr'>sed</span> <span class='ocrx_word' id='word_1_188' title='bbox 602 1761 701 1811; x_wconf 88' lang='lat' dir='ltr'>quod</span> <span class='ocrx_word' id='word_1_189' title='bbox 727 1761 861 1809; x_wconf 90' lang='lat' dir='ltr'>cuique</span> <span class='ocrx_word' id='word_1_190' title='bbox 886 1766 1027 1796; x_wconf 86' lang='lat' dir='ltr'>temere</span> <span class='ocrx_word' id='word_1_191' title='bbox 1052 1759 1256 1809; x_wconf 84' lang='lat' dir='ltr'>trepidanti</span> <span class='ocrx_word' id='word_1_192' title='bbox 1286 1757 1333 1794; x_wconf 91' lang='lat' dir='ltr'>ad</span> <span class='ocrx_word' id='word_1_193' title='bbox 1361 1770 1443 1793; x_wconf 86' lang='lat' dir='ltr'>ma-</span> 
     </span>
     <span class='ocr_line' id='line_1_30' title="bbox 325 1820 1439 1871; baseline -0.005 -8"><span class='ocrx_word' id='word_1_194' title='bbox 325 1838 416 1862; x_wconf 90' lang='lat' dir='ltr'>num</span> <span class='ocrx_word' id='word_1_195' title='bbox 435 1827 614 1869; x_wconf 80' lang='lat' dir='ltr'>venisset,</span> <span class='ocrx_word' id='word_1_196' title='bbox 635 1832 676 1861; x_wconf 90' lang='lat' dir='ltr'>ut</span> <span class='ocrx_word' id='word_1_197' title='bbox 700 1825 852 1867; x_wconf 85' lang='lat' dir='ltr'>insueti,</span> <span class='ocrx_word' id='word_1_198' title='bbox 873 1837 943 1861; x_wconf 89' lang='lat' dir='ltr'>nec</span> <span class='ocrx_word' id='word_1_199' title='bbox 966 1830 1046 1860; x_wconf 88' lang='lat' dir='ltr'>arte</span> <span class='ocrx_word' id='word_1_200' title='bbox 1074 1836 1144 1859; x_wconf 91' lang='lat' dir='ltr'>nec</span> <span class='ocrx_word' id='word_1_201' title='bbox 1163 1822 1303 1858; x_wconf 85' lang='lat' dir='ltr'>viribus</span> <span class='ocrx_word' id='word_1_202' title='bbox 1333 1820 1439 1871; x_wconf 83' lang='lat' dir='ltr'>adju-</span> 
     </span>
    </p>
   </div>
   <div class='ocr_carea' id='block_1_6' title="bbox 109 1876 1436 1937">
    <p class='ocr_par' dir='ltr' id='par_1_7' title="bbox 109 1876 1436 1937">
     <span class='ocr_line' id='line_1_31' title="bbox 109 1876 1436 1937; baseline -0.004 -10"><span class='ocrx_word' id='word_1_203' title='bbox 109 1876 290 1911; x_wconf 83' lang='lat' dir='ltr'>Missilibus</span> <span class='ocrx_word' id='word_1_204' title='bbox 323 1896 455 1927; x_wconf 81' lang='lat' dir='ltr'>vantes</span> <span class='ocrx_word' id='word_1_205' title='bbox 493 1891 626 1933; x_wconf 87' lang='lat' dir='ltr'>ictum,</span> <span class='ocrx_word' id='word_1_206' title='bbox 657 1888 882 1926; x_wconf 86' lang='lat' dir='ltr'>utebantur:</span> <span class='ocrx_word' id='word_1_207' title='bbox 924 1888 1087 1937; x_wconf 85' lang='lat' dir='ltr'>sagittis,</span> <span class='ocrx_word' id='word_1_208' title='bbox 1119 1887 1269 1937; x_wconf 82' lang='lat' dir='ltr'>glande,</span> <span class='ocrx_word' id='word_1_209' title='bbox 1296 1885 1436 1937; x_wconf 86' lang='lat' dir='ltr'>jaculis</span> 
     </span>
    </p>
   </div>
   <div class='ocr_carea' id='block_1_7' title="bbox 108 1922 279 1954">
    <p class='ocr_par' dir='ltr' id='par_1_8' title="bbox 108 1922 279 1954">
     <span class='ocr_line' id='line_1_32' title="bbox 108 1922 279 1954; baseline 0.018 -3"><span class='ocrx_word' id='word_1_210' title='bbox 108 1922 196 1952; x_wconf 79' lang='lat' dir='ltr'>Galli</span> <span class='ocrx_word' id='word_1_211' title='bbox 213 1931 279 1954; x_wconf 87' lang='lat' dir='ltr'>tur-</span> 
     </span>
    </p>
   </div>
   <div class='ocr_carea' id='block_1_8' title="bbox 107 1964 236 1998">
    <p class='ocr_par' dir='ltr' id='par_1_9' title="bbox 107 1964 236 1998">
     <span class='ocr_line' id='line_1_33' title="bbox 107 1964 236 1998; baseline 0.031 -4"><span class='ocrx_word' id='word_1_212' title='bbox 107 1964 236 1998; x_wconf 80' lang='lat' dir='ltr'>bantur.</span> 
     </span>
    </p>
   </div>
   <div class='ocr_carea' id='block_1_9' title="bbox 312 1949 1438 2387">
    <p class='ocr_par' dir='ltr' id='par_1_10' title="bbox 312 1949 1438 2387">
     <span class='ocr_line' id='line_1_34' title="bbox 322 1949 1438 2005; baseline -0.004 -14"><span class='ocrx_word' id='word_1_213' title='bbox 322 1955 467 1991; x_wconf 83' lang='lat' dir='ltr'>incauti</span> <span class='ocrx_word' id='word_1_214' title='bbox 503 1954 550 1991; x_wconf 92' lang='lat' dir='ltr'>ab</span> <span class='ocrx_word' id='word_1_215' title='bbox 588 1955 690 1991; x_wconf 88' lang='lat' dir='ltr'>omni</span> <span class='ocrx_word' id='word_1_216' title='bbox 728 1960 835 2004; x_wconf 88' lang='lat' dir='ltr'>parte</span> <span class='ocrx_word' id='word_1_217' title='bbox 872 1952 1184 2005; x_wconf 83' lang='lat' dir='ltr'>configebantur3</span> <span class='ocrx_word' id='word_1_218' title='bbox 1226 1963 1310 1994; x_wconf 91' lang='lat' dir='ltr'>nec,</span> <span class='ocrx_word' id='word_1_219' title='bbox 1348 1949 1438 1999; x_wconf 92' lang='lat' dir='ltr'>quid</span> 
     </span>
     <span class='ocr_line' id='line_1_35' title="bbox 322 2014 1431 2068; baseline -0.005 -13"><span class='ocrx_word' id='word_1_220' title='bbox 322 2024 492 2067; x_wconf 82' lang='lat' dir='ltr'>agerent,</span> <span class='ocrx_word' id='word_1_221' title='bbox 514 2019 569 2054; x_wconf 87' lang='lat' dir='ltr'>ira</span> <span class='ocrx_word' id='word_1_222' title='bbox 589 2025 626 2054; x_wconf 89' lang='lat' dir='ltr'>et</span> <span class='ocrx_word' id='word_1_223' title='bbox 647 2030 786 2068; x_wconf 82' lang='lat' dir='ltr'>pavore</span> <span class='ocrx_word' id='word_1_224' title='bbox 805 2017 1006 2053; x_wconf 77' lang='lat' dir='ltr'>obcaecatis</span> <span class='ocrx_word' id='word_1_225' title='bbox 1028 2016 1176 2058; x_wconf 88' lang='lat' dir='ltr'>animis,</span> <span class='ocrx_word' id='word_1_226' title='bbox 1198 2014 1404 2051; x_wconf 84' lang='lat' dir='ltr'>cernebant</span> <span class='ocrx_word' id='word_1_227' title='bbox 1420 2029 1431 2058; x_wconf 79' lang='lat'><em>3</em></span> 
     </span>
     <span class='ocr_line' id='line_1_36' title="bbox 321 2078 1433 2133; baseline -0.004 -15"><span class='ocrx_word' id='word_1_228' title='bbox 321 2089 360 2119; x_wconf 89' lang='lat' dir='ltr'>et</span> <span class='ocrx_word' id='word_1_229' title='bbox 379 2088 486 2118; x_wconf 82' lang='lat' dir='ltr'>crant</span> <span class='ocrx_word' id='word_1_230' title='bbox 504 2083 726 2133; x_wconf 87' lang='lat' dir='ltr'>deprehensi</span> <span class='ocrx_word' id='word_1_231' title='bbox 746 2094 882 2129; x_wconf 79' lang='lat' dir='ltr'>genere</span> <span class='ocrx_word' id='word_1_232' title='bbox 908 2093 1058 2131; x_wconf 86' lang='lat' dir='ltr'>pugnae,</span> <span class='ocrx_word' id='word_1_233' title='bbox 1079 2080 1118 2116; x_wconf 92' lang='lat' dir='ltr'>in</span> <span class='ocrx_word' id='word_1_234' title='bbox 1149 2079 1249 2128; x_wconf 89' lang='lat' dir='ltr'>quod</span> <span class='ocrx_word' id='word_1_235' title='bbox 1279 2078 1433 2114; x_wconf 88' lang='lat' dir='ltr'>minime</span> 
     </span>
     <span class='ocr_line' id='line_1_37' title="bbox 318 2142 1431 2197; baseline -0.004 -14"><span class='ocrx_word' id='word_1_236' title='bbox 318 2149 397 2197; x_wconf 81' lang='lat' dir='ltr'>apti</span> <span class='ocrx_word' id='word_1_237' title='bbox 431 2155 530 2183; x_wconf 89' lang='lat' dir='ltr'>sunt.</span> <span class='ocrx_word' id='word_1_238' title='bbox 586 2147 686 2183; x_wconf 85' lang='lat' dir='ltr'>Nam</span> <span class='ocrx_word' id='word_1_239' title='bbox 722 2146 1036 2195; x_wconf 82' lang='lat' dir='ltr'>quemadmodum</span> <span class='ocrx_word' id='word_1_240' title='bbox 1073 2145 1259 2186; x_wconf 81' lang='lat' dir='ltr'>cominus,</span> <span class='ocrx_word' id='word_1_241' title='bbox 1294 2142 1358 2178; x_wconf 90' lang='lat' dir='ltr'>ubi</span> <span class='ocrx_word' id='word_1_242' title='bbox 1392 2143 1431 2179; x_wconf 87' lang='lat' dir='ltr'>in</span> 
     </span>
     <span class='ocr_line' id='line_1_38' title="bbox 314 2206 1428 2260; baseline -0.005 -13"><span class='ocrx_word' id='word_1_243' title='bbox 314 2211 435 2247; x_wconf 83' lang='lat' dir='ltr'>vicem</span> <span class='ocrx_word' id='word_1_244' title='bbox 455 2211 534 2260; x_wconf 87' lang='lat' dir='ltr'>pati</span> <span class='ocrx_word' id='word_1_245' title='bbox 553 2217 590 2246; x_wconf 88' lang='lat' dir='ltr'>et</span> <span class='ocrx_word' id='word_1_246' title='bbox 610 2209 747 2245; x_wconf 83' lang='lat' dir='ltr'>inferre</span> <span class='ocrx_word' id='word_1_247' title='bbox 767 2209 921 2244; x_wconf 79' lang='lat' dir='ltr'>vulnera</span> <span class='ocrx_word' id='word_1_248' title='bbox 946 2208 1047 2250; x_wconf 85' lang='lat' dir='ltr'>licet,</span> <span class='ocrx_word' id='word_1_249' title='bbox 1069 2206 1242 2243; x_wconf 87' lang='lat' dir='ltr'>accendit</span> <span class='ocrx_word' id='word_1_250' title='bbox 1266 2206 1321 2241; x_wconf 84' lang='lat' dir='ltr'>ira</span> <span class='ocrx_word' id='word_1_251' title='bbox 1347 2206 1428 2241; x_wconf 88' lang='lat' dir='ltr'>ani-</span> 
     </span>
     <span class='ocr_line' id='line_1_39' title="bbox 315 2269 1426 2322; baseline -0.005 -11"><span class='ocrx_word' id='word_1_252' title='bbox 315 2287 397 2312; x_wconf 89' lang='lat' dir='ltr'>mos</span> <span class='ocrx_word' id='word_1_253' title='bbox 427 2287 584 2320; x_wconf 72' lang='lat' dir='ltr'>eorum,</span> <span class='ocrx_word' id='word_1_254' title='bbox 618 2275 684 2316; x_wconf 81' lang='lat' dir='ltr'>ita,</span> <span class='ocrx_word' id='word_1_255' title='bbox 706 2273 770 2309; x_wconf 90' lang='lat' dir='ltr'>ubi</span> <span class='ocrx_word' id='word_1_256' title='bbox 799 2287 845 2310; x_wconf 84' lang='lat' dir='ltr'>ex</span> <span class='ocrx_word' id='word_1_257' title='bbox 874 2272 1025 2309; x_wconf 87' lang='lat' dir='ltr'>occulto</span> <span class='ocrx_word' id='word_1_258' title='bbox 1054 2277 1092 2308; x_wconf 87' lang='lat' dir='ltr'>et</span> <span class='ocrx_word' id='word_1_259' title='bbox 1121 2269 1254 2322; x_wconf 89' lang='lat' dir='ltr'>procul</span> <span class='ocrx_word' id='word_1_260' title='bbox 1280 2269 1426 2306; x_wconf 87' lang='lat' dir='ltr'>levibus</span> 
     </span>
     <span class='ocr_line' id='line_1_40' title="bbox 312 2332 1426 2387; baseline -0.006 -12"><span class='ocrx_word' id='word_1_261' title='bbox 312 2338 396 2376; x_wconf 79' lang='lat' dir='ltr'>telis</span> <span class='ocrx_word' id='word_1_262' title='bbox 426 2337 684 2379; x_wconf 81' lang='lat' dir='ltr'>vulnerantur,</span> <span class='ocrx_word' id='word_1_263' title='bbox 705 2349 789 2380; x_wconf 87' lang='lat' dir='ltr'>nec,</span> <span class='ocrx_word' id='word_1_264' title='bbox 815 2349 890 2387; x_wconf 85' lang='lat' dir='ltr'>quo</span> <span class='ocrx_word' id='word_1_265' title='bbox 920 2342 1031 2373; x_wconf 90' lang='lat' dir='ltr'>ruant</span> <span class='ocrx_word' id='word_1_266' title='bbox 1060 2347 1162 2373; x_wconf 87' lang='lat' dir='ltr'>caeco</span> <span class='ocrx_word' id='word_1_267' title='bbox 1189 2335 1336 2386; x_wconf 84' lang='lat' dir='ltr'>inpetu,</span> <span class='ocrx_word' id='word_1_268' title='bbox 1357 2332 1426 2369; x_wconf 88' lang='lat' dir='ltr'>ha-</span> 
     </span>
    </p>
   </div>
  </div>
 </body>
</html>
