1546 2648
476 130 627 166 „minu
660 128 765 158 xer.
1095 116 1174 156 601

66 223 174 272 dique
192 227 424 267 commeatus
443 225 623 266 venturos
639 233 650 263 3
683 216 755 267 ipsi
781 220 922 259 autem,
943 214 1177 267 consumptis

64 288 191 339 priore
210 279 339 327 aestate
369 298 451 334 quae
485 287 696 334 praeparata
725 282 899 324 fuissent,
925 281 1095 318 omnium
1120 291 1180 317 re-

65 364 148 389 rum
170 352 337 400 inopiam
357 349 449 385 fore.

118 417 347 466 Perpernam
368 415 405 450 in
429 413 656 449 maritimam
682 412 876 460 regionem
906 409 974 446 sub
1043 410 1069 434 ÷÷
1153 408 1178 432 κ’

67 481 90 504 ἦ
175 486 255 515 tum
349 479 373 502 ἥ
471 479 496 502 *k
591 478 614 501 ἐξ
698 478 722 500 ἈΨ
814 488 835 510 a
854 474 948 523 geri,
969 485 1053 509 cum
1073 471 1119 509 ab
1140 483 1180 507 se

65 548 377 596 oppugnarentur
397 540 578 578 Celtiberi
607 547 648 576 ut
759 542 783 565 ἕ·
906 540 931 564 ³¹·
1032 540 1057 564 ‘³⁶
1153 535 1179 560 ᾗ

66 610 91 634 ἢε-
204 609 227 633 ÷e
352 606 463 642 armis
587 607 612 630 ἦε
735 606 759 629 x·
880 603 907 628 -ie
1018 603 1043 627 ἦε
1153 602 1179 626 «κν

67 685 163 709 aemu
301 671 324 693 ÷÷
463 671 486 692 ἦ
626 668 649 691 ÷÷
756 666 1033 703 maritimamne
1059 678 1178 708 oram,

67 742 111 773 ut
130 735 341 786 Pompeium
371 734 417 770 ab
451 733 675 774 Ilercaonia,
705 738 741 768 et
762 731 1011 768 Contestania
1039 736 1178 773 arceat,

68 806 225 848 utraque
253 798 356 834 socia
385 802 509 846 gente,
531 809 579 832 an
599 796 644 832 ad
664 794 862 831 Metellum
883 800 921 830 et
938 793 1181 829 Rusitauiam

71 862 335 911 (Lusitaniam)
358 874 397 897 se
417 861 636 897 convertat?
665 859 760 895 Haec
780 871 907 895 secum
926 859 1074 906 agitans
1095 858 1182 894 Ser-

69 928 189 963 torius
219 932 355 975 praeter
388 924 574 960 Hiberum
606 936 754 959 amnem
784 935 851 973 per
882 929 1036 974 pacatos
1070 934 1181 970 agros

71 989 241 1040 quietum
260 988 466 1025 exercitum
487 988 566 1023 sine
587 986 695 1022 ullius
725 999 827 1023 noxa
848 988 967 1024 duxit.
1024 985 1183 1023 Profec-

71 1060 132 1089 tus
151 1053 238 1088 iude
258 1053 297 1088 in
326 1052 581 1093 Bursaonum,
612 1057 650 1086 et
670 1051 989 1087 Casuantinorum
1009 1051 1183 1099 (Cascan-

73 1116 246 1160 tinorum)
267 1122 304 1151 et
313 1115 672 1151 Graccuritanorum
692 1113 799 1157 fines,
814 1115 990 1151 evastatis
1011 1114 1185 1152 omnibus

71 1179 375 1230 proculcatisque
399 1177 596 1227 segitibuS‚
617 1178 664 1213 ad
684 1177 901 1226 Calagurim
922 1178 1101 1215 Nasicam
1121 1191 1183 1215 so*

71 1243 216 1279 ciorum
236 1241 367 1278 urbem
386 1241 491 1277 benit
506 1257 515 1286 3
543 1241 672 1289 (venit)
694 1246 1020 1291 transgressusque
1034 1255 1185 1280 amnem

72 1307 327 1357 propinquum
349 1306 446 1349 urbi,
468 1312 585 1356 ponte
603 1305 722 1350 facto,
743 1312 866 1343 castra
884 1307 1024 1356 posuit.

125 1369 287 1405 Postero
320 1369 379 1405 die
404 1368 461 1405 M.
480 1368 648 1405 Masium
678 1375 903 1418 quaestorem
936 1370 976 1405 in
1001 1370 1185 1414 Arvacos,

75 1432 285 1481 (Arevacos)
309 1438 345 1468 et
366 1432 597 1468 Cerindones
621 1432 876 1481 (Pelendones)
899 1433 1001 1469 misit
1027 1433 1072 1469 ad
1092 1446 1187 1470 con-

73 1495 290 1532 scribendos
323 1507 370 1531 ex
399 1495 443 1530 iis
481 1494 658 1543 gentibus
696 1496 848 1539 milites,
880 1496 1188 1546 frumentumque
1236 1543 1242 1548 ,

73 1558 162 1595 inde
191 1557 436 1594 Contrebiam
463 1571 554 1606 quae
574 1557 750 1596 Leucada
777 1558 1001 1609 appellatur,
1023 1573 1190 1610 conpor-

74 1621 245 1663 tandum,
279 1627 415 1670 praeter
444 1634 556 1670 quam
593 1621 724 1658 urbem
761 1623 1104 1672 opportunissimus
1142 1636 1190 1661 ex

75 1684 290 1722 Beronibus
310 1686 490 1722 transitus
514 1691 595 1722 erat
621 1687 661 1722 in
691 1698 965 1736 quamcumque
994 1689 1189 1736 regionem

75 1749 210 1786 ducere
242 1749 450 1785 exercitum
482 1750 702 1795 statuisset5
744 1757 783 1786 et
812 1751 856 1787 C.
889 1750 1072 1788 Instelum
1106 1753 1188 1800 (In-

74 1815 203 1849 steium
220 1826 254 1850 υ.
271 1812 708 1862 Ιτιεέρὶαῑπῗρι·ωξεοῐυω
727 1813 896 1862 equitum
915 1815 1131 1863 Segoviam,
1151 1821 1192 1852 et

75 1877 116 1913 in
133 1877 367 1913 Vacreorum
384 1877 613 1931 wacaeorum
632 1876 691 1912 vel
711 1878 951 1925 Vaccaeorum)
974 1885 1127 1927 gentem
1143 1879 1190 1916 ad

77 1942 248 1990 equitum
276 1940 593 1988 conquisitionem
624 1941 739 1984 misit,
763 1941 913 1991 jussum
939 1956 1024 1979 cum
1051 1943 1189 1992 equiti-

74 2003 145 2042 bus
166 2003 384 2040 Contrebiae
404 1991 484 2042 sese
507 2005 683 2054 opperiri.
739 2005 916 2042 Dimissis
937 2007 980 2042 iis
1000 2007 1080 2057 ipse
1099 2020 1188 2058 pro-

77 2067 213 2111 fectus,
234 2080 301 2118 per
320 2067 538 2104 Umcouum
558 2070 792 2118 (Vasconum)
815 2083 947 2119 agrum
977 2071 1092 2108 ducto
1122 2084 1188 2109 ex-

78 2131 211 2174 ercitu,
243 2132 282 2166 in
311 2131 477 2166 confinio
503 2132 688 2168 Vironum
717 2135 932 2182 (Beronum)
961 2135 1089 2186 posuit
1108 2147 1190 2172 cas-

30 2204 33 2205 ’
76 2199 148 2231 tra.
206 2193 365 2229 Postero
395 2194 454 2229 die
487 2207 571 2231 cum
601 2196 789 2245 equitibus
811 2210 1038 2249 praegressus
1062 2199 1109 2236 ad
1127 2199 1191 2235 iti-

75 2269 166 2294 nera
198 2257 443 2307 exploranda,
465 2257 576 2308 jusso
604 2261 731 2311 pedite
750 2262 935 2312 quadrato
954 2263 1106 2312 agmine
1131 2275 1190 2300 se-

130 2319 232 2357 V01„
252 2320 321 2360 IV.
634 2325 673 2362 D
688 2324 714 2361 d
