1546 2648
360 184 520 213 LIBER
546 183 629 211 XL.
663 182 771 211 CAP.
795 182 878 211 XV.
1096 182 1175 228 237

63 277 159 312 sitan
183 276 339 318 debeam,
359 276 442 324 quia
470 275 588 310 minor
614 286 705 316 sum,
726 275 810 322 quia
840 278 878 309 tu
897 285 952 309 me
972 274 1100 320 majori
1118 287 1173 311 ce·
1190 276 1230 306 U.
1243 276 1280 306 C.
1294 285 1367 314 57⁰-

65 341 148 376 dere
173 342 225 376 vis
238 357 251 384 ,·
279 341 329 376 sic
356 340 449 376 illud
476 351 540 374 nec
559 338 660 374 debui
672 337 816 386 facere,
837 349 901 374 nec
920 339 1038 381 debeo,
1058 345 1100 374 ut
1118 341 1173 375 in·
1186 319 1226 351 A'
1242 319 1279 351 Ο·
1297 329 1369 355 ¹⁸²·

63 405 191 451 dignus
219 409 252 440 te
274 409 393 453 patre,
414 405 580 450 indignus
598 402 756 438 omnibus
773 403 921 438 videar:
952 403 990 438 id
1008 404 1102 439 enim
1120 406 1174 439 vi·-

63 469 122 507 tiis
138 470 236 510 meis,
255 480 327 504 non
342 468 507 509 cedendo,
525 468 582 502 cui
591 464 655 511 jus
661 465 799 514 fasque
818 470 882 508 cst,
899 477 968 501 non
988 468 1172 509 modestia,

62 542 264 579 consequar.
322 531 504 567 Romanos
532 529 652 575 objicis
678 529 779 571 mihi,
801 533 835 564 et
862 540 916 571 ea,
948 542 1024 577 quae
1048 530 1175 576 gloriae

61 606 132 630 esse
151 595 288 638 debent,
311 596 346 631 in
365 596 497 631 crimen
516 595 635 629 vertis.
691 593 785 640 Ego,
806 605 869 628 nec
885 592 980 628 obses
997 593 1174 630 Romanis

60 663 101 694 ut
129 660 302 703 traderer,
322 672 385 696 nec
413 664 453 696 ut
473 660 610 706 legatus
627 659 787 694 mitterer
805 656 974 699 Romam,
1000 659 1121 705 petii:
1149 671 1173 693 a

62 726 97 758 te
124 724 249 759 missus
276 726 328 759 ire
355 709 424 759 nori
452 723 640 758 recusavi:
668 725 818 769 utroque
847 725 1003 768 tempore
1033 723 1084 757 ita
1118 733 1173 767 me

57 787 163 833 gessi,
183 799 227 822 ne
255 787 318 822 tibi
345 787 489 834 pudori,
510 797 553 821 ne
580 796 687 832 regno
718 789 792 827 tuo,
812 796 856 819 ne
880 786 980 831 genti
998 785 1172 820 Macedo-

60 862 145 886 num
163 862 282 887 essem.
315 852 444 898 Itaque
462 850 550 886 mihi
569 862 647 885 cum
669 850 842 884 Romanis
862 850 1029 885 amicitioe
1048 861 1174 885 caussa

60 918 99 950 tu
114 914 241 963 fuisti,
267 919 384 963 pater.
445 914 572 955 Quoad
593 918 707 949 tecum
728 914 799 948 illis
813 925 889 960 pas:
910 913 1075 956 manebit,
1096 925 1171 949 me-

60 989 139 1014 cum
155 990 292 1026 quoque
307 979 430 1026 gratia
450 979 543 1013 erit:
570 978 600 1012 si
619 977 749 1012 bellum
769 988 840 1011 esse
859 978 1014 1024 cooperit,
1032 978 1093 1024 qui
1112 977 1170 1012 oh-

56 1053 120 1085 ses,
141 1044 202 1090 qui
221 1044 360 1091 legatus
374 1055 442 1090 pro
470 1046 576 1089 patre
600 1053 670 1077 non
697 1042 835 1077 inutilis
845 1040 926 1089 fici,
949 1042 1042 1076 idem
1062 1040 1172 1076 hostis

58 1106 131 1141 illis
149 1108 340 1142 acerrimus
369 1118 441 1141 ero.
499 1106 575 1141 Nec
594 1105 711 1147 hodie,
738 1109 778 1140 ut
805 1106 920 1151 prosit
946 1104 1034 1139 milii
1049 1105 1172 1151 gratia

60 1169 322 1213 Romanorum,
339 1171 508 1219 postulo3
537 1181 581 1205 ne
603 1169 705 1211 obsit,
727 1173 867 1204 tantum
887 1169 1080 1216 deprecor:
1107 1180 1172 1204 nec

58 1234 95 1269 in
114 1234 204 1270 bello
224 1236 340 1282 coepit,
361 1247 423 1270 nec
441 1235 490 1269 ad
509 1234 639 1269 bellum
658 1237 868 1269 reservatur.
917 1233 1026 1268 Pacis
1040 1234 1175 1280 pignus

48 1296 129 1346 fui,
149 1299 199 1333 ad
221 1310 350 1346 pacem
376 1299 596 1333 retinendam
617 1297 754 1344 legatus
772 1298 897 1332 missus
914 1308 991 1331 sum
1004 1312 1016 1331 .·
1044 1300 1172 1331 neutra

58 1373 114 1396 res
130 1361 220 1397 milii
246 1373 311 1397 nec
326 1361 465 1408 gloz-tce,
486 1372 549 1395 nec
578 1362 718 1395 crimini
735 1361 792 1395 sit.
850 1361 942 1406 Ego,
963 1360 992 1394 si
1012 1360 1097 1407 quid
1114 1360 1170 1394 in-

58 1428 117 1475 pie
143 1428 182 1462 in
210 1431 257 1469 te,
275 1431 394 1474 pater,
415 1427 446 1461 si
479 1427 564 1473 quid
589 1426 760 1461 scelerate
787 1426 822 1460 in
838 1423 1002 1472 fratrem
1027 1425 1168 1467 admisi,

57 1492 196 1527 nullam
224 1493 393 1539 deprecor
417 1502 558 1538 poenam
572 1506 584 1527 .·
611 1492 642 1526 si
671 1492 833 1525 innocens
860 1501 952 1530 sum,
974 1500 1015 1524 ne
1035 1489 1171 1524 invidia

58 1556 282 1605 corfiagrem,
303 1568 412 1604 quum
431 1556 576 1591 crimine
595 1567 664 1591 non
680 1556 826 1602 possim,
848 1555 1028 1601 deprecor.
1078 1553 1170 1588 »Νοη

60 1619 165 1655 hodie
188 1632 245 1656 ‘me
269 1622 428 1667 primum
446 1618 573 1667 frater
602 1623 766 1655 accusat:
794 1619 857 1654 sed
879 1618 983 1653 hodie
1009 1618 1170 1664 primum

58 1689 195 1732 aperte,
215 1686 315 1720 nullo
334 1697 410 1720 meo
428 1687 464 1722 in
484 1695 520 1719 se
537 1685 675 1720 merito.
732 1683 774 1718 Si
793 1682 881 1718 milii
896 1686 1002 1729 pater
1025 1692 1169 1716 succen-

56 1754 161 1793 seret,
179 1754 212 1786 te
230 1748 400 1796 majorem
408 1750 571 1799 fratrem
588 1761 656 1797 pro
672 1749 804 1784 minore
823 1747 1008 1795 deprecari
1027 1751 1167 1794 oporte-

58 1814 131 1857 bat,
153 1819 187 1850 te
205 1815 462 1857 adolescentiae,
485 1819 518 1850 te
536 1815 651 1849 errori
669 1815 808 1849 veniam
829 1813 1010 1859 inpetrare
1022 1826 1035 1846 .·
1056 1812 1093 1846 in
1112 1822 1166 1853 eo,

56 1879 116 1915 ubi
138 1880 346 1927 praesidium
365 1891 436 1915 esse
454 1878 653 1927 oportebat,
675 1877 722 1912 ibi
741 1877 889 1912 exitium
912 1880 974 1911 est.
1030 1874 1065 1909 E
1084 1886 1167 1911 con-

55 1947 148 1982 vivio
175 1951 211 1982 et
238 1945 537 1981 comissationibus
562 1954 676 1991 prope
702 1943 929 1978 semisomnus
946 1944 1072 1988 raptus
1088 1951 1167 1975 sum

57 2009 108 2045 ad
134 2021 294 2045 caussam
319 2009 510 2057 parricidii
529 2007 741 2043 dicendam:
768 2007 842 2040 sine
869 2004 1063 2044 advocatis,
1093 2003 1167 2043 sine

54 2073 230 2120 patronis,
249 2073 324 2120 ipse
343 2084 408 2120 pro
428 2082 482 2107 me
501 2071 617 2106 dicere
636 2081 752 2115 cogor.
810 2067 852 2103 Si
867 2079 935 2115 pro
954 2068 1028 2102 alio
1047 2067 1165 2101 dicen-

60 2136 144 2171 dum
172 2141 271 2180 esset,
306 2141 443 2184 tempus
468 2137 517 2171 ad
547 2134 794 2170 ¹meditandum
823 2137 857 2168 et
889 2132 1167 2180 componendam

58 2199 253 2234 orationem
279 2201 487 2242 sumsissem,
516 2210 625 2245 quum
653 2198 738 2245 quid
765 2196 879 2238 aliud,
901 2207 1005 2243 quam
1035 2195 1168 2242 ingenii

47 2261 173 2310 fama,
197 2264 423 2310 periclitarer
439 2265 459 2299 :9
484 2263 652 2310 Ignarus,
679 2261 765 2309 quid
790 2261 972 2296 arcessitus
991 2271 1110 2301 essem,
1133 2263 1170 2294 te

15 2328 29 2359 f
55 2327 188 2363 iratum
207 2331 242 2363 et
260 2325 446 2373 jubentem
474 2328 590 2363 dicere
618 2337 793 2368 caussam,
813 2324 975 2373 fratrem
995 2333 1166 2360 accusan-
