1546 2648
304 132 457 161 mmm
482 131 622 162 xmv.
655 131 764 161 CAP.
786 131 944 163 xxxv.
1101 121 1184 176 465

77 220 159 271 ripa
184 221 322 271 posita,
342 234 443 258 nunc
470 221 518 258 ad
546 220 838 271 contemplanda
870 234 985 272 opera
1013 234 1081 259 sua
1112 223 1183 259 cir·
1197 220 1378 251 U·C·⁵84·

76 286 217 322 cumire
236 286 382 329 ducem,
402 286 505 322 haud
523 285 636 322 dubie
654 285 835 322 transitus
856 285 1128 336 speculantem,
1196 266 1238 295 A.
1251 263 1287 295 ς’
1304 269 1378 295 ¹⁶⁸⁰

335 363 359 387 -κ
523 363 549 387 -w
711 363 736 386 at-
901 364 926 386 ᾗ

75 423 210 449 norum
229 425 320 451 esse.

127 476 300 515 XXXV.
344 478 440 518 Quae
459 491 518 516 res
537 478 724 515 Romanis
746 478 852 515 auxit
870 479 1032 522 animos,
1052 478 1185 518 Mace-

73 540 235 578 donibus
255 543 409 594 regique
435 556 565 580 eorum
584 544 686 580 haud
704 544 931 581 mediocrem
951 543 1088 580 adtulit
1106 550 1183 580 tei·-

73 616 209 642 rorem.
255 605 308 642 Et
326 607 449 656 primo
469 606 701 658 subprimere
719 608 759 643 in
775 606 926 644 occulto
943 607 1084 645 famam
1103 606 1184 658 ejus

73 670 130 705 rei
151 676 209 706 est
234 676 406 713 conatus,
427 671 564 715 miss1s,
593 672 657 721 qui
683 671 946 708 Pantauchum
976 671 1062 708 inde
1080 672 1186 708 veni-

75 739 201 769 entem
227 734 529 785 adpropinquare
560 736 691 772 castris
720 740 915 772 vetarent:
949 736 1015 771 sed
1035 735 1119 786 jam
1148 741 1187 772 et

73 797 181 846 pueri
200 797 352 846 quidam
372 799 439 834 visi
460 799 507 834 ab
524 800 600 834 suis
620 805 729 835 erant
746 799 849 835 inter
868 798 1017 835 obsides
1034 798 1185 848 Illyrios

74 858 201 895 ducti:
234 866 285 903 et,
306 873 381 909 quo
401 874 559 910 quaeque
578 862 794 898 adcuratius
815 867 1007 905 curantur,
1026 874 1072 898 eo
1090 861 1186 899 faci-

74 923 146 960 lius
182 924 414 975 loquacitate
449 927 641 975 regiorum
688 928 948 963 ministrorum
995 933 1184 965 emanant.

74 988 152 1025 Sub
173 990 270 1026 idem
291 997 437 1041 tempus
458 990 602 1027 Rhodii
628 991 746 1040 legati
778 992 816 1027 in
851 997 975 1028 castra
1002 997 1187 1028 venerunt
1198 995 1374 1045 Rhoffiile-

1149 1069 1186 1092 m
1199 1046 1260 1079 gan
1274 1049 1306 1069 m
1319 1048 1389 1069 cas-

75 1065 163 1088 cum
180 1054 313 1090 iisdem
332 1055 377 1091 de
397 1068 489 1105 pace
511 1055 714 1100 mandatis,
735 1068 817 1104 quae
836 1054 973 1092 Romae
991 1056 1146 1104 ingente
1199 1090 1245 1114 tra
1254 1082 1401 1113 venium.

76 1117 171 1152 iram
189 1117 346 1154 Patrum
363 1120 586 1156 excitavere.
631 1119 761 1156 Multo
780 1120 1031 1169 iniquioribus
1051 1121 1186 1156 animis

76 1193 99 1216 a
118 1183 300 1218 castrensi
326 1183 487 1219 consilio
516 1184 635 1221 auditi
655 1190 755 1220 sunt.
811 1182 946 1234 Itaque
980 1196 1095 1233 quum
1124 1184 1189 1220 alii

75 1246 287 1296 praecipites
313 1247 394 1283 sine
413 1260 596 1298 responso
618 1250 642 1274 ἕ·
664 1248 830 1297 agendos
852 1248 998 1292 castris,
1017 1260 1188 1299 pronun-

75 1309 201 1354 ciavit,
217 1316 305 1361 post
320 1311 420 1348 diem
439 1313 802 1361 quintumdecimum
821 1325 860 1349 se
879 1325 1102 1363 responsum
1121 1313 1189 1350 da-

74 1379 213 1411 turum.
270 1374 444 1418 Interim,
465 1382 507 1411 ut
527 1376 738 1426 adpareret,
769 1383 953 1425 quantum
983 1376 1188 1428 pacifican-

75 1440 171 1476 tium
188 1437 429 1476 Rhodiorum
459 1440 666 1476 auctoritas
689 1439 884 1484 valuisset,
907 1439 1122 1477 consultare
1142 1440 1188 1476 de

75 1504 224 1540 ratione
252 1503 342 1540 belli
372 1506 526 1553 gerendi
555 1506 684 1555 coepit.
739 1505 922 1543 Placebat
948 1506 1186 1556 quibusdam,
1200 1518 1340 1557 Consilia
1353 1520 1392 1550 de

77 1575 116 1604 et
134 1570 297 1605 maxime
316 1570 523 1620 majoribus
543 1577 650 1614 natu,
678 1583 746 1620 per
762 1570 903 1620 Enipei
921 1571 1042 1620 ripam
1061 1571 1186 1607 muni·
1199 1561 1297 1594 belk’·

74 1632 274 1682 tionesque
304 1634 380 1669 vim
415 1633 562 1670 facere:
609 1633 777 1683 confertis
808 1638 844 1670 et
873 1635 945 1670 vim
963 1632 1189 1682 facientibus

75 1698 235 1733 resistere
265 1698 486 1735 Macedonas
514 1711 583 1735 non
613 1711 742 1747 posse:
776 1710 818 1735 ex
850 1703 904 1734 tot
935 1699 1088 1735 castellis
1120 1699 1190 1735 ali·

75 1767 207 1810 quanto
225 1764 409 1799 altioribus
427 1776 470 1799 ac
486 1763 746 1806 munitioribus,
765 1775 843 1811 quoe
859 1763 990 1799 validis
1012 1763 1192 1810 praesicliis

73 1827 291 1871 insedissent,
307 1830 430 1876 priore
447 1840 540 1864 anno
558 1827 708 1874 dejectos
721 1843 733 1864 .·
758 1826 840 1862 aliis
860 1824 1048 1876 placebat,
1069 1825 1189 1863 Octa·

75 1890 177 1926 vium
206 1903 291 1927 cum
317 1891 435 1929 classe
453 1891 766 1928 Thessalonicam
790 1897 933 1940 petere,
961 1897 998 1926 et
1026 1890 1188 1940 popula-

74 1953 180 1990 tione
198 1955 396 1991 maritimae
423 1968 498 1991 01·ae
530 1955 757 2002 distringere
787 1953 915 2003 copias
946 1953 1096 2001 regias:
1129 1962 1185 1997 ut,

77 2015 196 2053 altero
215 2017 262 2053 ab
282 2025 392 2067 tergo
419 2031 459 2055 se
485 2018 710 2054 ostendente
734 2016 850 2059 bello,
872 2016 1119 2052 circumactus
1140 2016 1187 2052 ad

77 2082 296 2119 interiorem
330 2091 476 2134 partem
509 2084 618 2133 regni
650 2083 844 2126 tuendam,
881 2082 1025 2118 nudare
1061 2081 1187 2131 aliqua

76 2152 184 2195 parte
215 2149 395 2184 transitus
426 2149 567 2198 Enipei
600 2154 812 2196 cogeretur.
869 2145 948 2196 Ipsi
980 2151 1118 2182 natura
1150 2152 1189 2182 et

77 2208 265 2259 operibus-
274 2210 583 2261 inexsuperabilis
599 2212 682 2261 ripa
700 2209 897 2247 videbatur
915 2224 922 2245 :
956 2215 1007 2253 et,
1033 2217 1188 2260 praeter-

76 2285 187 2322 quam
207 2273 308 2324 quod
326 2279 517 2312 tormenta
536 2275 677 2323 ubique
696 2274 881 2326 disposita
904 2280 1043 2317 essent,
1064 2273 1187 2310 missi-

582 2338 663 2376 Χῖ)
