1546 2648
311 192 467 222 LIBER
491 191 677 221 xxxlx.
711 193 819 221 CAP.
842 194 958 224 Lm.
1109 197 1189 241 213

77 284 151 320 ⁴tris
178 284 380 321 Africanus
406 284 563 320 fuisset:
596 296 672 333 qno
700 284 802 327 vivo,
822 285 895 320 nisi
917 291 958 321 ut
976 284 1039 322 ille
1058 293 1191 324 senatu
1203 285 1295 317 U·C·
1313 289 1386 318 569.

83 355 310 393 moveretur,
340 361 453 398 quam
483 354 613 385 notam
643 361 757 385 nemo
787 350 978 386 memoriae
1011 329 1296 401 prodidit,A'c'
1318 333 1391 360 ηδ’

84 411 177 448 alius
199 413 371 462 princeps
393 414 432 449 in
451 411 576 448 locum
597 411 676 462 ejus
703 411 822 448 lectus
847 425 925 448 non
946 421 1056 450 esset.
1112 416 1194 452 An-

83 476 215 512 tiatem
234 483 428 514 auctorem
448 475 586 512 refellit
606 475 780 512 tribunus
807 474 927 525 plebis
946 476 1003 514 M.
1023 477 1194 523 Naevius,

82 539 257 576 adversus
277 553 388 590 quem
405 540 529 576 oratio
549 540 732 589 inscripta
751 539 794 576 P.
810 539 982 575 Africani
1002 547 1071 578 est.
1118 541 1196 579 Hic

81 602 236 640 Naevius
265 605 305 641 in
334 605 624 653 magistratuum
645 603 749 640 libris
770 610 827 639 est
854 603 1028 640 tribunus
1058 604 1195 655 plebis,

81 665 125 703 P.
143 666 318 711 Claudio,
340 668 386 705 L.
406 668 545 704 Porcio
565 666 804 703 consulibus:
837 667 901 703 sed
917 667 1002 703 iniit
1022 667 1194 706 tribuna-

81 736 177 774 tum,
207 732 282 782 Ap.
303 731 478 775 Claudio,
508 731 564 768 M.
588 730 813 780 Sempronio
843 730 1075 774 consulibus,
1107 739 1196 769 ante

81 794 180 831 diem
198 803 374 844 quartum
396 796 483 832 Idus
504 795 756 832 Decembres:
780 795 866 831 inde
887 801 960 832 tres
982 809 1128 832 meuses
1148 797 1198 833 ad

81 856 170 894 Idus
190 859 352 896 Martias
381 866 492 904 sunt5
526 859 661 908 quibus
690 858 732 895 P.
755 858 949 900 Claudius,
970 859 1016 896 L.
1036 859 1195 896 Porcius

81 922 321 960 consulatum
350 924 529 959 inierunt.
585 922 648 958 Ita
685 929 724 958 et
758 923 896 959 vixisse
929 923 966 959 in
998 924 1195 960 tribunatu

78 985 205 1022 Naevii
233 987 393 1030 videtur,
414 987 568 1035 diesque
594 987 627 1023 ei
657 986 732 1022 dici
759 987 807 1023 ab
838 999 883 1023 eo
903 988 1072 1037 potuisse
1087 1004 1097 1033 3
1130 989 1194 1024 de-

81 1051 237 1087 cessisse
265 1057 392 1087 autem
418 1057 506 1087 ante
534 1050 581 1087 L.
602 1050 744 1087 Valerii
780 1057 818 1087 et
835 1050 892 1088 M.
913 1051 1041 1088 Porcii
1060 1064 1194 1088 censu-

80 1126 174 1150 ram.
229 1114 363 1151 Trium
383 1114 677 1150 clarissimorum
697 1127 774 1150 suae
793 1113 975 1164 cujusque
995 1116 1119 1163 gentis
1138 1116 1195 1151 v-i-

79 1189 208 1214 rorum
227 1191 306 1215 non
334 1180 454 1228 magis
475 1185 647 1229 tempore
667 1185 902 1227 congruente
929 1179 1194 1229 comparabilis

78 1253 180 1278 mors
214 1242 363 1279 videtur
392 1255 487 1285 esse,
512 1255 626 1291 quam
660 1242 761 1291 quod
795 1255 909 1278 nemo
939 1255 1070 1279 eorum
1103 1243 1194 1279 satis

79 1305 238 1354 dignum
270 1307 470 1357 splendore
496 1308 584 1343 vitae
619 1307 764 1342 exitum
795 1306 942 1343 habuit.
999 1306 1087 1343 Jam
1116 1307 1194 1357 pri-

81 1381 185 1406 mum
204 1384 334 1408 omnes
354 1384 433 1407 non
453 1372 491 1407 in
512 1372 637 1421 patrio
667 1370 750 1406 solo
780 1371 937 1413 mortui,
957 1384 1026 1407 nec
1056 1371 1195 1421 sepulti

82 1441 194 1472 sunt:
234 1448 382 1472 veneno
411 1435 576 1472 absumti
605 1434 803 1471 Hannibal
832 1440 870 1470 et
898 1434 1190 1485 Philopoemen3

82 1498 189 1534 exsul
208 1499 419 1543 Hannibal,
439 1500 611 1549 proditus
632 1499 679 1535 ab
695 1499 846 1549 hospite
867 1515 877 1544 3
910 1505 1041 1548 captus
1062 1499 1196 1535 Philo-

82 1574 234 1612 poemen
254 1563 292 1599 in
313 1576 461 1599 carcere
480 1570 519 1599 et
537 1564 575 1599 in
596 1563 755 1599 vinculis
775 1563 992 1613 exspiravit.
1049 1563 1194 1613 Scipio,

83 1627 155 1662 etsi
175 1639 253 1663 non
273 1627 393 1671 exsul,
413 1640 536 1677 neque
555 1627 768 1670 damnatus,
785 1627 846 1663 die
864 1634 991 1663 tamen
1012 1626 1126 1670 dicta,
1147 1628 1196 1665 ad
1240 1662 1245 1667 ,

84 1703 196 1740 quam
213 1705 289 1729 non
306 1691 480 1729 adfuerat
497 1705 596 1736 reus,
613 1693 748 1729 absens
769 1693 922 1734 citatus,
938 1691 1196 1729 voluntarium

81 1767 161 1792 non
181 1755 334 1793 sibimet
357 1756 438 1807 ipse
462 1756 600 1800 solum,
620 1757 686 1792 sed
704 1756 819 1792 etiam
847 1755 971 1792 funeri
990 1767 1074 1799 suo,
1096 1755 1195 1792 exsi-

81 1817 173 1856 lium
190 1820 339 1859 indixit.

135 1883 249 1923 LIII.
278 1885 382 1922 Dum
402 1898 448 1922 ea
470 1887 510 1922 in
539 1886 808 1936 Peloponneso
831 1886 871 1934 (a
888 1885 1023 1935 quibus
1044 1885 1199 1921 divertit

85 1949 225 1995 oratio)
248 1956 445 1998 geruntur,
469 1949 612 1986 reditus
642 1951 682 1986 in
709 1949 978 1986 Macedoniam
1008 1948 1198 1984 Demetrii

84 2009 370 2062 legatorumque
389 2012 499 2049 aliter
518 2013 681 2049 aliorum
700 2013 892 2049 adfecerat
911 2012 1057 2048 animos
1074 2027 1082 2047 ε
1113 2011 1196 2048 vul·

86 2087 152 2124 gus
172 2075 441 2120 Macedonum,
463 2089 558 2126 quos
588 2077 680 2113 belli
701 2077 748 2114 ab
769 2077 956 2113 Romanis
976 2075 1198 2112 inminentis

87 2145 207 2175 metus
244 2146 442 2185 terruerat,
477 2140 731 2184 Demetrium,
770 2147 812 2176 ut
844 2141 948 2190 pacis
987 2145 1197 2181 auctorem,

88 2214 173 2237 cum
191 2203 337 2251 ingenti
355 2205 484 2242 favore
499 2205 788 2255 conspiciebant
803 2219 810 2241 ε
835 2203 946 2241 simul
962 2210 999 2239 et
1015 2215 1080 2252 spe
1096 2201 1199 2238 haud

65 2264 204 2302 ‚dubia
231 2279 388 2315 regnum
416 2270 452 2306 ei
480 2275 570 2320 post
597 2275 761 2305 mortem
789 2268 908 2318 patris
942 2265 1198 2303 destinabant.

90 2329 200 2373 Nam,
218 2321 285 2367 etsi
304 2333 418 2370 minor
445 2337 565 2378 oetate,
585 2345 692 2382 quam
712 2333 878 2375 Perseus,
899 2334 999 2375 esset,
1019 2330 1113 2366 hunc
1141 2333 1200 2377 taff
