1546 2648
318 158 475 188 LIBER
500 158 707 190 XXXVII.
739 161 847 191 CAP.
873 161 1072 193 xxvnl.
1197 164 1255 209 35

135 244 182 283 ab
202 251 311 295 tergo
327 247 431 284 urbis
458 254 527 291 est,
552 248 821 297 (Geraesticum
849 250 922 301 ipsi
951 250 1159 301 adpellant)
1181 265 1250 290 na·
1273 258 1366 290 U.C.
1384 264 1459 291 562.

133 309 241 347 vibus
263 313 496 356 constitutis,
515 320 657 364 praetor
675 314 724 351 ad
742 314 1049 366 depopulandum
1069 317 1170 354 circa
1189 330 1251 354 ur-
1278 303 1367 336 A·C'
1387 311 1458 338 ¹⁹⁰·

132 374 219 412 bem
240 389 371 426 agrum
392 379 531 415 milites
552 380 689 417 emisit.

186 443 384 482 XXVIII.
414 446 513 490 Teii,
538 460 654 496 quum
683 448 723 483 in
754 448 874 485 oculis
904 448 1105 500 populatio
1138 457 1252 495 esset,

134 514 304 562 oratores
343 523 429 546 cum
461 511 590 547 infulis
622 518 660 548 et
694 511 915 549 velamentis
953 514 1000 550 ad
1033 513 1255 552 Romanum

134 573 343 611 miserunt:
377 576 512 625 quibus
530 577 783 627 purgantibus
805 578 997 615 civitatem
1018 579 1141 615 omnis
1161 580 1255 616 facti

134 636 300 688 dictique
333 640 483 677 hostilis
515 642 692 679 adversus
729 643 943 687 Romanos,
975 650 1010 681 et
1031 643 1167 691 juvisse
1197 657 1256 681 eos

134 709 333 741 commeatu
371 707 515 743 classem
546 707 700 744 hostiam
733 709 873 757 arguit,
906 714 942 744 et
973 715 1150 758 quantum
1180 710 1259 746 vini

134 767 367 816 Polyxenidae
389 773 660 818 promisissent:
689 785 766 821 quae
793 775 824 808 si
843 774 967 809 eadem
996 775 1099 810 classi
1119 774 1256 810 Roma-

131 844 186 868 παῖ
205 835 346 877 darent,
367 841 614 872 revocaturum
634 849 670 873 se
695 850 718 872 (ι
736 839 975 886 populatione
998 840 1147 876 militem
1162 856 1174 883 ,-
1202 841 1258 875 sin

131 899 262 941 ηιὶηιιε,
289 911 358 947 pro
378 900 532 937 hostibus
557 914 615 938 eos
645 902 864 940 habiturum.
920 903 1010 940 Hoc
1039 910 1118 940 tam
1146 905 1256 940 triste

132 975 355 1013 responsum
376 977 491 1014 quum
515 966 735 1004 retulissent
762 967 893 1017 legati,
914 976 1072 1005 vocatur
1090 969 1130 1004 in
1159 981 1253 1004 cou-

133 1028 282 1064 cionem
311 1042 334 1066 a
361 1031 647 1079 magistratibus
677 1031 856 1082 populus,
878 1039 933 1076 ut,
962 1033 1052 1083 quid
1081 1041 1252 1082 agerent,

134 1093 405 1132 consultarent.
434 1095 495 1132 Eo
515 1096 614 1132 forte
634 1096 890 1146 Polyxenidas
907 1111 993 1134 cum
1014 1099 1116 1148 regia
1138 1098 1256 1135 classe

136 1171 158 1194 a
179 1158 405 1210 Colophone
434 1161 642 1210 profectus,
663 1168 866 1212 postquam
895 1164 1060 1199 movisse
1089 1177 1112 1200 a
1142 1164 1257 1199 Samo

133 1221 331 1259 Romano-s
352 1226 508 1269 audivit,
531 1234 582 1269 et,
605 1227 651 1262 ad
673 1226 931 1275 Myonnesum
958 1229 1099 1278 piratas
1129 1241 1257 1278 perse-

134 1294 256 1329 cutOS,
290 1288 471 1325 Teiorum
509 1302 642 1338 agrum
680 1290 917 1340 depopulari,
953 1292 1066 1327 naves
1104 1292 1144 1327 in
1177 1291 1256 1328 Ge-

131 1352 280 1388 raestico
310 1360 424 1404 portu
454 1361 567 1398 stare,
599 1356 680 1405 ipse
713 1355 889 1391 adversus
923 1355 1182 1406 Myonnesum
1216 1357 1254 1393 in

132 1416 255 1454 insula
290 1418 458 1467 (Macrin
492 1420 637 1456 nautici
666 1421 824 1465 vocant)
860 1433 1018 1456 ancoras
1050 1429 1163 1470 portu
1188 1434 1252 1457 oc·
1266 1432 1437 1471 Polyxeni-

133 1481 235 1518 culto
248 1481 347 1533 jecit
365 1498 372 1519 z
405 1484 492 1520 inde
513 1496 558 1520 ex
578 1485 795 1534 propinquo
815 1483 1032 1534 explorans,
1053 1486 1142 1534 quid
1163 1478 1393 1549 hos-ffissffr‘iln

132 1551 189 1582 tes
218 1554 390 1596 agerent,
414 1549 538 1598 primo
565 1549 603 1584 in
631 1561 769 1598 magna
797 1561 861 1599 spe
890 1549 978 1593 fuit,
1006 1550 1253 1599 quemadmo-
1327 1541 1342 1548 ⁹
1399 1541 1405 1548 ⁶

134 1610 221 1649 dum
250 1611 444 1649 Rhodiam
472 1612 629 1649 classem
656 1613 703 1649 ad
733 1613 902 1657 Samum,
924 1614 1178 1650 circumsessis
1205 1616 1253 1651 ad

132 1679 276 1716 exitum
294 1677 466 1715 faucibus
496 1684 643 1727 portus,
665 1685 933 1728 expugnasset,
955 1679 1009 1715 sie
1039 1686 1076 1715 et
1105 1678 1252 1716 Roma-

129 1756 217 1781 nam
238 1750 568 1794 expugnaturum:
601 1756 671 1780 nec
696 1750 754 1780 est
780 1743 971 1780 dissimilis
998 1750 1135 1780 natura
1162 1737 1251 1782 loci‘.

128 1809 408 1847 Promontoriis
430 1809 654 1845 coeuntibus
676 1809 776 1845 inter
802 1821 841 1845 se
868 1810 922 1845 ita
947 1808 1134 1846 clauditur
1161 1822 1252 1860 por-

128 1880 204 1917 tus,
240 1880 282 1909 ut
312 1874 376 1909 vix
413 1872 495 1909 duae
532 1872 644 1909 simul
680 1873 767 1909 inde
804 1885 917 1909 naves
955 1873 1104 1923 possint
1136 1874 1251 1912 exire.

126 1938 255 1975 Nocte
275 1950 461 1989 occupare
481 1937 608 1973 fauces
628 1936 882 1987 Polyxenidas
910 1937 950 1972 in
972 1937 1100 1973 animo
1130 1937 1250 1974 habe-

127 2002 210 2046 bat,
248 2008 300 2045 et,
332 2002 438 2037 denis
473 2001 632 2037 navibus
666 2001 713 2037 ad
746 2001 1011 2051 promontoria
1043 2001 1248 2046 stantibus,

128 2082 212 2119 quae
229 2068 278 2105 ab
299 2074 461 2117 utroque
481 2061 600 2104 cornu
629 2068 668 2103 in
698 2067 821 2103 latera
846 2067 1064 2103 exeuntium
1094 2068 1248 2105 navium

127 2139 355 2184 pugnarent,
377 2145 422 2169 ex
443 2138 568 2169 cetera
588 2132 720 2176 classe,
742 2132 839 2168 sicut
859 2132 905 2167 ad
931 2131 1162 2168 Panormum
1188 2132 1246 2169 fe-

130 2203 246 2240 cerat,
267 2197 419 2233 armatis
446 2197 485 2233 in
514 2196 629 2233 litora
649 2196 849 2246 expositis,
869 2202 971 2231 terra
997 2195 1165 2244 marique
1195 2196 1246 2231 εἰε-

126 2260 207 2298 mul
234 2261 362 2297 hostes
386 2260 612 2311 obprimere.
670 2261 785 2300 Quod
814 2273 892 2296 non
922 2272 1060 2296 vanum
1091 2259 1125 2295 ei
1154 2272 1248 2296 con·

126 2324 252 2362 silium
279 2324 426 2370 fuisset,
450 2325 504 2370 ni,
535 2322 651 2376 quum
678 2324 765 2360 Teii
794 2323 962 2361 facturos
993 2335 1032 2361 se
1062 2323 1250 2374 imperata

202 2388 209 2395 '
683 2389 712 2425 C
735 2389 757 2426 6
