1546 2648
319 172 323 175 *
371 177 526 206 LIBER
548 176 629 205 XL.
661 175 768 204 CAP.
791 176 915 204 XXX·
1119 179 1198 222 253

87 273 172 299 eum
188 269 353 312 quaestor
371 265 420 303 Q.
440 263 612 300 Petillius
630 264 669 299 in
688 263 880 300 decuriam
900 262 1055 312 legerat.
1103 265 1201 302 Lec-
1215 272 1257 302 U.
1269 271 1391 306 C.571.

86 326 135 362 tis
164 339 288 364 rerum
317 329 487 371 summis,
508 341 624 377 quum
653 327 994 369 animadvertisset,
1026 328 1203 378 pleraque
1215 315 1302 345 A.C.
1319 321 1392 346 ²⁸¹·

87 389 410 429 dissolvendarum
443 390 673 441 religionum
711 404 806 434 esse,
839 391 886 428 L.
906 391 1062 428 Petillio
1092 393 1202 436 dixit,

88 454 173 491 Sese
189 467 246 492 eos
266 457 372 493 libros
392 459 427 493 in
443 459 560 504 ignem
579 456 820 503 conjecturam
839 468 933 492 esse:
958 458 1074 504 prius,
1097 470 1204 505 quam

88 518 126 553 id
143 517 303 566 faceret,
332 533 369 557 se
395 523 429 557 ei
452 523 680 569 permittere,·
698 522 767 563 uti,
787 522 817 556 si
846 521 940 568 quod
966 532 1027 556 seu
1048 519 1124 566 jus,
1144 534 1203 557 seu

85 585 261 620 auxilium
276 598 312 622 se
331 586 458 622 habere
477 588 525 622 ad
539 599 597 623 eos
616 587 722 623 libros
740 587 949 633 repetendos
967 588 1200 629 existimaret,

86 650 306 695 experiretur
321 667 334 687 .·
372 653 411 687 id
453 653 593 698 integra
628 663 695 686 sua
727 651 851 698 gratia
889 662 968 686 eum
993 650 1201 698 facturum.

88 711 220 748 Scriba
237 714 411 750 tribunos
432 714 552 764 plebis
573 714 650 750 adit
668 730 678 759 3
711 714 758 750 ab
779 713 939 750 tribunis
961 714 1007 750 ad
1027 721 1199 750 senatum

86 785 145 809 res
165 780 222 811 est
250 775 402 826 rejecta.
458 776 606 812 Praetor
625 789 663 812 se
682 776 950 827 jusjurandum
981 777 1070 814 (lare
1090 791 1199 826 para-

85 844 166 873 tum
186 850 266 874 esse
285 840 425 883 aiebat,
446 841 562 876 libros
581 854 644 877 eos
661 842 735 890 legi
756 843 970 890 servarique
991 855 1066 879 non
1084 856 1198 893 opor-

85 906 177 937 tere.
235 902 395 939 Senatus
423 905 582 947 censuit,
604 906 702 941 Satis
721 907 934 950 habendum,
956 908 1049 954 quod
1065 913 1200 955 prcetor
1212 913 1357 943 Combu-

75 963 331 1011 jquurandum
360 968 618 1015 polliceretur:
649 969 755 1004 libros
784 971 904 1017 primo
942 982 1080 1018 quoque
1112 975 1199 1006 tem—
1213 964 1338 986 mmm

81 1041 171 1077 pore
200 1031 239 1065 in
272 1034 414 1067 comitio
444 1034 651 1068 cremandos
679 1045 776 1068 esse:
803 1035 961 1080 pretium
987 1046 1056 1081 pro
1085 1035 1198 1077 libris,

87 1098 262 1139 quantum
297 1094 339 1135 Q.
357 1096 506 1131 Petillio
529 1098 679 1143 praetori
698 1095 895 1144 majorique
922 1098 1020 1144 parti
1041 1098 1199 1134 tribuno-

87 1168 168 1192 rum
185 1158 296 1205 plebis
310 1161 503 1201 videretur,
524 1162 666 1196 domino
685 1172 755 1196 esse
772 1161 980 1196 solvendum
993 1177 1005 1197 .·
1024 1161 1062 1197 id
1077 1162 1202 1198 scriba

89 1232 167 1257 non
198 1224 345 1272 accepit
363 1239 370 1260 :
413 1223 500 1259 libri
531 1224 569 1259 in
604 1224 775 1267 comitio,
810 1224 897 1272 igne
928 1237 950 1260 a
980 1225 1199 1262 victimariis

87 1286 205 1325 facto,
227 1287 263 1321 in
282 1294 488 1336 conspectu
507 1286 636 1336 populi
655 1287 808 1322 cremati
829 1294 929 1323 sunt.

80 1357 89 1367 ‘
140 1349 277 1386 XXX.
306 1349 494 1398 Magnum
527 1349 669 1386 bellum
705 1363 749 1386 ea
783 1357 911 1386 aestate
949 1357 1121 1387 coortum
1159 1353 1197 1388 in
1212 1354 1387 1427 I{ellum-in

1250 1408 1387 1437 ispania-

87 1414 277 1464 Hispania
297 1414 490 1449 citeriore:
515 1414 560 1449 ad
579 1414 744 1462 quinque
762 1421 798 1450 et
818 1414 977 1462 triginta
993 1415 1109 1451 millia
1128 1416 1197 1452 ho·
1212 1441 1365 1471 citeriore.

87 1479 247 1522 minum,
275 1484 457 1527 quantum
487 1491 691 1527 numquam
722 1478 839 1515 ferme
868 1484 993 1522 antea,
1016 1479 1198 1516 Celtiberi

90 1548 413 1591 comparaverant.
469 1542 517 1580 Q.
539 1542 691 1577 Fulvius
710 1540 868 1578 Flaccus
890 1555 971 1578 eam
999 1543 1200 1580 obtinebat

88 1607 345 1657 provinciam:
377 1607 422 1649 is,
443 1608 532 1656 quia
551 1619 694 1642 armare
717 1606 959 1656 juventutem
986 1607 1198 1644 Celtiberos

89 1671 270 1713 audierat,
298 1678 336 1705 et
365 1671 458 1720 ipse,
493 1676 636 1719 quanta
665 1677 829 1719 poterat,
862 1683 883 1705 a
913 1671 1024 1706 sociis
1059 1671 1200 1707 auxilia

87 1741 348 1780 contraxerat5
381 1735 445 1770 sed
473 1747 713 1783 nequaquam
741 1747 899 1770 numero
925 1734 1089 1770 militum
1107 1736 1198 1772 hos·
1242 1748 1248 1753 ‘

85 1807 163 1836 tem
193 1798 377 1848 aequabat.
435 1798 629 1847 Principio
652 1798 747 1833 veris
768 1798 975 1834 exercitum
995 1798 1034 1834 in
1056 1799 1198 1848 Carpe-

86 1863 231 1899 taniam
260 1862 381 1905 duxit,
409 1868 446 1897 et
476 1869 599 1897 castra
627 1861 768 1897 locavit
796 1861 842 1896 ad
872 1861 1054 1911 oppidum
1072 1861 1198 1898 AEbu-

87 1939 181 1968 ram,
208 1926 360 1962 modico
382 1926 556 1975 praesidi«)
588 1926 628 1960 in
650 1925 741 1960 urbe
759 1925 900 1974 posito.
956 1924 1091 1960 Paucis
1112 1932 1200 1974 post

87 1989 218 2026 diebus
249 1989 444 2031 Celtiberi,
469 1988 587 2023 millia
615 1987 690 2023 duo
719 1987 837 2023 ferme
866 1987 967 2030 inde,
1000 1987 1069 2023 sub
1103 1987 1199 2024 colle

85 2060 295 2103 posuerunt
315 2059 436 2087 castra
453 2066 460 2087 :
495 2063 588 2100 quos
610 2050 676 2086 ubi
695 2050 825 2086 adesse
841 2055 981 2099 praetor
1000 2049 1198 2086 Romanus

89 2116 220 2159 sensit,
249 2115 305 2152 M.
326 2115 500 2151 Fulvium
528 2113 683 2149 fratrem
713 2126 797 2149 cum
819 2112 962 2148 duabus
984 2113 1116 2148 turmis
1137 2125 1200 2150 so-

90 2179 235 2214 ciorum
257 2179 424 2226 equitum
451 2177 498 2214 ad
520 2183 644 2214 castra
674 2177 842 2212 hostium
869 2175 1103 2226 speculatum
1129 2177 1202 2212 mi-

89 2241 154 2284 sit,
175 2253 288 2290 quam
315 2242 486 2291 proxime
506 2241 706 2277 succedere
735 2240 782 2276 ad
811 2239 947 2276 vallum
972 2238 1138 2288 jussum,
1160 2245 1203 2275 ut

88 2304 240 2349 viseret,
261 2311 403 2354 quanta
422 2314 547 2342 essent
562 2321 573 2352 3
605 2316 736 2356 pugna
753 2303 976 2348 abstineret,
999 2303 1203 2354 reciperet-
