1546 2648
330 154 491 186 LIBER
513 152 633 184 XLV.
665 150 775 181 cAP.
798 150 909 180 xlx.
1088 147 1171 195 501

62 256 146 281 rum
165 243 376 294 legationes
394 243 563 287 Attalus,
583 242 702 280 frater
719 241 819 290 regis
838 239 1037 284 Eumenis,
1053 240 1175 278 maxi·
1187 248 1230 281 U.
1241 248 1280 280 C.
1297 257 1371 284 sss.

61 322 123 347 me
141 311 331 347 convertit
352 310 393 346 in
418 322 459 346 se
470 309 650 346 -omnium
673 307 804 345 oculos
830 307 1076 357 animosque:
1109 321 1176 347 ex·
1187 296 1228 328 A·
1245 294 1283 327 c·
1298 299 1374 330 ¹⁶⁷·

61 381 195 426 ceptus
214 376 315 412 enim
334 381 392 411 est
417 373 466 412 ab
491 374 565 418 his,
586 374 651 424 qui
671 371 785 410 simul
802 385 849 409 eo
868 371 972 409 bello
990 372 1178 411 militave-

63 445 166 482 runt,
186 439 288 475 haud
306 438 435 490 paullo
454 438 672 488 benigniuS,
699 449 814 487 quam
840 437 874 473 si
902 436 983 487 ipse
1005 449 1073 474 rex
1097 437 1180 475 Eu-

60 515 190 539 menes
210 503 387 541 venisset.
443 503 694 541 Adduxerant
720 514 806 539 eum
831 501 915 538 duae
949 501 989 538 in
1015 503 1180 553 speciem

54 567 235 605 -honestae
253 581 336 605 res:
369 580 459 612 una,
481 567 703 617 gratulatio,
724 567 954 604 conveniens
979 566 1019 603 in
1039 579 1084 604 ea
1101 567 1180 604 vic-

62 632 178 676 toria,
192 646 304 682 quam
324 634 406 684 ipse
425 632 655 685 adjuvisset:
678 631 812 677 altera,
832 631 1071 682 querimonia
1085 631 1180 669 Gal-

63 695 127 733 lici
146 697 347 741 tumustus,
362 697 616 746 Advertaeque
634 696 769 747 gladiis
788 708 948 746 regnum
966 696 1006 732 in
1023 695 1181 733 dubium

64 761 268 798 adductum
295 774 389 800 esse.
446 761 610 798 Suberat
634 769 673 799 et
689 767 848 799 ⁴secreta
876 773 961 812 spes
989 760 1181 797 honorum

63 825 382 875 praemiorumque
401 824 449 862 ab
469 832 619 869 senatu,
636 838 720 876 quae
734 826 798 862 vix
819 824 922 862 salva
940 825 1083 875 pietate
1099 823 1180 875 ejus

63 889 288 938 contingere
307 895 509 940 poterant:
541 897 651 926 erant
677 890 780 927 enim
806 889 959 939 quidam
981 889 1183 926 Romano-

65 965 148 990 rum
167 966 319 1004 quoque
337 966 417 990 non
435 952 530 989 boni
549 959 740 996 auctores,
761 953 826 1002 qui
850 965 916 1002 spe
935 953 1184 1003 cupiditatem

65 1016 146 1068 ejus
169 1017 372 1054 elicerent:
404 1018 500 1054 Eam
518 1018 720 1066 opinionem
746 1017 791 1053 de
808 1017 940 1053 Attalo
961 1021 997 1053 et
1021 1017 1186 1054 Eumene

68 1082 193 1119 Romae
217 1094 301 1126 esse,
323 1087 507 1131 tamquam
526 1083 571 1118 de
589 1083 706 1119 altero
732 1082 908 1118 Romanis
932 1086 1028 1118 certo
1054 1082 1184 1126 amico,

68 1147 186 1184 altero
210 1159 275 1184 nec
299 1146 487 1191 Romanis,
505 1159 570 1184 nec
594 1148 697 1184 Persi
713 1147 795 1196 fido
816 1147 923 1184 socio.
981 1147 1111 1195 Itaque
1127 1148 1188 1183 via:

65 1213 181 1248 statui
194 1224 311 1260 posse,
332 1217 468 1256 utram,
495 1225 573 1260 quae
590 1224 660 1262 pro
683 1224 732 1256 se,
757 1224 818 1254 an,
850 1223 927 1260 quae
951 1216 1078 1247 contra
1095 1210 1188 1261 sra-

70 1282 161 1313 trem
184 1278 369 1325 petiturus
395 1281 494 1320 esset,
517 1277 561 1313 ab
583 1282 710 1313 senatu
732 1278 848 1325 magis
868 1276 1104 1324 inpetrabilia.
1117 1275 1188 1326 fo-

63 1345 173 1377 trent:
192 1342 285 1378 adeo
301 1343 482 1378 universos
498 1342 621 1377 omnia
638 1345 677 1377 vet'
692 1341 775 1376 huic
795 1340 960 1383 tribuere,
981 1344 1017 1377 et
1036 1341 1094 1376 illi
1106 1351 1189 1377 vero

57 1418 211 1455 megare.
267 1405 413 1443 Eorum
445 1406 645 1442 hominum
680 1407 740 1453 (ut
766 1416 825 1441 res
851 1403 1001 1452 docuit)
1032 1403 1188 1442 Attalus
1199 1410 1296 1443 Attali
1312 1422 1385 1453 spes

70 1477 166 1514 erat,
187 1471 265 1520 qui,
287 1477 472 1519 quantum
498 1482 586 1521 spes
615 1469 898 1520 spopondisset,
925 1474 1125 1521 cuperent,
1147 1464 1318 1506 nipmva‘

72 1533 184 1570 unius
199 1533 311 1570 amici
326 1534 489 1584 prudens
504 1533 669 1570 monitio
684 1532 788 1570 velut
801 1532 931 1570 frenos
943 1533 1073 1570 animo
1089 1531 1187 1583 ejus,
1216 1554 1219 1556 >

73 1601 253 1649 gestienti
272 1601 446 1637 secundis
465 1601 593 1644 rebus,
615 1600 860 1650 inposuisset.
918 1599 1083 1637 Stratius
1102 1611 1190 1637 cum

74 1677 120 1701 eo
139 1664 213 1701 fuit
238 1665 421 1709 medicus,
441 1665 488 1702 ad
515 1665 555 1702 id
578 1665 704 1715 ipsum
723 1678 746 1702 a
763 1677 843 1701 non
861 1677 998 1702 securo
1016 1664 1192 1701 Eumene

73 1726 240 1765 Romam
261 1729 411 1773 missus,
429 1728 645 1780 speculator
664 1741 803 1772 rerum,
819 1742 903 1778 quae
923 1742 946 1765 a
963 1728 1082 1765 fratre
1100 1740 1192 1777 age·

71 1800 218 1837 rentur,
237 1794 483 1843 monitorque
502 1794 611 1837 fidus,
631 1793 664 1829 si
682 1793 812 1830 decedi
832 1793 905 1831 fide
923 1793 1090 1830 vidisset.
1137 1792 1193 1836 Is,

59 1874 66 1877 >⁷
76 1858 124 1895 ad
142 1864 348 1910 occupatas
361 1858 445 1909 jam
461 1871 570 1895 aures
586 1857 910 1907 sollicitatumque
922 1856 1006 1908 jam
1023 1857 1194 1894 animum

75 1934 192 1971 quum
229 1923 409 1966 venisset,
447 1922 647 1971 adgressus
685 1922 920 1972 tempestivis
957 1920 1194 1971 temporibus

55 1997 154 2022 ¹*rem
175 1985 534 2037 propaprolapsam
559 1986 743 2028 restituit,
767 1986 953 2022 aliisralia
981 1997 1094 2033 regna
1120 1995 1196 2021 cre-

76 2051 298 2094 vissewbus,
318 2051 479 2088 dicendo
495 2067 502 2088 :
535 2063 685 2099 regnum
705 2062 826 2087 eorum
845 2061 990 2092 novum,
1010 2050 1123 2086 nullis
1135 2061 1196 2086 ve·

79 2114 184 2149 iustis
191 2113 398 2161 fundatum
414 2115 551 2164 opibus,
562 2115 740 2164 fraterna
753 2119 849 2150 stare
867 2115 1059 2150 concordia
1071 2129 1083 2150 :
1101 2113 1198 2162 quod
1209 2121 1410 2162 Castigantur

59 2188 169 2214 -zmus
187 2189 314 2214 nomen
331 2180 469 2227 regium
487 2185 522 2216 et
534 2181 760 2229 praecipuum
777 2180 908 2228 capitis
925 2179 1066 2226 insigne
1076 2182 1195 2225 gerat,
1209 2175 1228 2197 a
1243 2167 1370 2199 suado·

60 2259 64 2272 ε
79 2254 199 2279 omnes
204 2241 347 2292 fratres
364 2249 522 2292 regnent.
549 2246 722 2281 Attalum
737 2256 834 2288 vero,
852 2245 938 2292 quia
952 2247 1059 2281 aetate
1074 2244 1199 2292 proxi-

79 2319 172 2352 mus,
192 2309 271 2357 quis
293 2319 364 2345 non
384 2320 454 2358 pro
474 2321 557 2357 rege
580 2309 745 2347 habeat?
775 2321 888 2358 neque
904 2320 947 2346 eo
962 2308 1094 2353 solum,
1112 2308 1200 2356 quia
