1546 2648
118 243 159 272 U.
174 239 210 271 C.
226 248 297 273 581.

115 285 154 316 A.
172 284 209 315 C.
225 290 297 321 171.

310 136 395 192 378
462 169 466 175 .
769 148 814 177 Τ.
839 147 971 179 mvn

312 238 372 275 die
401 236 575 274 omnibus
610 236 727 288 copiis
760 237 929 283 adortus,
955 238 995 275 in
1025 237 1254 281 deditionem
1285 248 1417 277 omnes

311 308 399 338 ante
418 308 572 338 noctem
590 302 748 352 accepit.
1296 287 1300 290 ⁴

362 365 468 403 LIV.
497 364 629 415 Mylae,
659 366 873 416 proximum
901 366 1096 418 oppidum,
1126 366 1181 404 ita
1211 367 1416 413 munitum,

308 437 351 467 ut
370 430 682 481 inexsuperabilis
700 431 927 467 munimenti
945 443 1029 483 spes
1048 430 1192 470 incolas
1211 430 1415 468 ferociores

307 493 462 538 faceret,
492 507 570 532 non
598 501 728 546 portas
757 494 930 532 claudere
957 496 1038 545 regi
1067 496 1157 532 satis
1185 495 1417 537 habuerunt,

308 559 372 595 sed
390 558 539 609 probris
559 571 710 608 quoque
724 558 763 594 in
779 558 903 609 ipsum
915 558 1225 611 Macedonasque
1243 558 1414 609 procaci·

306 621 375 659 bus
398 621 561 672 jaculati
587 627 699 658 sunt:
731 634 814 670 quae
840 633 914 667 res,
934 634 1051 671 quum
1071 621 1307 659 infestiorem
1325 621 1414 667 hos-

306 692 382 722 tem
413 685 460 722 ad
489 685 787 736 obpugnandum
819 684 989 727 fecisset,
1018 685 1120 735 ipsos
1154 685 1417 734 desperatione

304 750 423 786 veniae
444 749 490 787 ad
510 750 670 789 tuendos
693 763 775 787 sese
799 751 925 788 acrius.
947 749 1132 801 accendit,
1189 748 1324 798 Itaque
1349 760 1418 806 per

303 814 471 858 triduum
493 815 712 865 ingentibus
739 815 928 865 utrimque
953 814 1088 862 animis
1118 820 1156 853 et
1184 807 1415 867 obpugnat&

304 884 405 922 sunt,
425 884 463 919 et
479 878 654 917 defensae.
690 878 900 926 Multitudo
915 877 1171 925 Macedonum
1187 876 1235 914 ad
1249 875 1415 925 subeun-

301 943 390 980 dum
411 943 449 980 in
472 944 591 980 vicem
622 943 798 994 proelium
826 943 928 980 hand
947 941 1147 979 difficulter
1164 940 1412 986 succedebat:

301 1007 528 1059 oppidanos,
562 1008 676 1052 diem,
709 1014 861 1047 noctem
894 1008 1047 1050 eosdem
1074 1014 1224 1043 tuentes
1253 1006 1414 1050 moenia,

300 1085 382 1109 non
410 1071 567 1111 vulnera
591 1072 720 1115 modo,
745 1073 810 1108 sed
843 1073 956 1111 etiam
984 1070 1121 1120 vigiliae
1147 1076 1186 1106 et
1214 1070 1413 1116 continens

301 1136 411 1175 labor
431 1135 677 1177 conficiebat:
701 1142 836 1185 quarto
853 1135 913 1172 die
932 1148 1047 1184 quum
1067 1142 1106 1171 et
1124 1132 1234 1183 sealae
1249 1133 1415 1186 undique

302 1200 349 1237 ad
378 1212 506 1236 muros
539 1200 788 1247 erigerentur,
818 1206 858 1235 et
886 1205 998 1249 porta
1025 1199 1062 1233 vi
1092 1196 1236 1251 menore
1265 1195 1414 1249 obpug-

302 1271 478 1310 naretur3
501 1263 682 1314 oppidani
702 1262 847 1312 depulsi
865 1263 980 1300 muris
1001 1262 1048 1308 ad
1063 1268 1215 1312 portam
1233 1261 1413 1304 tuendam

302 1333 546 1370 concurrunt,
586 1327 897 1377 eruptionemque
934 1327 1171 1377 repentinam
1205 1326 1246 1363 in
1280 1324 1410 1364 hostes

299 1392 468 1429 faciunt:
519 1404 601 1440 quae
633 1404 750 1441 quum
782 1392 846 1427 irae
874 1391 995 1439 magis
1028 1389 1267 1435 inconsultae,
1297 1400 1411 1438 quarn

298 1469 396 1495 verae
418 1455 564 1494 fiduciae
585 1455 720 1492 virium
745 1461 858 1499 esset,
877 1455 988 1505 pauci
1014 1462 1053 1492 et
1075 1454 1166 1492 fessi
1184 1453 1231 1490 ab
1252 1452 1410 1502 integris

298 1519 398 1571 pulsi
429 1525 538 1568 terga
571 1519 778 1564 dederunt3
822 1518 1086 1568 fugientesque
1118 1530 1184 1568 per
1216 1522 1410 1568 patentem

297 1592 449 1636 portam
491 1585 621 1621 hostes
668 1591 907 1634 acceperunt.
977 1584 1039 1625 Ita
1079 1589 1192 1633 capta
1234 1580 1323 1618 urbs
1366 1593 1412 1618 ac

298 1648 446 1699 direpta
476 1654 560 1685 est:
592 1647 712 1684 libera
743 1660 894 1697 quoque
927 1660 1102 1698 corpora,
1132 1659 1215 1696 qnae
1244 1644 1410 1683 caedibus

297 1712 579 1762 superfuerunt,
598 1711 838 1749 venumdata.
893 1711 1036 1748 Dii-uto
1059 1723 1198 1759 magna
1225 1722 1273 1746 ex
1299 1714 1408 1758 parte

297 1782 336 1813 et
363 1777 519 1813 incenso
550 1775 692 1826 oppido
717 1775 925 1826 profectuS,
946 1775 994 1812 ad
1021 1773 1258 1818 Phalannam
1285 1776 1408 1809 castra

295 1841 434 1878 movit:
465 1841 554 1879 inde
578 1846 733 1890 postero
759 1840 820 1877 die
844 1840 1056 1889 Gyrtonem
1078 1837 1261 1888 pervenit.
1316 1837 1408 1875 Quo

294 1918 411 1954 quum
456 1904 504 1942 T.
535 1903 751 1942 Minucium
789 1903 935 1941 Rufum
972 1909 1010 1939 et
1047 1902 1245 1952 Hippiam,
1283 1899 1405 1937 Thes·-

295 1969 459 2005 salorum
503 1978 719 2019 praetorem,
757 1981 843 2004 cum
881 1967 1056 2018 praesidio
1100 1968 1260 2002 intrasse
1297 1977 1405 2001 acce-

293 2036 426 2085 pisset,
463 2047 511 2072 ne
548 2040 696 2072 tentata
729 2033 879 2082 quidem
916 2032 1217 2083 obpugnatione,
1250 2036 1404 2080 praeter-

293 2111 457 2147 gressus,
488 2098 655 2136 Elatiam
687 2104 725 2134 ct
759 2097 955 2139 Gonnum,
985 2095 1165 2147 perculsis
1202 2095 1404 2144 inopinato

292 2162 455 2199 adventu
475 2162 689 2212 oppidanis,
711 2162 865 2212 recepit.
913 2160 1082 2209 Utraque
1104 2159 1241 2210 oppida
1259 2159 1298 2194 in
1317 2157 1402 2194 fau-

291 2226 396 2263 cibus
431 2232 533 2269 sunt,
564 2238 646 2275 quae
678 2225 822 2275 Tempe
854 2225 1018 2270 adeunt;
1060 2224 1180 2273 magis
1212 2222 1398 2259 Gonnus:

291 2290 418 2340 itaque
447 2295 484 2327 et
513 2289 678 2343 firmiore
706 2289 740 2328 id
771 2288 944 2340 praesidio
965 2293 1088 2326 tutum
1109 2287 1276 2338 equitum
1295 2284 1401 2338 pedi-
