1546 2648
251 138 406 168 LIBER
429 135 657 166 xxxvnl.
690 134 796 164 cAP.
820 134 954 164 XXII.
1093 135 1170 178 103

57 224 162 269 bent,
184 225 285 262 velut
303 226 391 261 ferae
413 223 604 260 transfixae
622 224 663 259 in
689 235 775 259 suos
798 229 937 259 temere
963 222 1228 263 incurrunt.U.
1244 229 1281 262 C.
1300 236 1372 261 563.

59 289 274 339 Detegebat
302 289 458 325 vulnera
490 301 634 331 eorum,
666 287 767 337 quod
799 287 889 323 nudi
918 293 1105 337 pugnant,
1136 276 1223 323 etA'
1241 274 1278 306 C·
1298 280 1368 306 189.

56 360 146 390 sunt
164 354 248 390 fusa
267 359 304 390 et
323 353 483 389 candida
501 364 676 402 corpora,
694 358 736 388 ut
757 364 839 401 quae
859 364 1079 401 numquam,
1099 351 1174 387 nisi

56 418 95 454 in
114 430 255 468 pugna,
276 417 492 454 nudentur:
524 417 578 453 ita
603 422 642 453 et
667 416 750 466 plus
780 416 974 465 sanguinis
1005 428 1025 451 e
1053 414 1175 452 multa

57 494 169 518 carne
197 481 440 525 fundebatur,
473 489 511 517 et
539 480 717 518 foediores
748 480 931 531 patebant
964 479 1101 530 plagae,
1135 486 1174 516 et

56 547 198 583 candor
216 559 417 596 corporum
444 546 562 595 magis
589 546 774 593 sanguine
794 551 878 581 atro
898 543 1171 581 maculabatur.

58 610 131 646 Sed
150 624 227 647 non
246 618 324 647 tam
344 611 561 661 patentibus
581 610 703 660 plagis
728 615 950 645 moventur:
982 608 1173 646 interdum

56 675 201 711 insecta
230 682 328 717 cute,
350 675 415 711 ubi
444 675 570 717 latior,
592 687 705 723 quam
734 674 861 717 altior,
882 673 996 724 plaga
1024 680 1095 716 est,
1116 679 1173 709 et·
1204 709 1208 712 .

58 739 132 774 iam
166 738 366 787 gloriosius
405 751 444 775 se
480 751 648 788 pugnare
685 744 834 788 putant.
890 737 1025 780 Iidem,
1056 749 1173 786 quum

56 801 207 837 aculeus
234 802 382 850 sagittae
409 808 474 837 aut
499 801 660 850 glandis,
682 801 819 838 abditae
845 802 1046 844 introrsus,
1066 801 1174 836 tenui

54 863 207 901 vulnere
232 865 270 900 in
297 866 460 914 speciem
490 865 578 908 urit,
599 871 637 900 et
666 870 892 908 scrutantes,
914 877 996 913 quae
1016 863 1172 906 vellant,

51 928 172 965 telum
196 942 274 965 non
308 930 502 978 sequitur3
542 936 638 972 tum,
672 930 711 965 in
745 928 889 965 rabiem
923 934 961 965 et
990 928 1173 978 pudorem

54 997 133 1028 tam
152 1006 276 1044 parvae
294 994 514 1043 perimentis
543 993 660 1043 pestis
681 994 791 1036 versi,
811 997 1060 1043 prosternunt
1088 1004 1173 1037 core

53 1068 149 1108 pora
176 1058 296 1101 humi,
317 1059 370 1094 sic
396 1064 438 1094 ut
466 1059 606 1108 passim
632 1057 939 1108 procumberent.
993 1055 1088 1099 Alii,
1108 1068 1172 1092 ru-

56 1127 160 1158 entes
189 1123 229 1158 in
257 1123 421 1165 hostem,
444 1122 608 1171 undique
635 1121 949 1171 configebantur:
983 1126 1035 1164 et,
1055 1132 1172 1169 quum

57 1185 228 1222 cominus
256 1192 451 1229 venerant,
472 1185 606 1234 gladiis
631 1198 654 1221 a
671 1184 847 1225 velitibus
870 1183 1172 1221 trucidabantur,

54 1247 132 1285 Hic
160 1248 266 1285 miles
294 1248 516 1299 tripedalem
545 1262 714 1299 parmam
743 1248 874 1291 habet,
905 1254 943 1283 et
971 1248 1009 1283 in
1039 1247 1173 1301 dextra

53 1312 197 1356 hastas,
231 1312 366 1362 quibus
400 1313 544 1349 eminus
577 1314 722 1350 utitur:
762 1312 890 1361 gladio
924 1311 1172 1362 Hispaniensi

54 1383 113 1415 est
141 1378 310 1414 cinctus:
343 1378 444 1427 quod
462 1378 492 1413 si
521 1378 614 1428 pede
640 1377 794 1414 conlato
823 1376 1070 1427 pugnandum
1099 1381 1171 1420 est,

27 1482 30 1484 q
51 1441 244 1479 translatis
265 1442 304 1477 in
330 1441 463 1478 laevam
482 1441 616 1485 hastis,
638 1441 792 1490 stringit
818 1440 998 1489 gladium.
1054 1440 1174 1476 Pauci

52 1511 274 1555 supererant
296 1504 380 1555 jam
409 1504 633 1541 Gallorum:
675 1505 753 1554 qui,
785 1510 987 1554 postquam
1018 1503 1065 1540 ab
1099 1503 1173 1539 levi

52 1575 244 1606 armatura
263 1575 459 1619 superatos
486 1582 525 1605 se
545 1568 733 1612 viderunt,
754 1574 792 1605 et
818 1569 959 1604 instare
977 1568 1173 1617 legionum

53 1633 176 1681 signa,
199 1632 315 1669 effusa
332 1632 424 1682 fuga
444 1641 567 1669 castra
589 1638 781 1682 repetunt,
802 1633 952 1682 pavoris
973 1639 1010 1668 et
1032 1631 1172 1668 tumul·
1187 1629 1296 1703 Effsslsa
1309 1629 1391 1671 fuga

1186 1682 1236 1703 CRS
1253 1683 1286 1704 l’a
1307 1684 1354 1704 re·

54 1703 113 1732 tus
127 1695 210 1746 jam
230 1696 342 1747 plena
361 1711 367 1732 :
403 1704 443 1733 ut
463 1697 529 1733 ubi
553 1696 719 1740 feminae,
739 1697 935 1746 puerique,
958 1702 995 1732 et
1021 1695 1095 1732 alia
1113 1697 1172 1732 in-
1185 1723 1310 1759 petunt.

51 1760 160 1798 bellis
180 1760 292 1797 turba
319 1762 506 1812 permixta
532 1768 642 1798 esset.
698 1761 896 1799 Romanos
917 1761 1080 1797 victores
1108 1761 1173 1797 de-

52 1826 141 1862 serti
160 1825 252 1874 fuga
271 1827 442 1866 hostium
460 1832 689 1876 acceperunt
708 1825 857 1861 tumuli.

106 1889 244 1928 XXII.
275 1891 352 1926 Sub
382 1891 482 1926 idem
508 1898 657 1940 tempus
683 1889 728 1925 L.
748 1888 918 1925 Manlius
945 1895 984 1925 et
1011 1890 1054 1925 C.
1076 1888 1174 1926 Hel-

49 1955 147 1997 vius,
178 1967 308 2003 quum,
348 1954 473 2003 quoad
501 1955 602 1990 viam
636 1953 750 1989 colles
788 1952 934 2002 obliqui
971 1953 1170 1997 dederunt,

51 2019 318 2062 escendisseut,
339 2025 540 2069 postquam
563 2019 609 2055 ad
637 2018 740 2054 invia
757 2026 913 2054 ventum
942 2024 1013 2062 est,
1035 2017 1171 2055 flexere

51 2082 123 2118 iter
152 2083 190 2118 in
219 2090 364 2132 partem
394 2084 551 2126 montis,
582 2096 664 2132 quae
695 2095 770 2119 una
797 2081 964 2119 habebat
992 2083 1091 2128 iter3
1133 2089 1171 2119 et

55 2145 164 2193 sequi
197 2146 361 2183 consulis
399 2160 550 2195 agmen,
588 2146 739 2183 modico
769 2152 926 2194 uterque
955 2145 1170 2190 intervallo,

53 2207 157 2244 velut
176 2221 221 2245 ex
239 2212 466 2260 composito,
481 2217 699 2262 coeperunt:
724 2211 826 2260 quod
846 2212 968 2261 primo
985 2211 1172 2261 optimum

52 2270 157 2312 factu
177 2273 324 2317 fuisset,
351 2275 389 2311 in
411 2276 448 2312 id
474 2277 700 2313 necessitate
727 2277 809 2327 ipsa
829 2274 1026 2327 compulsi.
1075 2274 1173 2311 Sub-

582 2340 657 2377 1³4
