1546 2648
308 158 365 202 32
769 161 815 191 T.
839 163 974 193 Ltvn

117 248 160 281 U.
174 251 210 282 C.
227 252 430 295 502.ceptos
449 249 483 283 in
490 249 605 296 fidem
625 249 660 284 in
681 249 862 297 Hispania
882 263 978 298 reges
996 253 1186 302 reliquisse.
1241 255 1414 293 Masinis-

115 294 155 324 Δ.
172 294 207 324 C.
225 303 293 329 190,

307 323 384 346 sam
404 323 471 347 non
491 313 527 347 in
543 313 666 360 patrio
684 314 789 348 modo
806 315 938 350 locasse
955 327 1077 363 regno,
1091 319 1152 354 secl
1170 320 1207 354 in
1226 319 1414 368 Syphacis,

306 389 329 411 α
349 389 416 424 quo
435 382 519 413 (mle
537 378 702 425 expulsus
717 377 866 425 fuisset,
886 391 1034 426 regnum
1056 382 1266 429 inposuisse:
1294 388 1329 419 et
1347 394 1418 420 esse

305 453 386 477 eum
415 453 486 477 non
512 442 650 490 Africa?
674 443 778 478 modo
805 455 929 490 regum
955 445 1058 492 longe
1085 447 1405 494 opulentissimum,

301 505 365 540 sed
392 510 465 540 toto
493 507 527 541 in
553 505 634 541 orbe
659 510 835 541 terrarum
862 508 972 543 cuivis
994 521 1116 556 regum
1135 511 1192 546 vel
1211 509 1409 556 majestate,

302 569 359 604 vel
381 569 512 604 viribus
537 580 674 616 parem.
732 569 944 618 Philippum
969 576 1003 607 et
1029 573 1163 616 Nabim,
1185 574 1297 610 hostes
1321 575 1413 610 bello

300 637 484 680 superatos
504 632 546 669 ab
571 634 611 669 T.
631 633 812 676 Quinctio,
831 637 997 671 tamenin
1014 648 1121 683 regno
1135 639 1286 674 relictos.
1317 639 1410 675 Phi-

301 697 400 745 lippo
420 699 562 745 quidem
581 709 676 733 armo
699 700 819 745 priore
837 701 944 735 etiam
971 702 1187 747 stipendium
1212 704 1408 745 remissum,

298 763 466 810 etfilium
485 762 638 798 obsidem
654 764 859 798 redditum:
887 769 921 799 et
940 766 1113 811 quasdam
1133 767 1294 803 civitates
1307 771 1410 803 extra

297 824 568 868 Macedoniam,
591 827 811 873 patientibus
839 826 1013 862 Romanis
1041 829 1323 877 imperatoribus,
1349 842 1406 866 re-

295 890 424 937 cepisse
455 901 545 926 eum.
605 890 645 926 In
674 891 795 926 eadem
825 892 1002 938 dignitate
1030 897 1064 928 et
1093 893 1210 928 Nabim
1228 893 1406 941 futurum

283 955 415 1004 fuisse,
435 959 503 993 nisi
521 969 600 993 eum
617 970 701 993 suus
717 960 832 1005 primo
841 957 968 1006 furor,
991 960 1116 994 deinde
1129 958 1242 1008 fraus
1256 961 1405 997 AEtolo—

292 1033 373 1055 rum
403 1021 634 1057 absumsisset.
690 1020 860 1057 Maxime
891 1022 1132 1058 confirmatus
1162 1030 1219 1058 est
1255 1024 1402 1060 animus

292 1085 405 1132 regis,
426 1091 625 1135 postquam
647 1085 693 1121 ad
712 1097 796 1120 eum
826 1085 868 1121 C.
888 1085 1034 1128 Livius,
1056 1087 1119 1134 qui
1144 1095 1284 1135 praetor
1313 1094 1401 1124 ante

290 1146 400 1183 classi
433 1147 648 1198 praefuerat,
682 1148 828 1196 legatus
861 1148 908 1184 ab
942 1148 1067 1184 Roma
1098 1149 1214 1190 venit,
1242 1155 1279 1184 et
1309 1149 1399 1186 edo-

289 1211 367 1246 cuit
385 1227 393 1255 ;
417 1218 561 1260 quanto
581 1218 618 1247 et
637 1223 721 1260 spes
738 1211 902 1247 victoriae
917 1211 1055 1247 certior
1067 1210 1266 1256 Romanis,
1284 1225 1396 1261 quam

287 1273 498 1317 Antiocho,
515 1280 553 1311 et
573 1275 739 1311 amicitia
757 1275 924 1311 sanctior
949 1274 1164 1324 firmiorque
1190 1276 1289 1326 apud
1315 1275 1397 1313 Ro-

288 1351 421 1375 manos
441 1339 570 1375 futura
591 1345 701 1375 esset.

92 1401 276 1433 Antiochus
340 1402 493 1439 XXVI.
531 1402 760 1445 Antiochus,
798 1409 998 1452 postquam
1035 1416 1058 1439 a
1099 1415 1164 1453 spe
1201 1404 1393 1441 societatis

92 1444 117 1473 it
130 1446 168 1475 ad
184 1446 264 1477 clas-

87 1495 170 1520 Sem·

284 1465 428 1503 Prusiae
454 1466 606 1508 decidit,
626 1465 818 1515 Ephesum
846 1465 893 1501 ab
921 1466 1097 1502 Sardibus
1119 1475 1176 1503 est
1201 1467 1392 1517 profectus

285 1531 332 1567 ad
352 1530 523 1573 classem,
540 1543 622 1580 quae
643 1543 708 1579 per
728 1529 872 1578 aliquot
893 1542 1038 1565 menses
1058 1530 1243 1566 instructa
1262 1544 1305 1567 ac
1324 1545 1392 1582 pa-

282 1601 367 1631 rata
384 1593 522 1637 fuerat,
539 1594 749 1639 visendam3
773 1594 891 1641 magis
913 1594 999 1642 quia
1019 1593 1257 1629 terrestribus
1274 1596 1392 1644 copiis

281 1659 487 1695 exercitum
508 1658 727 1694 Romanum
747 1664 784 1693 et
804 1658 896 1694 duos
921 1657 1116 1707 Scipiones
1145 1658 1389 1708 imperatores

278 1723 431 1759 videbat
450 1724 625 1759 sustiueri
646 1735 724 1759 non
744 1734 878 1772 posse;
911 1734 1022 1770 quam
1043 1721 1144 1770 quod
1167 1734 1224 1758 res
1245 1723 1387 1760 navalis

277 1788 360 1837 ipsa
388 1800 454 1837 per
483 1800 521 1822 se
551 1793 617 1823 aut
644 1793 792 1823 tentata
820 1786 891 1822 sibi
922 1799 1098 1835 uinquam
1125 1785 1299 1830 feliciter,
1321 1794 1387 1824 aut

276 1857 368 1887 tunc
401 1864 548 1899 magnae
582 1857 620 1886 et
651 1857 763 1886 certae
793 1850 937 1886 fiduciae
967 1856 1076 1885 esset.
1132 1849 1228 1886 Erat
1256 1856 1384 1888 tamen

275 1922 509 1951 momentum
531 1915 568 1950 in
589 1915 791 1965 praeseutia
810 1914 904 1963 spei,
925 1913 1026 1962 quod
1045 1919 1083 1949 et
1102 1925 1278 1962 magnam
1298 1927 1384 1964 par-

273 1984 352 2015 tem
377 1979 539 2015 Rhodiae
559 1979 686 2016 classis
708 1980 806 2015 circa
835 1979 971 2014 Patara
990 1989 1084 2020 esse,
1106 1984 1144 2013 et
1172 1977 1382 2016 Eumenem

271 2055 398 2091 regem
421 2056 505 2079 cum
530 2043 706 2079 omuibus
727 2042 884 2078 navibus
905 2041 980 2077 suis
1002 2040 1147 2077 consuli
1166 2041 1316 2078 obviam
1342 2044 1382 2079 in

272 2106 566 2156 Hellespontum
582 2106 794 2156 profectum
815 2105 1006 2141 audierat:
1031 2104 1171 2154 aliquid
1191 2106 1304 2142 etiam
1323 2107 1382 2142 iu-

269 2170 385 2207 flabat
411 2170 557 2206 animos
578 2169 706 2206 classis
733 2169 900 2211 Rhodia,
921 2168 969 2204 ad
996 2168 1149 2204 Samum
1177 2181 1243 2218 per
1267 2182 1378 2206 occa-

268 2235 414 2270 sionem
442 2234 574 2271 fraude
609 2239 859 2284 praeparatam
893 2233 1079 2270 absumta.
1138 2232 1211 2269 His
1243 2233 1378 2277 fretus,

266 2297 500 2348 Polyxenida
528 2310 613 2334 cum
643 2296 763 2334 classe
797 2296 844 2333 ad
877 2296 1096 2334 tentandam
1127 2297 1234 2333 omni
1261 2297 1376 2334 modo
