1546 2648
380 196 464 240 400
835 197 880 229 τ.
904 198 1038 229 mvn

188 284 512 324 U.C.581.Af1·ica
542 293 581 324 et
612 286 786 331 Gulussa,
815 287 1028 326 Masinissae
1062 289 1157 338 regis
1191 289 1301 333 filius,
1331 289 1478 341 legatus

182 329 274 413 guli
271 336 368 414 ’55137ἒὲ
379 352 509 402 patris,
531 358 569 388 et
586 352 922 402 Karthaginienses
943 361 1134 390 venerunt.
1192 353 1354 391 Gulussa
1373 357 1477 406 prior

185 423 278 463 legati
286 427 364 457 Kar·
377 417 416 452 in
435 424 606 453 senatum
627 416 876 459 introductus,
897 424 947 460 et,
968 430 1050 466 quae
1069 418 1182 454 missa
1201 425 1307 455 erant
1327 419 1372 455 ad
1395 419 1477 456 bel·

179 467 364 544 ἓὲῗξὲξὲ·
374 479 452 517 lum
469 479 759 517 Macedonicum
777 493 800 516 a
817 488 922 530 patre
942 494 1024 524 suo,
1045 482 1219 532 exposuit
1231 498 1242 528 3
1279 490 1329 525 et,
1350 483 1379 519 si
1400 495 1476 532 qua

353 537 554 595 'praeterea
572 543 711 580 vellent
736 543 932 592 imperare,
953 552 1215 593 praestaturum
1245 546 1380 582 merito
1401 557 1472 595 po-

370 606 449 658 puli
474 605 641 643 Romani
666 612 722 642 est
746 605 960 655 pollicitus:
993 613 1031 641 et
1056 608 1203 643 monuit
1227 607 1359 644 Patres
1379 620 1471 645 con-

369 670 544 719 scriptos,
574 676 617 705 ut
648 681 670 705 a
699 667 831 705 fraude
860 668 1236 719 Karthaginiensium
1267 677 1468 708 caverent:

368 735 488 771 classis
515 746 572 770 eos
598 745 737 781 magnae
759 735 935 781 parandae
962 734 1143 769 consilium
1173 737 1302 782 cepisse
1314 752 1324 778 ;
1358 737 1472 783 specie

361 810 431 846 pro
456 798 641 840 Romanis,
662 802 700 833 et
722 798 889 834 adversus
913 798 1133 834 Macedonas
1145 815 1156 834 .·
1184 800 1243 835 ubi
1272 811 1311 835 ea
1338 804 1471 847 parata

361 864 603 910 instructaque
621 866 719 905 esset,
737 864 891 910 ipsorum
899 862 987 911 fore
1001 864 1200 910 potestati&
1218 876 1318 911 quem
1335 864 1467 900 hostem

360 930 426 962 aut
441 927 573 962 socium
593 926 758 963 habeant.

695 1023 720 1047 ἱ·
832 1024 856 1046 ἢέ-
967 1022 991 1044 -x-
1103 1022 1126 1044 ff

164 1116 206 1146 U.
219 1117 255 1147 C.
271 1125 342 1151 582.
409 1108 477 1145 IV.
509 1110 533 1134 ἃ
551 1109 574 1132 ‘³‘
593 1111 617 1133 ἃ
634 1114 783 1144 tantum
802 1118 980 1157 pavorem
1000 1107 1157 1154 ingressi
1178 1113 1313 1151 castra,
1330 1116 1457 1146 osten-

160 1160 201 1191 A·
218 1159 254 1190 C·
271 1168 342 1197 170.
353 1178 477 1209 tantes
498 1172 636 1222 capita,
656 1171 841 1211 fecerunt,
862 1176 917 1213 ut,
939 1170 966 1205 si
989 1170 1160 1206 admotus
1181 1171 1371 1221 extemplo
1390 1185 1456 1210 ex-

352 1237 490 1274 ercitus
518 1237 632 1280 foret,
657 1237 739 1286 capi
768 1242 892 1271 castra
918 1236 1124 1284 potuerint.
1178 1235 1276 1272 Tum
1306 1251 1454 1288 quoque

349 1301 442 1350 fuga
460 1302 590 1350 ingens
609 1300 711 1337 facta
730 1305 810 1336 est:
842 1305 879 1335 et
898 1305 1018 1342 erant,
1039 1300 1101 1348 qui
1128 1299 1273 1349 legatos
1298 1303 1452 1339 mitten·

349 1365 416 1400 dos
438 1364 484 1400 ad
504 1376 634 1413 pacem
653 1362 825 1413 precibus
845 1362 1044 1412 petendam
1068 1371 1286 1400 censerent:
1318 1365 1451 1402 civita-

345 1433 477 1476 tesque
506 1426 730 1476 complures,
752 1438 797 1461 eo
826 1425 967 1461 nuncio
996 1425 1138 1468 audito,
1160 1426 1197 1461 in
1219 1426 1447 1466 deditionem

343 1496 552 1527 venerunt:
589 1489 723 1538 quibus
749 1488 998 1539 purgantibus
1028 1501 1124 1532 sese,
1156 1489 1378 1540 culpamque
1407 1494 1447 1530 in

343 1556 501 1591 duorum
534 1554 739 1590 amentiam
770 1553 1067 1596 conferentibus,
1100 1554 1164 1603 qui
1196 1566 1235 1590 se
1268 1555 1368 1592 ultro
1399 1559 1447 1594 ad

340 1630 491 1669 poenam
512 1618 584 1668 ipsi
602 1617 842 1660 obtulissent,
863 1630 977 1666 quum
996 1618 1143 1654 veniam
1169 1618 1331 1656 dedisset
1349 1634 1446 1671 prae-

338 1691 422 1726 toi-3
456 1681 648 1732 profectus
675 1680 866 1731 extemplo
885 1681 932 1717 ad
951 1680 1041 1717 alias
1062 1681 1245 1724 civitates,
1267 1684 1442 1721 omnibus

335 1747 520 1796 imperata
547 1743 790 1787 facientibus,
827 1744 956 1792 quieto
985 1744 1152 1780 exercitu
1188 1752 1363 1794 pacatum
1399 1761 1441 1785 a-

336 1822 457 1859 grum,
479 1808 542 1858 qui
563 1807 690 1857 paullo
705 1813 794 1843 ante
809 1807 955 1855 ingenti
973 1807 1136 1843 tumultu
1156 1815 1310 1852 arserat,
1331 1823 1440 1859 pera-

336 1874 471 1922 gravit.
527 1871 622 1907 Haec
653 1870 789 1906 lenita-s
821 1871 1008 1919 p1·:etoriS,
1038 1884 1112 1920 qua
1143 1873 1223 1908 sine
1255 1876 1440 1922 sanguine

330 1937 603 1972 ferocissimam
624 1941 776 1983 gentem
795 1934 1004 1977 domuerat,
1021 1948 1066 1971 eo
1082 1937 1224 1984 gratior
1243 1937 1343 1987 plebi
1365 1939 1437 1976 Pa-

330 1999 525 2047 tribusque
544 1998 630 2040 fnit,
651 2010 727 2046 quo
755 1998 939 2034 crudelius
970 1999 1190 2047 avariusque
1219 2000 1256 2035 in
1287 2001 1435 2039 Graecia

328 2061 525 2104 bellatum,
546 2068 584 2096 et
603 2061 650 2097 ab
671 2061 826 2097 consule
845 2061 995 2097 Licinio
1015 2068 1052 2097 et
1071 2062 1119 2097 ab
1137 2061 1318 2099 Lucretio
1338 2077 1434 2114 prae-

327 2130 427 2166 tore,
448 2130 541 2160 erat.
585 2123 806 2160 Lucretium
826 2124 967 2160 tribuni
987 2125 1105 2174 plebis
1126 2125 1320 2163 absentem
1341 2141 1434 2165 con-

328 2187 500 2224 cionibus
521 2187 683 2224 adsiduis
704 2187 933 2231 lacerabant,
954 2201 1068 2237 quum
1091 2190 1303 2239 reipublicae
1323 2204 1429 2229 caus-

326 2263 369 2287 sa
392 2251 522 2287 abesse
548 2256 812 2287 excusaretur:
845 2251 909 2287 sed
940 2260 1017 2287 tum
1049 2253 1143 2288 adeo
1161 2254 1285 2290 vicina
1313 2255 1425 2291 etiam

325 2315 563 2366 inexplorata
581 2321 702 2359 erant,
724 2321 763 2351 ut
783 2316 812 2352 is
833 2328 878 2352 eo
899 2323 1068 2368 tempore
1086 2318 1124 2354 in
1145 2330 1237 2366 agro
1256 2330 1324 2354 suo
1343 2319 1423 2356 An-
