1546 2648
332 176 484 204 mmm
507 173 673 207 xL111.,
693 173 799 205 cAv.
823 174 872 202 x.
1073 174 1193 217 4071„

54 276 145 302 num
170 266 274 303 vario
303 278 440 315 genere
468 266 649 309 armavit:
681 270 954 315 peragrataque
982 267 1086 302 omni
1115 268 1355 305 ea,U.C.582.
1387 309 1390 311 ‚

54 330 224 377 regione,
246 331 290 366 ad
310 330 548 379 Lychnidum
568 329 874 364 Dassaretiorum
894 330 1076 367 consedit.
1172 313 1211 348 A·
1225 311 1263 341 C·
1284 317 1355 346 ¹⁷⁰¹

110 393 163 430 X.
184 393 299 440 Haud
319 393 450 443 procul
469 393 556 429 inde
572 392 729 438 Uscana¹
741 393 921 444 oppidum
936 393 1065 435 finium
1083 394 1161 444 ple·
1174 384 1383 458 ᾓῖἒξξὶῑῦςι

57 467 214 506 rumque
242 457 369 494 Persei
395 463 498 494 erat:
531 457 660 494 decem
685 456 804 493 millia
828 456 964 501 civium
985 457 1369 501 habebatmanensibug

58 525 97 555 et
132 521 336 565 modicum,
370 521 564 558 custodiae.
586 533 731 563 caussa,
767 521 1005 557 Cretensium
1038 523 1165 571 praesi-
1178 522 1292 554 emus·

59 583 175 622 dium.
212 585 325 634 ‚Inde
345 587 474 622 nuncii
497 586 544 623 ad
565 585 765 622 Claudium
783 585 924 622 occulti
942 585 1164 622 veniebant:

15 697 20 701 .
60 647 102 684 Si
117 651 267 698 propius
285 654 406 699 copias
424 652 649 693 admovisset,
666 655 816 699 paratos
830 649 932 698 fore,
953 651 1015 697 qui
1036 652 1170 698 procle-

60 716 141 748 rent
158 713 292 758 urbem.
338 714 390 749 Et
407 726 522 762 operae
543 715 699 762 pretium
724 725 807 755 esse,
828 725 900 749 non
917 725 954 748 se
971 715 1172 762 amicosque

62 779 216 824 tantum,
243 778 306 814 sed
333 779 441 813 etiam
472 778 604 814 milites
632 777 1022 825 praeclaexpleturum.
1077 778 1170 827 Spes

62 839 261 889 cupiditati
286 841 440 878 admota
465 841 520 877 ita
545 840 753 877 obcaecavit
772 840 954 883 animum,
977 846 1017 876 ut
1035 853 1104 877 nec
1125 854 1172 878 ex
1207 862 1210 865 ,

62 901 202 950 iis,¹qui
221 910 418 948 venerunt,
436 917 662 954 quemquam
682 904 885 948 retineret,
918 916 987 939 nec
1006 904 1172 948 obsides,

63 966 200 1016 pignus
208 966 367 1005 -futuros
386 968 490 1005 furto
510 975 548 1004 et
566 967 697 1004 fraude
717 967 872 1015 agendae
893 967 961 1009 rei,
978 976 1149 1016 posceret
1160 986 1170 1013 3

65 1042 134 1066 nec
152 1031 322 1068 mitteret.
343 1032 606 1082 exploratum3
638 1044 708 1068 nec
734 1031 845 1067 fidem
871 1031 1081 1079 acciperet:
1115 1033 1174 1068 die

66 1100 215 1134 tantum
235 1101 379 1132 statuta
396 1097 588 1147 profectus
604 1110 626 1132 a
641 1095 856 1144 Lychnido,
875 1095 1073 1131 duodecim
1089 1097 1174 1133 mil-

68 1156 119 1193 lia
137 1157 184 1194 ab
202 1158 311 1202 urbe,
329 1161 375 1196 ad
395 1173 508 1209 quam
526 1159 720 1202 tendebat,
738 1159 867 1208 posuit
887 1165 1022 1195 castra.
1050 1160 1176 1198 Quar—

67 1228 108 1257 ta
135 1222 223 1258 inde
244 1223 375 1271 vigilia
403 1224 512 1272 signa
540 1225 673 1266 movit,
695 1223 797 1258 mille
826 1222 943 1258 ferme
973 1223 1019 1258 ad
1048 1226 1178 1273 praesi-

69 1285 170 1321 dium
203 1293 414 1324 castrorum
445 1287 585 1324 relictis
604 1303 612 1324 ε
669 1287 926 1336 incompositi,
961 1286 1078 1335 longo
1111 1301 1178 1336 ag·-

71 1349 170 1385 mine
190 1350 311 1394 effusi,
327 1351 599 1400 infrequentes,
617 1363 732 1400 quum
751 1359 959 1385 nocturnus
980 1363 1084 1387 error
1103 1352 1179 1388 ‹lis-

72 1412 225 1462 siparet,
241 1416 289 1451 ad
307 1415 438 1451 urbem
459 1422 723 1464 pervenerunt.
782 1415 911 1450 Crevit
930 1415 1179 1463 negligentia,

73 1482 273 1524 postquam
309 1479 498 1514 neminem
535 1487 721 1514 armatum
759 1478 797 1513 in
841 1478 956 1513 muris
994 1479 1182 1516 viderunt.

75 1540 267 1585 Ceterum,
289 1542 353 1578 ubi
372 1543 534 1592 primum
554 1543 623 1579 sub
638 1543 747 1593 jactu
765 1543 831 1578 teli
853 1543 1019 1585 fuerunt,
1037 1543 1181 1580 duabus

76 1604 188 1640 simul
215 1606 334 1654 portis
364 1607 595 1656 erumpitur,
629 1612 667 1642 et
692 1606 739 1642 ad
761 1605 964 1642 clamorem
984 1618 1183 1655 erumpen·
1232 1619 1238 1624 ²

77 1668 324 1717 tium-ingens
344 1671 522 1720 strepitus
542 1683 562 1706 e
582 1671 697 1706 muris
717 1676 821 1706 ortus
848 1669 1074 1705 ululantium
1101 1682 1186 1706 mu-

77 1730 210 1767 lierum
229 1745 314 1769 cum
334 1734 480 1783 crepitu
498 1735 663 1783 undique
683 1735 765 1770 aeris
781 1748 788 1769 ε
821 1740 859 1769 et
878 1734 1074 1770 incondita
1089 1734 1186 1769 mul-
1224 1755 1225 1759 =

78 1794 216 1839 titudo,
233 1797 346 1833 turba
363 1799 525 1835 inmixta
543 1798 683 1841 servili,
699 1798 810 1834 variis
831 1797 986 1833 vocibus
1006 1810 1187 1846 persona-

79 1857 156 1895 bat.
188 1859 280 1901 ,Hic
299 1865 376 1896 tam
396 1861 594 1911 multiplex
616 1862 780 1910 undique
800 1859 972 1909 objectus
994 1868 1114 1896 terror
1134 1860 1188 1896 ef-

80 1921 184 1964 fecit,
204 1935 251 1958 ne
269 1923 454 1960 sustinere
473 1926 633 1974 primam
653 1923 857 1973 procellam
876 1923 1085 1972 eruptionis
1107 1922 1191 1959 Ro-

82 1986 183 2021 mani
202 1993 369 2034 possent.
427 1987 562 2036 Itaque
582 1987 770 2035 fugientes
791 1986 930 2034 plures,
952 1998 1063 2033 quaxn
1095 1998 1191 2035 pug-

82 2056 230 2092 nantes,
247 2051 438 2088 interemti
455 2058 561 2087 sunt:
585 2052 648 2086 vix
665 2051 738 2086 duo
753 2049 873 2085 millia
888 2050 1086 2085 hominum
1106 2062 1192 2086 cum

84 2112 167 2160 ipso
185 2111 312 2159 legato
332 2115 370 2150 in
390 2122 515 2150 castra
533 2115 792 2163 persugerunt.
842 2118 930 2151 Quo
950 2113 1100 2161 longius
1121 2113 1193 2152 iter

85 2176 125 2211 in
145 2181 267 2212 castra
286 2184 379 2219 erat,
399 2190 444 2214 eo
465 2179 588 2228 plures
608 2179 727 2224 fessos
749 2178 993 2214 consectandi
1020 2177 1193 2213 hostibus
1233 2213 1235 2215 ,

86 2240 197 2288 copia
215 2239 299 2276 fuit.
353 2240 417 2275 Ne
435 2249 602 2277 moratus
632 2242 782 2290 quidem
812 2242 850 2276 in
880 2241 1012 2276 castris
1031 2240 1194 2289 Appius,

87 2309 129 2339 ut
154 2315 242 2340 suos
268 2304 468 2354 dissipatos
494 2303 586 2354 fuga
610 2304 833 2354 conligeret,
858 2304 957 2353 (quae
979 2315 1038 2344 res
1058 2302 1194 2354 palatis
1236 2340 1238 2343 ,
