<?xml version="1.0" encoding="UTF-8"?>
<!DOCTYPE html PUBLIC "-//W3C//DTD XHTML 1.0 Transitional//EN"
    "http://www.w3.org/TR/xhtml1/DTD/xhtml1-transitional.dtd">
<html xmlns="http://www.w3.org/1999/xhtml" xml:lang="en" lang="en">
 <head>
  <title>
</title>
<meta http-equiv="Content-Type" content="text/html;charset=utf-8" />
  <meta name='ocr-system' content='tesseract 3.04.00' />
  <meta name='ocr-capabilities' content='ocr_page ocr_carea ocr_par ocr_line ocrx_word'/>
</head>
<body>
  <div class='ocr_page' id='page_1' title='image "./historiarumquaes04livyuoft/historiarumquaes04livyuoft_0328.png"; bbox 0 0 1546 2648; ppageno 0'>
   <div class='ocr_carea' id='block_1_1' title="bbox 114 232 295 270">
    <p class='ocr_par' dir='ltr' id='par_1_1' title="bbox 114 232 295 270">
     <span class='ocr_line' id='line_1_1' title="bbox 114 232 295 270; baseline 0.017 -7"><span class='ocrx_word' id='word_1_1' title='bbox 114 232 156 264; x_wconf 84' lang='lat' dir='ltr'>U.</span> <span class='ocrx_word' id='word_1_2' title='bbox 169 233 206 264; x_wconf 89' lang='lat' dir='ltr'>C.</span> <span class='ocrx_word' id='word_1_3' title='bbox 222 240 295 270; x_wconf 80' lang='lat'><strong>578·</strong></span> 
     </span>
    </p>
   </div>
   <div class='ocr_carea' id='block_1_2' title="bbox 112 276 292 313">
    <p class='ocr_par' dir='ltr' id='par_1_2' title="bbox 112 276 292 313">
     <span class='ocr_line' id='line_1_2' title="bbox 112 276 292 313; baseline 0.006 -6"><span class='ocrx_word' id='word_1_4' title='bbox 112 276 204 308; x_wconf 81' lang='lat' dir='ltr'><strong>A.C.</strong></span> <span class='ocrx_word' id='word_1_5' title='bbox 220 283 292 313; x_wconf 76' lang='lat'>174.</span> 
     </span>
    </p>
   </div>
   <div class='ocr_carea' id='block_1_3' title="bbox 304 130 964 186">
    <p class='ocr_par' dir='ltr' id='par_1_3' title="bbox 304 130 964 186">
     <span class='ocr_line' id='line_1_3' title="bbox 304 130 964 186; baseline 0 -14"><span class='ocrx_word' id='word_1_6' title='bbox 304 130 388 186; x_wconf 84' lang='lat'>318</span> <span class='ocrx_word' id='word_1_7' title='bbox 761 142 807 171; x_wconf 79' lang='grc' dir='ltr'>Τ.</span> <span class='ocrx_word' id='word_1_8' title='bbox 831 142 964 172; x_wconf 77' lang='lat' dir='ltr'>mvn</span> 
     </span>
    </p>
   </div>
   <div class='ocr_carea' id='block_1_4' title="bbox 298 228 1415 1108">
    <p class='ocr_par' dir='ltr' id='par_1_4' title="bbox 298 228 1415 1108">
     <span class='ocr_line' id='line_1_4' title="bbox 306 228 1413 279; baseline 0.002 -13"><span class='ocrx_word' id='word_1_9' title='bbox 306 228 406 267; x_wconf 84' lang='lat' dir='ltr'>hiem</span> <span class='ocrx_word' id='word_1_10' title='bbox 423 228 548 279; x_wconf 83' lang='lat' dir='ltr'>gentis</span> <span class='ocrx_word' id='word_1_11' title='bbox 560 240 638 265; x_wconf 91' lang='lat' dir='ltr'>non</span> <span class='ocrx_word' id='word_1_12' title='bbox 658 240 780 278; x_wconf 87' lang='lat' dir='ltr'>posse.</span> <span class='ocrx_word' id='word_1_13' title='bbox 836 229 1031 267; x_wconf 86' lang='lat' dir='ltr'>Patavinis</span> <span class='ocrx_word' id='word_1_14' title='bbox 1052 228 1164 267; x_wconf 87' lang='lat' dir='ltr'>saluti</span> <span class='ocrx_word' id='word_1_15' title='bbox 1182 230 1258 267; x_wconf 80' lang='lat' dir='ltr'>fuit</span> <span class='ocrx_word' id='word_1_16' title='bbox 1275 230 1413 268; x_wconf 86' lang='lat' dir='ltr'>adven-</span> 
     </span>
     <span class='ocr_line' id='line_1_5' title="bbox 304 292 1413 344; baseline 0.002 -14"><span class='ocrx_word' id='word_1_17' title='bbox 304 300 366 330; x_wconf 91' lang='lat' dir='ltr'>tus</span> <span class='ocrx_word' id='word_1_18' title='bbox 384 292 550 330; x_wconf 86' lang='lat' dir='ltr'>consulis</span> <span class='ocrx_word' id='word_1_19' title='bbox 571 307 578 328; x_wconf 93' lang='lat'>:</span> <span class='ocrx_word' id='word_1_20' title='bbox 599 305 722 342; x_wconf 90' lang='lat' dir='ltr'>neque</span> <span class='ocrx_word' id='word_1_21' title='bbox 741 292 856 337; x_wconf 86' lang='lat' dir='ltr'>aliud,</span> <span class='ocrx_word' id='word_1_22' title='bbox 877 295 979 343; x_wconf 85' lang='lat' dir='ltr'>quod</span> <span class='ocrx_word' id='word_1_23' title='bbox 997 301 1126 343; x_wconf 87' lang='lat' dir='ltr'>ageret</span> <span class='ocrx_word' id='word_1_24' title='bbox 1145 295 1184 331; x_wconf 93' lang='lat' dir='ltr'>in</span> <span class='ocrx_word' id='word_1_25' title='bbox 1202 295 1413 344; x_wconf 88' lang='lat' dir='ltr'>provincia,</span> 
     </span>
     <span class='ocr_line' id='line_1_6' title="bbox 304 349 1414 407; baseline 0.002 -14"><span class='ocrx_word' id='word_1_26' title='bbox 304 369 419 407; x_wconf 90' lang='lat' dir='ltr'>quum</span> <span class='ocrx_word' id='word_1_27' title='bbox 434 355 647 399; x_wconf 79' lang='lat' dir='ltr'>habuisset,</span> <span class='ocrx_word' id='word_1_28' title='bbox 667 355 833 392; x_wconf 87' lang='lat' dir='ltr'>Romam</span> <span class='ocrx_word' id='word_1_29' title='bbox 852 357 978 394; x_wconf 89' lang='lat' dir='ltr'>rediit.</span> <span class='ocrx_word' id='word_1_30' title='bbox 1016 358 1200 395; x_wconf 88' lang='lat' dir='ltr'>Censores</span> <span class='ocrx_word' id='word_1_31' title='bbox 1220 358 1298 394; x_wconf 81' lang='lat' dir='ltr'>vias</span> <span class='ocrx_word' id='word_1_32' title='bbox 1319 349 1414 395; x_wconf 86' lang='lat' dir='ltr'>ster·</span> 
     </span>
     <span class='ocr_line' id='line_1_7' title="bbox 303 419 1414 469; baseline 0.001 -12"><span class='ocrx_word' id='word_1_33' title='bbox 303 421 447 457; x_wconf 86' lang='lat' dir='ltr'>nendas</span> <span class='ocrx_word' id='word_1_34' title='bbox 467 419 572 456; x_wconf 90' lang='lat' dir='ltr'>silice</span> <span class='ocrx_word' id='word_1_35' title='bbox 590 420 629 456; x_wconf 88' lang='lat' dir='ltr'>in</span> <span class='ocrx_word' id='word_1_36' title='bbox 647 419 752 463; x_wconf 88' lang='lat' dir='ltr'>urbe,</span> <span class='ocrx_word' id='word_1_37' title='bbox 770 419 898 469; x_wconf 85' lang='lat' dir='ltr'>glarea</span> <span class='ocrx_word' id='word_1_38' title='bbox 917 427 1026 458; x_wconf 86' lang='lat' dir='ltr'>extra</span> <span class='ocrx_word' id='word_1_39' title='bbox 1043 420 1175 458; x_wconf 86' lang='lat' dir='ltr'>urbem</span> <span class='ocrx_word' id='word_1_40' title='bbox 1193 421 1414 459; x_wconf 85' lang='lat' dir='ltr'>substruen-</span> 
     </span>
     <span class='ocr_line' id='line_1_8' title="bbox 304 484 1413 536; baseline 0.001 -15"><span class='ocrx_word' id='word_1_41' title='bbox 304 485 369 521; x_wconf 87' lang='lat' dir='ltr'>das</span> <span class='ocrx_word' id='word_1_42' title='bbox 384 484 726 533; x_wconf 82' lang='lat' dir='ltr'>marginandasque</span> <span class='ocrx_word' id='word_1_43' title='bbox 745 484 857 534; x_wconf 88' lang='lat' dir='ltr'>primi</span> <span class='ocrx_word' id='word_1_44' title='bbox 876 485 1046 521; x_wconf 90' lang='lat' dir='ltr'>omnium</span> <span class='ocrx_word' id='word_1_45' title='bbox 1064 484 1299 529; x_wconf 85' lang='lat' dir='ltr'>locaverunt,</span> <span class='ocrx_word' id='word_1_46' title='bbox 1315 497 1413 536; x_wconf 89' lang='lat' dir='ltr'>pon·</span> 
     </span>
     <span class='ocr_line' id='line_1_9' title="bbox 301 547 1414 598; baseline 0 -13"><span class='ocrx_word' id='word_1_47' title='bbox 301 555 435 598; x_wconf 87' lang='lat' dir='ltr'>tesque</span> <span class='ocrx_word' id='word_1_48' title='bbox 463 547 592 584; x_wconf 88' lang='lat' dir='ltr'>multis</span> <span class='ocrx_word' id='word_1_49' title='bbox 622 547 715 584; x_wconf 91' lang='lat' dir='ltr'>locis</span> <span class='ocrx_word' id='word_1_50' title='bbox 745 548 964 585; x_wconf 83' lang='lat' dir='ltr'>faciendos:</span> <span class='ocrx_word' id='word_1_51' title='bbox 995 555 1033 585; x_wconf 89' lang='lat' dir='ltr'>et</span> <span class='ocrx_word' id='word_1_52' title='bbox 1062 561 1213 586; x_wconf 88' lang='lat' dir='ltr'>scenam</span> <span class='ocrx_word' id='word_1_53' title='bbox 1243 549 1414 586; x_wconf 64' lang='lat' dir='ltr'>aedilibus</span> 
     </span>
     <span class='ocr_line' id='line_1_10' title="bbox 300 611 1414 663; baseline 0 -14"><span class='ocrx_word' id='word_1_54' title='bbox 300 612 601 663; x_wconf 68' lang='lat' dir='ltr'>praetoribusque</span> <span class='ocrx_word' id='word_1_55' title='bbox 629 611 894 661; x_wconf 83' lang='lat' dir='ltr'>praebendam:</span> <span class='ocrx_word' id='word_1_56' title='bbox 926 619 965 648; x_wconf 89' lang='lat' dir='ltr'>et</span> <span class='ocrx_word' id='word_1_57' title='bbox 993 624 1160 648; x_wconf 84' lang='lat' dir='ltr'>carceres</span> <span class='ocrx_word' id='word_1_58' title='bbox 1179 612 1218 648; x_wconf 92' lang='lat' dir='ltr'>in</span> <span class='ocrx_word' id='word_1_59' title='bbox 1238 613 1353 656; x_wconf 87' lang='lat' dir='ltr'>circo,</span> <span class='ocrx_word' id='word_1_60' title='bbox 1374 620 1414 649; x_wconf 88' lang='lat' dir='ltr'>et</span> 
     </span>
     <span class='ocr_line' id='line_1_11' title="bbox 302 674 1414 719; baseline -0.001 -6"><span class='ocrx_word' id='word_1_61' title='bbox 302 689 374 713; x_wconf 89' lang='lat' dir='ltr'>ova</span> <span class='ocrx_word' id='word_1_62' title='bbox 403 675 450 712; x_wconf 87' lang='lat' dir='ltr'>ad</span> <span class='ocrx_word' id='word_1_63' title='bbox 479 680 591 712; x_wconf 89' lang='lat' dir='ltr'>notas</span> <span class='ocrx_word' id='word_1_64' title='bbox 626 674 822 711; x_wconf 88' lang='lat' dir='ltr'>curriculis</span> <span class='ocrx_word' id='word_1_65' title='bbox 851 676 1106 719; x_wconf 85' lang='lat' dir='ltr'>numerandis,</span> <span class='ocrx_word' id='word_1_66' title='bbox 1127 682 1165 711; x_wconf 88' lang='lat' dir='ltr'>et</span> <span class='ocrx_word' id='word_1_67' title='bbox 1193 674 1218 699; x_wconf 72' lang='lat'>÷÷</span> <span class='ocrx_word' id='word_1_68' title='bbox 1248 676 1348 719; x_wconf 89' lang='lat' dir='ltr'>dam,</span> <span class='ocrx_word' id='word_1_69' title='bbox 1375 681 1414 712; x_wconf 83' lang='lat' dir='ltr'>et</span> 
     </span>
     <span class='ocr_line' id='line_1_12' title="bbox 301 737 1415 788; baseline -0.001 -12"><span class='ocrx_word' id='word_1_70' title='bbox 301 745 422 776; x_wconf 86' lang='lat' dir='ltr'>metas</span> <span class='ocrx_word' id='word_1_71' title='bbox 454 744 559 774; x_wconf 80' lang='lat' dir='ltr'>trans</span> <span class='ocrx_word' id='word_1_72' title='bbox 589 738 615 761; x_wconf 71' lang='lat'>÷÷</span> <span class='ocrx_word' id='word_1_73' title='bbox 645 743 685 774; x_wconf 89' lang='lat' dir='ltr'>et</span> <span class='ocrx_word' id='word_1_74' title='bbox 717 750 847 774; x_wconf 85' lang='lat' dir='ltr'>caveas</span> <span class='ocrx_word' id='word_1_75' title='bbox 877 737 1018 774; x_wconf 83' lang='lat' dir='ltr'>ferreas</span> <span class='ocrx_word' id='word_1_76' title='bbox 1051 750 1099 788; x_wconf 89' lang='lat' dir='ltr'>pe</span> <span class='ocrx_word' id='word_1_77' title='bbox 1115 738 1152 785; x_wconf 48' lang='grc' dir='ltr'>Ἃ·</span> <span class='ocrx_word' id='word_1_78' title='bbox 1181 738 1415 775; x_wconf 88' lang='lat' dir='ltr'>intromitte-</span> 
     </span>
     <span class='ocr_line' id='line_1_13' title="bbox 301 802 1414 848; baseline 0.002 -10"><span class='ocrx_word' id='word_1_79' title='bbox 301 809 432 839; x_wconf 87' lang='lat' dir='ltr'>rentur</span> <span class='ocrx_word' id='word_1_80' title='bbox 457 803 480 825; x_wconf 56' lang='lat'><em>*</em></span> <span class='ocrx_word' id='word_1_81' title='bbox 504 802 636 839; x_wconf 85' lang='lat' dir='ltr'>ferreis</span> <span class='ocrx_word' id='word_1_82' title='bbox 658 802 698 839; x_wconf 88' lang='lat' dir='ltr'>in</span> <span class='ocrx_word' id='word_1_83' title='bbox 716 808 848 839; x_wconf 86' lang='lat' dir='ltr'>monte</span> <span class='ocrx_word' id='word_1_84' title='bbox 865 802 1019 840; x_wconf 88' lang='lat' dir='ltr'>Albano</span> <span class='ocrx_word' id='word_1_85' title='bbox 1036 802 1269 848; x_wconf 89' lang='lat' dir='ltr'>consulibus,</span> <span class='ocrx_word' id='word_1_86' title='bbox 1288 809 1328 840; x_wconf 90' lang='lat' dir='ltr'>et</span> <span class='ocrx_word' id='word_1_87' title='bbox 1345 803 1414 840; x_wconf 88' lang='lat' dir='ltr'>cli-</span> 
     </span>
     <span class='ocr_line' id='line_1_14' title="bbox 300 865 1412 917; baseline 0.002 -15"><span class='ocrx_word' id='word_1_88' title='bbox 300 878 388 903; x_wconf 79' lang='lat' dir='ltr'>vum</span> <span class='ocrx_word' id='word_1_89' title='bbox 417 865 679 917; x_wconf 86' lang='lat' dir='ltr'>Capitolinum</span> <span class='ocrx_word' id='word_1_90' title='bbox 707 865 812 902; x_wconf 83' lang='lat' dir='ltr'>silice</span> <span class='ocrx_word' id='word_1_91' title='bbox 841 867 1084 903; x_wconf 86' lang='lat' dir='ltr'>sternendum</span> <span class='ocrx_word' id='word_1_92' title='bbox 1113 873 1352 910; x_wconf 86' lang='lat' dir='ltr'>curaverunt,</span> <span class='ocrx_word' id='word_1_93' title='bbox 1373 872 1412 904; x_wconf 78' lang='lat' dir='ltr'>et</span> 
     </span>
     <span class='ocr_line' id='line_1_15' title="bbox 299 928 1411 981; baseline 0.002 -16"><span class='ocrx_word' id='word_1_94' title='bbox 299 929 489 979; x_wconf 85' lang='lat' dir='ltr'>porticum</span> <span class='ocrx_word' id='word_1_95' title='bbox 507 928 554 966; x_wconf 91' lang='lat' dir='ltr'>ab</span> <span class='ocrx_word' id='word_1_96' title='bbox 582 929 661 966; x_wconf 83' lang='lat' dir='ltr'>aede</span> <span class='ocrx_word' id='word_1_97' title='bbox 683 929 837 966; x_wconf 86' lang='lat' dir='ltr'>Saturni</span> <span class='ocrx_word' id='word_1_98' title='bbox 862 930 901 966; x_wconf 92' lang='lat' dir='ltr'>in</span> <span class='ocrx_word' id='word_1_99' title='bbox 923 928 1157 981; x_wconf 82' lang='lat' dir='ltr'>Capitolium</span> <span class='ocrx_word' id='word_1_100' title='bbox 1176 929 1224 966; x_wconf 92' lang='lat' dir='ltr'>ad</span> <span class='ocrx_word' id='word_1_101' title='bbox 1252 942 1411 967; x_wconf 88' lang='lat' dir='ltr'>senacu-</span> 
     </span>
     <span class='ocr_line' id='line_1_16' title="bbox 299 992 1411 1044; baseline 0.001 -15"><span class='ocrx_word' id='word_1_102' title='bbox 299 993 391 1037; x_wconf 87' lang='lat' dir='ltr'>lum,</span> <span class='ocrx_word' id='word_1_103' title='bbox 418 1006 461 1030; x_wconf 89' lang='lat' dir='ltr'>ac</span> <span class='ocrx_word' id='word_1_104' title='bbox 490 1005 603 1043; x_wconf 89' lang='lat' dir='ltr'>super</span> <span class='ocrx_word' id='word_1_105' title='bbox 626 993 664 1030; x_wconf 89' lang='lat' dir='ltr'>id</span> <span class='ocrx_word' id='word_1_106' title='bbox 691 994 845 1031; x_wconf 90' lang='lat' dir='ltr'>curiam.</span> <span class='ocrx_word' id='word_1_107' title='bbox 901 992 955 1030; x_wconf 89' lang='lat' dir='ltr'>Et</span> <span class='ocrx_word' id='word_1_108' title='bbox 983 1000 1090 1030; x_wconf 87' lang='lat' dir='ltr'>extra</span> <span class='ocrx_word' id='word_1_109' title='bbox 1107 1000 1257 1044; x_wconf 87' lang='lat' dir='ltr'>portam</span> <span class='ocrx_word' id='word_1_110' title='bbox 1275 993 1411 1043; x_wconf 86' lang='lat' dir='ltr'>Trige·</span> 
     </span>
     <span class='ocr_line' id='line_1_17' title="bbox 298 1056 1411 1108; baseline 0 -15"><span class='ocrx_word' id='word_1_111' title='bbox 298 1057 441 1094; x_wconf 86' lang='lat' dir='ltr'>minam</span> <span class='ocrx_word' id='word_1_112' title='bbox 478 1057 689 1107; x_wconf 73' lang='lat' dir='ltr'>emporium</span> <span class='ocrx_word' id='word_1_113' title='bbox 721 1056 848 1107; x_wconf 87' lang='lat' dir='ltr'>lapide</span> <span class='ocrx_word' id='word_1_114' title='bbox 881 1063 1110 1100; x_wconf 86' lang='lat' dir='ltr'>straverunt,</span> <span class='ocrx_word' id='word_1_115' title='bbox 1144 1056 1411 1108; x_wconf 78' lang='lat' dir='ltr'>stipitibusque</span> 
     </span>
    </p>
   </div>
   <div class='ocr_carea' id='block_1_5' title="bbox 299 1117 1431 1170">
    <p class='ocr_par' dir='ltr' id='par_1_5' title="bbox 299 1117 1431 1170">
     <span class='ocr_line' id='line_1_18' title="bbox 299 1117 1431 1170; baseline -0.002 -13"><span class='ocrx_word' id='word_1_116' title='bbox 299 1126 496 1170; x_wconf 84' lang='lat' dir='ltr'>sepserunt</span> <span class='ocrx_word' id='word_1_117' title='bbox 515 1134 522 1154; x_wconf 93' lang='lat'>:</span> <span class='ocrx_word' id='word_1_118' title='bbox 555 1125 593 1155; x_wconf 89' lang='lat' dir='ltr'>et</span> <span class='ocrx_word' id='word_1_119' title='bbox 610 1119 801 1169; x_wconf 87' lang='lat' dir='ltr'>porticum</span> <span class='ocrx_word' id='word_1_120' title='bbox 818 1117 1015 1157; x_wconf 84' lang='lat' dir='ltr'>AEmiliam</span> <span class='ocrx_word' id='word_1_121' title='bbox 1041 1119 1281 1156; x_wconf 87' lang='lat' dir='ltr'>reficiendam</span> <span class='ocrx_word' id='word_1_122' title='bbox 1300 1131 1410 1157; x_wconf 89' lang='lat' dir='ltr'>cura·</span> <span class='ocrx_word' id='word_1_123' title='bbox 1427 1149 1431 1155; x_wconf 76' lang='lat'><em>.</em></span> 
     </span>
    </p>
   </div>
   <div class='ocr_carea' id='block_1_6' title="bbox 286 1181 1409 2319">
    <p class='ocr_par' dir='ltr' id='par_1_6' title="bbox 286 1181 1409 2319">
     <span class='ocr_line' id='line_1_19' title="bbox 296 1181 1409 1233; baseline 0.001 -14"><span class='ocrx_word' id='word_1_124' title='bbox 296 1189 412 1220; x_wconf 84' lang='lat' dir='ltr'>runt:</span> <span class='ocrx_word' id='word_1_125' title='bbox 445 1182 698 1231; x_wconf 84' lang='lat' dir='ltr'>gradibusque</span> <span class='ocrx_word' id='word_1_126' title='bbox 727 1182 949 1219; x_wconf 87' lang='lat' dir='ltr'>adscensum</span> <span class='ocrx_word' id='word_1_127' title='bbox 978 1181 1025 1218; x_wconf 90' lang='lat' dir='ltr'>ab</span> <span class='ocrx_word' id='word_1_128' title='bbox 1053 1181 1184 1218; x_wconf 84' lang='lat' dir='ltr'>Tiberi</span> <span class='ocrx_word' id='word_1_129' title='bbox 1211 1182 1252 1219; x_wconf 89' lang='lat' dir='ltr'>in</span> <span class='ocrx_word' id='word_1_130' title='bbox 1277 1194 1409 1233; x_wconf 84' lang='lat' dir='ltr'>empo-</span> 
     </span>
     <span class='ocr_line' id='line_1_20' title="bbox 295 1244 1408 1296; baseline 0 -14"><span class='ocrx_word' id='word_1_131' title='bbox 295 1246 394 1282; x_wconf 83' lang='lat' dir='ltr'>rium</span> <span class='ocrx_word' id='word_1_132' title='bbox 412 1244 585 1282; x_wconf 89' lang='lat' dir='ltr'>fecerunt</span> <span class='ocrx_word' id='word_1_133' title='bbox 601 1259 610 1280; x_wconf 76' lang='lat' dir='ltr'>t</span> <span class='ocrx_word' id='word_1_134' title='bbox 643 1251 681 1281; x_wconf 90' lang='lat' dir='ltr'>et</span> <span class='ocrx_word' id='word_1_135' title='bbox 700 1251 809 1282; x_wconf 83' lang='lat' dir='ltr'>extra</span> <span class='ocrx_word' id='word_1_136' title='bbox 833 1245 1003 1282; x_wconf 87' lang='lat' dir='ltr'>eamdem</span> <span class='ocrx_word' id='word_1_137' title='bbox 1023 1251 1173 1296; x_wconf 88' lang='lat' dir='ltr'>portam</span> <span class='ocrx_word' id='word_1_138' title='bbox 1189 1245 1230 1281; x_wconf 88' lang='lat' dir='ltr'>in</span> <span class='ocrx_word' id='word_1_139' title='bbox 1248 1246 1408 1283; x_wconf 86' lang='lat' dir='ltr'>Aventi-</span> 
     </span>
     <span class='ocr_line' id='line_1_21' title="bbox 294 1307 1407 1360; baseline -0.001 -13"><span class='ocrx_word' id='word_1_140' title='bbox 294 1322 387 1347; x_wconf 88' lang='lat' dir='ltr'>num</span> <span class='ocrx_word' id='word_1_141' title='bbox 415 1310 607 1360; x_wconf 87' lang='lat' dir='ltr'>porticum</span> <span class='ocrx_word' id='word_1_142' title='bbox 636 1308 740 1345; x_wconf 89' lang='lat' dir='ltr'>silice</span> <span class='ocrx_word' id='word_1_143' title='bbox 773 1314 1001 1353; x_wconf 87' lang='lat' dir='ltr'>straverunt,</span> <span class='ocrx_word' id='word_1_144' title='bbox 1032 1314 1070 1345; x_wconf 90' lang='lat' dir='ltr'>et</span> <span class='ocrx_word' id='word_1_145' title='bbox 1102 1321 1148 1345; x_wconf 87' lang='lat' dir='ltr'>eo</span> <span class='ocrx_word' id='word_1_146' title='bbox 1174 1307 1328 1359; x_wconf 88' lang='lat' dir='ltr'>publico</span> <span class='ocrx_word' id='word_1_147' title='bbox 1357 1308 1407 1346; x_wconf 88' lang='lat' dir='ltr'>ab</span> 
     </span>
     <span class='ocr_line' id='line_1_22' title="bbox 296 1371 1406 1411; baseline 0 -1"><span class='ocrx_word' id='word_1_148' title='bbox 296 1374 375 1411; x_wconf 83' lang='lat' dir='ltr'>aede</span> <span class='ocrx_word' id='word_1_149' title='bbox 408 1373 568 1409; x_wconf 78' lang='lat' dir='ltr'>Vener1s</span> <span class='ocrx_word' id='word_1_150' title='bbox 605 1372 790 1410; x_wconf 86' lang='lat' dir='ltr'>fecerunt.</span> <span class='ocrx_word' id='word_1_151' title='bbox 845 1372 967 1409; x_wconf 89' lang='lat' dir='ltr'>Iidem</span> <span class='ocrx_word' id='word_1_152' title='bbox 1001 1371 1158 1409; x_wconf 81' lang='lat' dir='ltr'>Calatiae</span> <span class='ocrx_word' id='word_1_153' title='bbox 1187 1379 1225 1408; x_wconf 88' lang='lat' dir='ltr'>et</span> <span class='ocrx_word' id='word_1_154' title='bbox 1245 1373 1406 1410; x_wconf 84' lang='lat' dir='ltr'>Auximi</span> 
     </span>
     <span class='ocr_line' id='line_1_23' title="bbox 294 1435 1405 1487; baseline 0 -13"><span class='ocrx_word' id='word_1_155' title='bbox 294 1449 422 1475; x_wconf 86' lang='lat' dir='ltr'>muros</span> <span class='ocrx_word' id='word_1_156' title='bbox 442 1436 636 1473; x_wconf 88' lang='lat' dir='ltr'>faciendos</span> <span class='ocrx_word' id='word_1_157' title='bbox 665 1436 911 1473; x_wconf 83' lang='lat' dir='ltr'>locaverunt:</span> <span class='ocrx_word' id='word_1_158' title='bbox 942 1436 1179 1486; x_wconf 86' lang='lat' dir='ltr'>venditisque</span> <span class='ocrx_word' id='word_1_159' title='bbox 1198 1435 1252 1473; x_wconf 89' lang='lat' dir='ltr'>ibi</span> <span class='ocrx_word' id='word_1_160' title='bbox 1279 1436 1405 1487; x_wconf 78' lang='lat' dir='ltr'>publi-</span> 
     </span>
     <span class='ocr_line' id='line_1_24' title="bbox 294 1499 1402 1551; baseline -0.001 -13"><span class='ocrx_word' id='word_1_161' title='bbox 294 1502 347 1538; x_wconf 87' lang='lat' dir='ltr'>cis</span> <span class='ocrx_word' id='word_1_162' title='bbox 366 1500 474 1544; x_wconf 80' lang='lat' dir='ltr'>locis,</span> <span class='ocrx_word' id='word_1_163' title='bbox 495 1501 708 1551; x_wconf 86' lang='lat' dir='ltr'>pecuniam,</span> <span class='ocrx_word' id='word_1_164' title='bbox 729 1514 811 1550; x_wconf 87' lang='lat' dir='ltr'>quae</span> <span class='ocrx_word' id='word_1_165' title='bbox 831 1500 984 1536; x_wconf 84' lang='lat' dir='ltr'>redacta</span> <span class='ocrx_word' id='word_1_166' title='bbox 1006 1505 1100 1542; x_wconf 86' lang='lat' dir='ltr'>erat,</span> <span class='ocrx_word' id='word_1_167' title='bbox 1120 1499 1288 1536; x_wconf 87' lang='lat' dir='ltr'>tabernis</span> <span class='ocrx_word' id='word_1_168' title='bbox 1308 1501 1402 1537; x_wconf 90' lang='lat' dir='ltr'>utri-</span> 
     </span>
     <span class='ocr_line' id='line_1_25' title="bbox 294 1563 1403 1615; baseline -0.001 -14"><span class='ocrx_word' id='word_1_169' title='bbox 294 1578 366 1615; x_wconf 88' lang='lat' dir='ltr'>que</span> <span class='ocrx_word' id='word_1_170' title='bbox 385 1565 470 1601; x_wconf 84' lang='lat' dir='ltr'>foro</span> <span class='ocrx_word' id='word_1_171' title='bbox 486 1565 760 1601; x_wconf 87' lang='lat' dir='ltr'>circumdandis</span> <span class='ocrx_word' id='word_1_172' title='bbox 782 1569 1094 1601; x_wconf 85' lang='lat' dir='ltr'>consumserunt:</span> <span class='ocrx_word' id='word_1_173' title='bbox 1121 1569 1159 1599; x_wconf 85' lang='lat' dir='ltr'>et</span> <span class='ocrx_word' id='word_1_174' title='bbox 1178 1563 1273 1600; x_wconf 90' lang='lat' dir='ltr'>alter</span> <span class='ocrx_word' id='word_1_175' title='bbox 1292 1575 1338 1602; x_wconf 87' lang='lat' dir='ltr'>ex</span> <span class='ocrx_word' id='word_1_176' title='bbox 1357 1564 1403 1601; x_wconf 69' lang='lat' dir='ltr'>ii·</span> 
     </span>
     <span class='ocr_line' id='line_1_26' title="bbox 292 1626 1402 1677; baseline -0.001 -11"><span class='ocrx_word' id='word_1_177' title='bbox 292 1628 446 1666; x_wconf 85' lang='lat' dir='ltr'>Fulvius</span> <span class='ocrx_word' id='word_1_178' title='bbox 476 1628 633 1665; x_wconf 88' lang='lat' dir='ltr'>Flaccus</span> <span class='ocrx_word' id='word_1_179' title='bbox 659 1630 764 1677; x_wconf 90' lang='lat' dir='ltr'>(nam</span> <span class='ocrx_word' id='word_1_180' title='bbox 791 1628 1011 1665; x_wconf 87' lang='lat' dir='ltr'>Postumius</span> <span class='ocrx_word' id='word_1_181' title='bbox 1031 1626 1141 1671; x_wconf 90' lang='lat' dir='ltr'>nihil,</span> <span class='ocrx_word' id='word_1_182' title='bbox 1156 1628 1229 1664; x_wconf 86' lang='lat' dir='ltr'>nisi</span> <span class='ocrx_word' id='word_1_183' title='bbox 1249 1634 1402 1665; x_wconf 72' lang='lat' dir='ltr'>senatus</span> 
     </span>
     <span class='ocr_line' id='line_1_27' title="bbox 293 1691 1402 1743; baseline -0.003 -14"><span class='ocrx_word' id='word_1_184' title='bbox 293 1692 463 1729; x_wconf 83' lang='lat' dir='ltr'>Romani</span> <span class='ocrx_word' id='word_1_185' title='bbox 482 1692 659 1742; x_wconf 89' lang='lat' dir='ltr'>populive</span> <span class='ocrx_word' id='word_1_186' title='bbox 671 1691 798 1743; x_wconf 87' lang='lat' dir='ltr'>jussu,</span> <span class='ocrx_word' id='word_1_187' title='bbox 815 1705 854 1729; x_wconf 91' lang='lat' dir='ltr'>se</span> <span class='ocrx_word' id='word_1_188' title='bbox 873 1691 1086 1729; x_wconf 87' lang='lat' dir='ltr'>locaturum</span> <span class='ocrx_word' id='word_1_189' title='bbox 1105 1692 1273 1741; x_wconf 88' lang='lat' dir='ltr'>ipsorum</span> <span class='ocrx_word' id='word_1_190' title='bbox 1287 1703 1402 1741; x_wconf 90' lang='lat' dir='ltr'>pecu-</span> 
     </span>
     <span class='ocr_line' id='line_1_28' title="bbox 290 1753 1399 1803; baseline -0.002 -10"><span class='ocrx_word' id='word_1_191' title='bbox 290 1757 354 1793; x_wconf 87' lang='lat' dir='ltr'>nia</span> <span class='ocrx_word' id='word_1_192' title='bbox 375 1757 399 1779; x_wconf 63' lang='lat'>*</span> <span class='ocrx_word' id='word_1_193' title='bbox 411 1756 426 1803; x_wconf 93' lang='lat'>)</span> <span class='ocrx_word' id='word_1_194' title='bbox 457 1755 482 1793; x_wconf 88' lang='lat' dir='ltr'>J</span> <span class='ocrx_word' id='word_1_195' title='bbox 485 1757 564 1792; x_wconf 90' lang='lat' dir='ltr'>ovis</span> <span class='ocrx_word' id='word_1_196' title='bbox 586 1757 702 1793; x_wconf 84' lang='lat' dir='ltr'>aedem</span> <span class='ocrx_word' id='word_1_197' title='bbox 723 1756 884 1799; x_wconf 89' lang='lat' dir='ltr'>Pisauri,</span> <span class='ocrx_word' id='word_1_198' title='bbox 905 1762 944 1792; x_wconf 92' lang='lat' dir='ltr'>et</span> <span class='ocrx_word' id='word_1_199' title='bbox 965 1754 1122 1797; x_wconf 85' lang='lat' dir='ltr'>Fundis,</span> <span class='ocrx_word' id='word_1_200' title='bbox 1143 1761 1181 1790; x_wconf 87' lang='lat' dir='ltr'>et</span> <span class='ocrx_word' id='word_1_201' title='bbox 1198 1753 1399 1791; x_wconf 72' lang='lat' dir='ltr'>Pollentiae</span> 
     </span>
     <span class='ocr_line' id='line_1_29' title="bbox 290 1817 1400 1868; baseline -0.001 -13"><span class='ocrx_word' id='word_1_202' title='bbox 290 1820 405 1856; x_wconf 84' lang='lat' dir='ltr'>etiam</span> <span class='ocrx_word' id='word_1_203' title='bbox 438 1831 573 1868; x_wconf 89' lang='lat' dir='ltr'>aquam</span> <span class='ocrx_word' id='word_1_204' title='bbox 607 1819 879 1862; x_wconf 89' lang='lat' dir='ltr'>adducendam,</span> <span class='ocrx_word' id='word_1_205' title='bbox 915 1826 953 1854; x_wconf 89' lang='lat' dir='ltr'>et</span> <span class='ocrx_word' id='word_1_206' title='bbox 985 1817 1133 1854; x_wconf 85' lang='lat' dir='ltr'>Pisauri</span> <span class='ocrx_word' id='word_1_207' title='bbox 1166 1817 1264 1853; x_wconf 87' lang='lat' dir='ltr'>viam</span> <span class='ocrx_word' id='word_1_208' title='bbox 1296 1817 1400 1854; x_wconf 89' lang='lat' dir='ltr'>silice</span> 
     </span>
     <span class='ocr_line' id='line_1_30' title="bbox 288 1880 1398 1931; baseline -0.002 -12"><span class='ocrx_word' id='word_1_209' title='bbox 288 1883 544 1926; x_wconf 86' lang='lat' dir='ltr'>sternendam,</span> <span class='ocrx_word' id='word_1_210' title='bbox 566 1889 603 1919; x_wconf 87' lang='lat' dir='ltr'>et</span> <span class='ocrx_word' id='word_1_211' title='bbox 634 1883 849 1920; x_wconf 88' lang='lat' dir='ltr'>Sinuessam</span> <span class='ocrx_word' id='word_1_212' title='bbox 870 1895 891 1918; x_wconf 89' lang='lat' dir='ltr'>a</span> <span class='ocrx_word' id='word_1_213' title='bbox 916 1895 964 1931; x_wconf 86' lang='lat' dir='ltr'>ga</span> <span class='ocrx_word' id='word_1_214' title='bbox 994 1882 1018 1904; x_wconf 36' lang='grc' dir='ltr'><strong>ἦ</strong></span> <span class='ocrx_word' id='word_1_215' title='bbox 1048 1880 1208 1917; x_wconf 85' lang='lat' dir='ltr'>aviariae.</span> <span class='ocrx_word' id='word_1_216' title='bbox 1265 1880 1311 1917; x_wconf 91' lang='lat' dir='ltr'>Iu</span> <span class='ocrx_word' id='word_1_217' title='bbox 1341 1881 1398 1917; x_wconf 83' lang='lat' dir='ltr'>his</span> 
     </span>
     <span class='ocr_line' id='line_1_31' title="bbox 289 1944 1397 1994; baseline -0.002 -11"><span class='ocrx_word' id='word_1_218' title='bbox 289 1954 327 1983; x_wconf 90' lang='lat' dir='ltr'>et</span> <span class='ocrx_word' id='word_1_219' title='bbox 356 1946 416 1983; x_wconf 92' lang='lat' dir='ltr'>clo</span> <span class='ocrx_word' id='word_1_220' title='bbox 447 1949 470 1970; x_wconf 67' lang='lat'>³*</span> <span class='ocrx_word' id='word_1_221' title='bbox 502 1960 564 1983; x_wconf 90' lang='lat' dir='ltr'>um</span> <span class='ocrx_word' id='word_1_222' title='bbox 597 1947 885 1984; x_wconf 84' lang='lat' dir='ltr'>circumducend</span> <span class='ocrx_word' id='word_1_223' title='bbox 915 1947 938 1968; x_wconf 37' lang='grc' dir='ltr'><strong><em>ἃ</em></strong></span> <span class='ocrx_word' id='word_1_224' title='bbox 969 1952 1007 1982; x_wconf 90' lang='lat' dir='ltr'>et</span> <span class='ocrx_word' id='word_1_225' title='bbox 1036 1945 1161 1981; x_wconf 85' lang='lat' dir='ltr'>forum</span> <span class='ocrx_word' id='word_1_226' title='bbox 1190 1944 1397 1994; x_wconf 77' lang='lat' dir='ltr'>porticibus</span> 
     </span>
     <span class='ocr_line' id='line_1_32' title="bbox 286 2008 1397 2060; baseline -0.001 -14"><span class='ocrx_word' id='word_1_227' title='bbox 286 2011 530 2060; x_wconf 83' lang='lat' dir='ltr'>tabernisque</span> <span class='ocrx_word' id='word_1_228' title='bbox 568 2011 830 2053; x_wconf 86' lang='lat' dir='ltr'>claudendum,</span> <span class='ocrx_word' id='word_1_229' title='bbox 869 2017 907 2046; x_wconf 91' lang='lat' dir='ltr'>et</span> <span class='ocrx_word' id='word_1_230' title='bbox 934 2010 1054 2046; x_wconf 72' lang='lat' dir='ltr'>Janos</span> <span class='ocrx_word' id='word_1_231' title='bbox 1087 2015 1162 2045; x_wconf 82' lang='lat' dir='ltr'>tres</span> <span class='ocrx_word' id='word_1_232' title='bbox 1192 2008 1397 2045; x_wconf 84' lang='lat' dir='ltr'>faciendos.</span> 
     </span>
     <span class='ocr_line' id='line_1_33' title="bbox 287 2074 1395 2124; baseline -0.003 -14"><span class='ocrx_word' id='word_1_233' title='bbox 287 2074 384 2110; x_wconf 82' lang='lat' dir='ltr'>Haec</span> <span class='ocrx_word' id='word_1_234' title='bbox 404 2074 451 2110; x_wconf 85' lang='lat' dir='ltr'>ab</span> <span class='ocrx_word' id='word_1_235' title='bbox 472 2087 548 2111; x_wconf 89' lang='lat' dir='ltr'>uno</span> <span class='ocrx_word' id='word_1_236' title='bbox 570 2087 726 2111; x_wconf 90' lang='lat' dir='ltr'>censore</span> <span class='ocrx_word' id='word_1_237' title='bbox 747 2087 862 2124; x_wconf 85' lang='lat' dir='ltr'>opera</span> <span class='ocrx_word' id='word_1_238' title='bbox 881 2074 1020 2117; x_wconf 85' lang='lat' dir='ltr'>locata,</span> <span class='ocrx_word' id='word_1_239' title='bbox 1040 2085 1125 2110; x_wconf 91' lang='lat' dir='ltr'>cum</span> <span class='ocrx_word' id='word_1_240' title='bbox 1153 2084 1292 2120; x_wconf 84' lang='lat' dir='ltr'>magna</span> <span class='ocrx_word' id='word_1_241' title='bbox 1310 2084 1395 2120; x_wconf 84' lang='lat' dir='ltr'>gra-</span> 
     </span>
     <span class='ocr_line' id='line_1_34' title="bbox 286 2135 1395 2188; baseline -0.001 -15"><span class='ocrx_word' id='word_1_242' title='bbox 286 2139 341 2174; x_wconf 84' lang='lat' dir='ltr'>tia</span> <span class='ocrx_word' id='word_1_243' title='bbox 369 2137 604 2176; x_wconf 86' lang='lat' dir='ltr'>colonorum.</span> <span class='ocrx_word' id='word_1_244' title='bbox 661 2137 837 2175; x_wconf 88' lang='lat' dir='ltr'>Moribus</span> <span class='ocrx_word' id='word_1_245' title='bbox 864 2151 1014 2188; x_wconf 88' lang='lat' dir='ltr'>quoque</span> <span class='ocrx_word' id='word_1_246' title='bbox 1042 2136 1216 2186; x_wconf 87' lang='lat' dir='ltr'>regendis</span> <span class='ocrx_word' id='word_1_247' title='bbox 1237 2135 1395 2184; x_wconf 75' lang='lat' dir='ltr'>diligens</span> 
     </span>
     <span class='ocr_line' id='line_1_35' title="bbox 287 2201 1203 2252; baseline 0.001 -15"><span class='ocrx_word' id='word_1_248' title='bbox 287 2208 324 2237; x_wconf 81' lang='lat' dir='ltr'>et</span> <span class='ocrx_word' id='word_1_249' title='bbox 343 2214 471 2238; x_wconf 78' lang='lat' dir='ltr'>severa</span> <span class='ocrx_word' id='word_1_250' title='bbox 491 2214 649 2239; x_wconf 82' lang='lat' dir='ltr'>censura</span> <span class='ocrx_word' id='word_1_251' title='bbox 667 2201 762 2239; x_wconf 88' lang='lat' dir='ltr'>fuit:</span> <span class='ocrx_word' id='word_1_252' title='bbox 796 2202 923 2240; x_wconf 90' lang='lat' dir='ltr'>multis</span> <span class='ocrx_word' id='word_1_253' title='bbox 945 2203 1029 2252; x_wconf 86' lang='lat' dir='ltr'>equi</span> <span class='ocrx_word' id='word_1_254' title='bbox 1050 2201 1203 2238; x_wconf 83' lang='lat' dir='ltr'>ademti.</span> 
     </span>
     <span class='ocr_line' id='line_1_36' title="bbox 340 2263 1397 2319; baseline -0.004 -16"><span class='ocrx_word' id='word_1_255' title='bbox 340 2264 538 2304; x_wconf 83' lang='lat' dir='ltr'><strong>XXVIII.</strong></span> <span class='ocrx_word' id='word_1_256' title='bbox 567 2266 686 2305; x_wconf 79' lang='lat' dir='ltr'>Exitu</span> <span class='ocrx_word' id='word_1_257' title='bbox 704 2279 824 2319; x_wconf 87' lang='lat' dir='ltr'>prope</span> <span class='ocrx_word' id='word_1_258' title='bbox 845 2267 934 2304; x_wconf 85' lang='lat' dir='ltr'>anni</span> <span class='ocrx_word' id='word_1_259' title='bbox 954 2266 1052 2304; x_wconf 82' lang='lat' dir='ltr'>diem</span> <span class='ocrx_word' id='word_1_260' title='bbox 1072 2278 1189 2304; x_wconf 86' lang='lat' dir='ltr'>unum</span> <span class='ocrx_word' id='word_1_261' title='bbox 1208 2263 1397 2316; x_wconf 77' lang='lat' dir='ltr'>supplica·</span> 
     </span>
    </p>
   </div>
   <div class='ocr_carea' id='block_1_7' title="bbox 1520 1997 1524 2069">
    <p class='ocr_par' dir='ltr' id='par_1_7' title="bbox 1520 1997 1524 2069">
     <span class='ocr_line' id='line_1_37' title="bbox 1520 1997 1524 2069; baseline 0 579"><span class='ocrx_word' id='word_1_262' title='bbox 1520 1997 1524 2069; x_wconf 95' lang='lat' dir='ltr'> </span> 
     </span>
    </p>
   </div>
  </div>
 </body>
</html>
