1546 2648
274 122 360 164 300
424 166 429 172 .
730 127 777 157 Τ.
802 124 935 159 L1v11

85 208 352 288 H·g·5¹›}‡·que
384 211 529 249 fuerat:
563 213 601 250 in
635 213 714 264 ejus
751 216 875 253 locum
905 216 1096 254 subfectus
1131 223 1188 253 est
1216 215 1388 267 pontifex

117 274 124 281 ’
171 273 178 281 “
260 275 376 312 'filius
397 275 476 326 ejus
505 277 561 314 M.
580 278 808 317 Marcellus:
841 288 878 317 et
898 280 1047 317 Lunam
1076 281 1227 317 colonia
1255 279 1388 316 eodem

78 1302 206 1341 Ligures

77 1345 242 1375 rebellant.

279 352 381 376 anno
401 340 476 376 duo
505 341 625 378 millia
654 344 790 379 civium
809 343 1073 381 Romanorum
1099 351 1187 380 sunt
1216 344 1387 380 deducta.

275 404 481 442 Triumviri
515 407 764 451 deduxerunt,
797 409 840 445 P.
869 409 1010 452 AElius,
1039 409 1085 446 L.
1115 409 1278 458 Egilius,
1314 408 1385 444 Cn.

279 472 440 508 Sicinius
457 487 464 508 :
496 474 763 523 quinquagena
783 482 820 511 et
839 475 1135 526 singulajugera
1158 482 1197 511 et
1215 476 1386 510 semisses

278 536 359 584 agri
380 536 418 571 in
439 536 607 584 singulos
628 538 705 573 dati
727 545 838 574 sunt:
870 539 915 575 de
934 539 1075 588 Ligure
1095 547 1226 589 captus
1246 539 1276 574 is
1296 549 1387 586 ager

277 605 380 635 erat:
412 597 660 635 Etruscorum
690 607 792 643 ante,
813 614 926 649 quam
952 602 1151 650 Ligurum,
1172 601 1306 637 fuerat.
1341 601 1385 638 C.

278 662 456 699 Claudius
485 663 618 699 consul
638 664 683 700 ad
718 665 847 701 urbem
872 667 996 701 venit:
1030 667 1104 708 cui,
1125 678 1239 714 quum
1268 666 1305 700 in
1327 677 1386 700 se-

276 733 368 762 natu
388 727 433 763 de
452 726 562 763 rebus
583 729 620 764 in
642 728 754 765 Istria
773 729 1053 779 Liguribusque
1073 742 1250 780 prospere
1269 728 1385 778 gestis

275 790 524 833 disseruisset,
546 792 754 841 postulanti
781 794 992 843 triumphus
1016 801 1071 829 est
1091 794 1285 830 decretus:
1317 793 1386 828 tri-

277 854 471 904 umphavit
494 855 530 890 iu
562 856 786 903 magistratu
815 856 861 892 de
880 856 1023 893 duabus
1055 856 1166 892 simul
1194 856 1383 905 gentibus.

273 917 380 971 Tulit
398 918 437 953 in
458 931 503 954 eo
522 919 715 969 triumpho
731 920 926 956 denarium
946 926 1116 956 trecenta
1135 929 1279 970 septem
1299 919 1384 955 mil-

273 980 337 1024 lia,
359 988 396 1016 et
416 981 658 1018 victoriatum
685 984 883 1032 octoginta
901 985 1066 1032 quinque
1092 983 1209 1019 millia
1238 984 1383 1032 septin-

273 1051 408 1092 gentos
439 1045 556 1080 duos:
589 1045 772 1082 militibus
802 1048 841 1082 in
870 1047 1037 1096 singulos
1069 1048 1173 1095 quini
1202 1046 1288 1082 deni
1317 1047 1381 1082 de-

270 1110 368 1145 narii
388 1109 488 1145 dati:
523 1109 660 1159 duplex
680 1111 908 1153 centurioni,
931 1110 1067 1161 triplex
1084 1110 1213 1159 equiti.
1260 1110 1383 1146 Sociis

271 1174 427 1210 dimidio
449 1176 587 1216 minus,
609 1187 721 1223 quam
748 1174 905 1217 civibus,
927 1175 1079 1211 datum:
1112 1176 1239 1223 itaque
1258 1175 1382 1217 taciti,

269 1245 311 1274 ut
330 1239 447 1274 iratos
469 1251 548 1274 esse
568 1240 740 1281 sentires,
762 1240 879 1275 secuti
900 1246 988 1275 sunt
1007 1251 1174 1275 currum,

324 1302 434 1339 XIV.
463 1303 567 1338 Dum
587 1304 616 1338 is
647 1304 859 1353 triumphus
879 1304 924 1339 de
946 1303 1152 1352 Liguribus
1183 1301 1381 1351 agebatur,

268 1367 444 1416 LigureS‚
465 1374 666 1417 postquam
693 1374 904 1409 senserunt,
924 1380 1005 1403 non
1029 1366 1382 1402 consularemtan-

269 1438 350 1468 tum
371 1433 576 1468 exercitum
601 1432 766 1468 Romam
791 1431 1009 1474 abductum,
1030 1431 1094 1466 sed
1122 1430 1310 1478 legionem
1330 1430 1381 1466 ab

267 1495 328 1532 Ti.
351 1495 510 1531 Claudio
531 1495 626 1531 Pisis
648 1495 853 1537 dimissam,
875 1494 990 1530 soluti
1019 1500 1135 1537 metu,
1157 1493 1250 1530 clam
1273 1506 1382 1530 exer-

268 1561 345 1596 citu
366 1560 522 1603 indicto,
544 1573 610 1609 per
638 1566 871 1596 transversos
896 1559 1034 1594 limites
1065 1559 1247 1607 superatis
1269 1571 1378 1594 mou-

268 1624 383 1666 tibus,
413 1625 452 1659 in
482 1637 635 1674 campos
656 1624 837 1672 degressi,
862 1636 993 1672 agrum
1022 1622 1281 1659 Mutinensem
1310 1635 1382 1672 po-

267 1687 402 1738 pulati,
427 1688 627 1737 repentino
656 1689 788 1737 inpetu
818 1687 1008 1723 coloniam
1037 1687 1155 1736 ipsam
1185 1693 1377 1734 ceperunt.

269 1751 314 1787 Id
343 1751 408 1787 ubi
437 1749 600 1788 Romam
631 1751 798 1787 adlatum
832 1757 902 1794 est,
933 1757 1084 1786 senatus
1119 1748 1377 1786 C.Clau‹lium

269 1815 461 1852 consulem
478 1817 632 1852 comitia
648 1817 770 1864 primo
786 1827 936 1864 quoque
955 1820 1125 1863 tempore
1139 1813 1278 1851 habere
1290 1812 1379 1863 jus-

267 1881 330 1923 sit,
345 1880 554 1928 creatisque
570 1880 607 1915 in
628 1892 767 1915 anuum
785 1878 1068 1927 magistratibus
1083 1878 1123 1913 in
1143 1878 1377 1927 provincIam

268 1944 401 1987 redire,
433 1950 470 1980 et
508 1944 698 1980 coloniam
727 1956 772 1979 ex
800 1942 974 1978 hostibus
1005 1943 1158 1991 eripere.
1216 1941 1290 1984 Ita,
1321 1943 1378 1978 uti

268 2009 414 2044 censuit
443 2015 610 2052 senatus,
642 2008 797 2044 comitia
828 2007 971 2043 habita.
1029 2006 1213 2042 Consules
1244 2007 1374 2050 creati,

267 2073 336 2108 Cu.
360 2072 557 2107 Cornelius
586 2073 713 2121 Scipio
743 2071 954 2121 Hispallus,
974 2070 1023 2109 Q.
1043 2069 1215 2106 Petillius
1244 2071 1375 2119 Spuri-

264 2147 348 2172 nus,
403 2134 588 2171 Praetores
621 2135 707 2170 inde
735 2134 841 2177 facti,
871 2134 928 2170 M.
944 2133 1128 2184 Popillius
1157 2133 1308 2178 Laenas,
1330 2135 1375 2173 P.

264 2198 434 2235 Licinius
465 2199 635 2241 Crassus,
665 2197 722 2234 M.
743 2197 941 2234 Cornelius
972 2197 1113 2246 Scipio,
1136 2197 1183 2233 L.
1200 2197 1375 2248 Papirius

263 2261 389 2305 Maso,
410 2260 465 2297 M.
482 2261 662 2304 Aburius,
680 2260 726 2298 L.
742 2259 929 2310 Aquillius
947 2259 1092 2298 Gallus.
1149 2261 1192 2298 C.
1211 2260 1372 2298 Claudio
