1546 2648
100 218 142 248 U.
157 218 193 249 C.
210 224 282 252 562.

98 262 139 292 A.
155 263 192 293 C.
211 270 283 296 190.

295 114 321 154 6
760 130 805 157 Τ.
832 130 964 159 mvn

296 224 389 259 erat,
410 216 463 254 ita
484 223 524 254 ut
544 218 735 268 fastigium
755 220 945 269 valvaeque
966 221 1277 260 (informarentur.
1327 222 1403 259 Pu-

294 282 404 318 teolis
431 282 598 332 pluribus
625 283 717 320 locis
738 297 864 321 murus
885 293 923 321 et
942 292 1053 335 porta
1077 287 1233 323 fulmine
1254 288 1343 330 icta,
1364 294 1403 324 et

293 345 366 382 duo
386 347 558 383 homines
578 348 796 385 exanimati.
851 348 1002 386 Nursiae
1029 363 1163 386 sereno
1191 352 1281 386 satis
1309 363 1402 386 con-

292 411 419 448 stabat
437 412 607 448 nimbum
635 421 758 449 ortum
775 427 782 448 :
816 413 867 449 ibi
887 426 1038 463 quoque
1058 415 1151 451 duos
1171 415 1311 452 liberos
1331 415 1403 451 ho-

292 476 411 511 mines
432 476 680 512 exanimatos.
722 476 840 512 Terra
859 478 958 526 apud
977 490 1015 514 se
1035 477 1175 528 pluisse
1194 478 1403 515 Tusculani

291 539 539 581 nunciabant,
556 545 594 575 et
610 539 763 575 Reatini
785 541 924 576 mulam
945 541 981 576 in
1003 554 1094 590 agro
1110 554 1179 577 suo
1200 543 1402 592 peperisse.

290 601 350 639 Ea
369 610 584 653 procurata,
605 603 828 652 Latinaeque
847 604 1087 651 instauratoe3
1110 607 1211 655 quod
1230 606 1403 642 Lauren-

292 666 394 704 tibus
415 668 552 711 carnis,
574 680 656 716 quae
677 667 756 703 dari
777 668 901 710 debet,
922 669 1010 705 data
1027 682 1106 705 non
1125 669 1260 706 fuerat.
1308 671 1406 719 Sup-

290 730 447 780 plicatio
466 743 616 780 quoque
639 743 767 766 earum
792 731 1019 780 religionum
1049 744 1181 768 caussa
1209 732 1296 776 fuit,
1317 733 1401 782 qui·

290 793 361 830 bus
394 794 479 830 Diis
514 795 711 831 decemviri
745 808 790 832 ex
822 795 927 832 libris
960 802 1003 832 ut
1039 796 1158 839 ficret,
1193 797 1402 833 ediderunt.

289 857 435 894 Decem
456 858 625 907 ingenui,
646 859 775 895 decem
796 859 974 907 virgines,
995 860 1147 909 patrimi
1172 872 1302 896 omues
1322 873 1403 896 ma-

291 922 481 971 trimique,
512 923 559 958 ad
588 922 625 958 id
653 922 876 959 sacrificium
905 923 1087 959 adhibiti:
1138 930 1176 960 et
1201 923 1404 960 decemviri

289 991 404 1021 nocte
424 985 651 1022 lactentibus
673 999 750 1022 rem
771 987 933 1023 divinam
954 986 1136 1023 fecerunt.
1193 987 1236 1024 P.
1258 987 1403 1023 Corne-

287 1049 360 1085 lius
400 1050 528 1100 Scipio
565 1050 783 1093 Africanus,
821 1051 1039 1101 priusquam
1085 1051 1401 1101 proficisceretur,

288 1113 473 1150 fornicem
493 1115 531 1150 in
549 1114 740 1165 Capitolio
761 1115 936 1150 adversus
954 1115 1066 1158 viam,
1088 1128 1163 1163 qua
1181 1115 1220 1150 in
1241 1114 1399 1163 Capito-

287 1176 380 1213 lium
401 1178 654 1221 adscenditur,
673 1191 757 1214 cum
774 1178 890 1226 signis
912 1184 1057 1227 septem
1076 1177 1231 1220 auratis,
1249 1182 1287 1213 et
1307 1177 1403 1214 duo-

287 1241 359 1277 bus
379 1242 499 1290 cquiS,
516 1248 553 1277 et
569 1254 780 1278 marmorea
798 1242 873 1278 duo
892 1241 999 1278 labra
1018 1248 1108 1278 ante
1126 1241 1310 1278 fornicem
1330 1254 1401 1292 po-

285 1306 373 1343 suit.
430 1306 503 1342 Per
528 1306 680 1343 eosdem
700 1307 777 1342 dies
803 1306 992 1356 principes
1011 1305 1231 1342 AEtolorum
1259 1313 1336 1342 tres
1363 1310 1402 1341 et

285 1370 551 1419 quadraginta,
579 1371 678 1406 inter
706 1383 800 1420 quos
830 1370 1074 1407 Damocritus
1105 1376 1143 1407 et
1170 1369 1287 1406 frater
1319 1369 1399 1420 ejus

286 1440 408 1477 erant,
443 1434 490 1470 ab
525 1433 670 1470 duabus
700 1434 936 1477 cohortibus,
970 1435 1092 1471 missis
1123 1447 1145 1470 a
1172 1434 1240 1476 Μ’,
1257 1434 1399 1478 Acilio,

287 1496 452 1533 Romam
472 1498 637 1541 deducti,
656 1505 693 1534 et
713 1498 750 1534 in
772 1498 996 1534 Lautumias
1018 1497 1182 1548 conjecti
1203 1504 1310 1534 sunt:
1334 1510 1399 1534 co-

284 1562 414 1599 hortes
434 1563 522 1599 inde
543 1564 589 1599 ad
610 1564 817 1600 exercitum
833 1564 966 1606 redire,
982 1563 1029 1600 L.
1048 1563 1247 1600 Cornelius
1267 1562 1401 1600 consul

279 1625 410 1676 jussit.
465 1626 605 1675 Legati
641 1640 660 1663 a
694 1626 903 1663 Ptolemaeo
933 1633 971 1663 et
1000 1627 1218 1677 Cleopatra,
1249 1626 1400 1675 regibus

284 1689 462 1740 AEgypti,
483 1690 717 1739 gratulantes
746 1691 847 1739 quod
872 1690 941 1727 M'.
960 1691 1106 1727 Acilius
1133 1690 1266 1727 consul
1285 1691 1400 1727 Anti-

283 1756 422 1791 ochum
451 1767 580 1803 regem
610 1754 757 1790 Graecia
776 1755 994 1805 expulisset,
1017 1761 1223 1800 venerunt,
1259 1755 1400 1791 adhor-

282 1824 497 1867 tantesque,
516 1826 557 1854 ut
576 1819 615 1854 in
635 1819 766 1854 Asiam
786 1819 994 1855 exercitum
1013 1818 1254 1869 trajicerent:
1278 1820 1401 1854 onmia

278 1883 447 1930 perculsa
476 1887 572 1918 metu
602 1894 670 1918 non
701 1885 736 1918 ὶη
762 1884 851 1918 Asia.
873 1883 991 1924 modo,
1011 1884 1072 1918 sed
1091 1884 1198 1918 etiam
1220 1884 1256 1918 z'n
1277 1882 1400 1930 Syria,

282 1957 354 1982 esse
365 1963 377 1990 ‚·
406 1959 506 1994 reges
525 1948 681 1995 AEgypti
706 1948 755 1983 ad
780 1959 834 1989 ea,
856 1959 933 1995 quae
951 1948 1139 1984 censuisset
1156 1951 1312 1990 senatus,
1330 1959 1401 1995 pa-

280 2015 381 2046 ratos
402 2010 502 2059 fore.
561 2011 705 2047 Gratiae
738 2011 890 2060 regibus
920 2017 1037 2047 actae:
1077 2010 1212 2059 legatis
1243 2023 1401 2047 munera

284 2073 364 2109 dari
378 2072 502 2123 jussa,
524 2074 561 2109 in
583 2074 752 2123 singulos
770 2074 995 2123 quaternum
1014 2073 1173 2110 millium
1194 2074 1291 2111 aeris.

335 2137 403 2174 IV.
433 2137 479 2174 L.
498 2138 698 2174 Cornelius
720 2138 866 2182 consul,
888 2139 1063 2189 peractis,
1084 2151 1165 2188 quae
1192 2137 1327 2174 Romae
1356 2150 1398 2173 a·

281 2201 405 2250 gemla
434 2208 556 2245 erant,
587 2215 656 2252 pro
685 2203 870 2239 concione
900 2203 1030 2246 edixit,
1056 2208 1098 2238 ut
1126 2202 1278 2244 milites,
1300 2213 1394 2250 quos

281 2266 361 2316 ipsc
380 2266 419 2302 in
439 2266 743 2318 supplementum
771 2268 994 2319 scripsisset,
1016 2267 1154 2318 quique
1176 2267 1213 2303 in
1233 2265 1394 2303 Bruttiis
