1546 2648
340 200 397 242 52
477 216 482 223 ,
797 200 1001 230 T.1.1v11

147 288 190 318 U.
204 287 241 318 C·
257 292 328 318 ⁵⁶2·
342 289 486 340 equites
499 290 674 341 primum,
691 290 823 327 deinde
838 292 1001 340 proximi
1015 292 1183 343 peditum
1200 292 1318 330 effuso
1337 305 1450 331 cursu

146 332 187 365 Α
201 330 238 363 C'
256 337 328 363 '⁹⁰’
342 355 387 391 ad
407 361 530 391 castra
549 354 734 404 compulsi
754 361 854 391 sunt.

394 419 548 455 XLIII.
577 419 743 454 Praeerat
762 419 892 454 castris
914 418 971 456 M.
984 420 1162 458 AEmilius
1182 421 1355 458 tribunus
1376 421 1446 457 mi-

338 483 464 527 litum,
483 483 540 519 M.
557 483 690 533 Lepidi
711 482 822 526 filius,
840 484 901 533 qui
923 491 1010 534 post
1025 499 1166 536 paucos
1183 499 1301 523 annos
1319 486 1448 536 ponti-

338 548 403 586 fex
436 549 620 584 maximus
651 547 772 583 factus
803 555 871 585 est.
928 548 980 592 Is,
1008 563 1082 599 qua
1114 551 1244 600 fugam
1269 549 1449 588 cernebat

340 625 508 654 suorum,
530 625 612 648 cum
635 611 809 661 praesidio
829 614 933 649 omni
956 614 1149 662 obcurrit;
1182 623 1220 652 et
1245 623 1344 652 stare
1370 615 1446 665 pri-

339 689 418 720 mo,
439 677 573 713 deinde
592 676 712 713 redire
737 676 774 712 in
799 689 979 726 pugnam,
1004 678 1181 727 jubebat,
1207 692 1386 730 pavorem
1409 685 1449 715 et

339 747 488 790 turpem
518 741 647 789 fugam
678 740 889 789 increpans.
944 741 1064 778 Miuae
1095 743 1230 779 exinde
1262 750 1383 786 erant,
1410 744 1449 780 in

338 805 545 855 perniciem
561 816 666 840 suam
682 815 800 839 caecos
816 815 937 847 ruere,
954 805 993 840 ni
1009 805 1112 842 dicto
1125 813 1318 856 parerent:
1342 812 1447 858 post-

340 882 445 906 remo
475 870 538 906 dat
576 869 725 917 signum
756 869 846 911 suis,
880 875 922 904 ut
951 870 1092 918 primos
1123 871 1350 920 fugientium
1375 885 1447 908 cae-

341 934 446 977 dant,
477 934 626 970 turbam
659 933 936 982 insequentium
966 933 1066 970 ferro
1097 941 1134 971 et
1164 936 1378 972 vulneribus
1407 934 1448 973 m

338 989 469 1035 hostes
490 999 674 1048 redigant.
730 997 806 1033 Hic
830 997 951 1047 major
975 999 1090 1034 timor
1118 1000 1303 1037 minorem
1330 1001 1446 1037 vicit:

339 1064 494 1113 ancipiti
522 1063 644 1099 coacti
671 1069 773 1098 metu
798 1063 920 1112 primo
947 1064 1222 1110 constiterunt3
1255 1065 1390 1101 deinde
1409 1072 1448 1102 et

338 1128 411 1177 ipsi
430 1127 621 1164 redierunt
641 1127 678 1162 in
701 1139 880 1176 pugnam,
903 1133 939 1162 et
959 1127 1138 1163 AEmilius
1159 1142 1242 1164 cum
1263 1141 1331 1164 suo
1351 1142 1447 1180 prae-

340 1192 434 1228 sidio
458 1195 582 1239 (erant
597 1198 723 1228 autem
740 1192 813 1227 duo
827 1191 945 1227 millia
959 1192 1124 1228 virorum
1140 1192 1314 1239 fortium)
1332 1194 1447 1231 effuse

339 1257 512 1305 sequenti
531 1256 608 1304 regi
629 1256 765 1292 acriter
783 1255 935 1292 restitit.
990 1255 1043 1291 Et
1071 1256 1238 1299 Attalus,
1266 1257 1446 1294 Eumenis

337 1320 469 1364 frater,
493 1334 514 1357 a
533 1320 667 1356 dextro
694 1332 825 1362 cornu,
847 1332 869 1355 a
888 1332 963 1368 quo
982 1319 1117 1356 laevum
1136 1320 1301 1357 hostium
1323 1322 1445 1371 primo

338 1385 470 1435 inpetu
490 1384 663 1433 fugatum
682 1383 819 1426 fuerat,
843 1389 882 1419 ut
902 1382 948 1419 ab
969 1384 1123 1420 sinistro
1143 1383 1272 1433 fugam
1292 1398 1445 1422 suorum

340 1456 378 1487 et
397 1449 599 1486 tumultum
621 1449 721 1485 circa
746 1456 869 1485 castra
888 1448 994 1491 vidit,
1021 1449 1060 1484 in
1084 1455 1253 1499 tempore
1274 1463 1356 1486 cum
1377 1450 1446 1486 ‹lu-

145 1537 319 1576 FugstAn,
340 1516 459 1552 centis
486 1513 675 1564 equitibus
702 1513 863 1550 advenit.
920 1513 1147 1556 Antiochus,
1180 1520 1382 1564 postquam
1409 1521 1447 1552 et

143 1581 282 1612 tiochus.
339 1593 419 1623 θος,
437 1592 595 1628 quorum
613 1585 719 1628 terga
734 1578 849 1614 modo
865 1577 1021 1620 viderat,
1037 1585 1249 1627 repetentes
1265 1591 1446 1628 pugnam,

341 1652 378 1681 et
408 1644 520 1681 aliam
546 1650 583 1679 et
610 1657 631 1679 a
659 1643 790 1679 castris
813 1648 850 1678 et
877 1655 923 1677 ex
949 1642 1028 1678 acie
1048 1641 1275 1678 adfluentem
1297 1642 1448 1679 turbam

340 1709 552 1759 conspexit,
574 1708 611 1743 in
632 1707 759 1756 fugam
774 1706 886 1742 vertit
901 1718 1049 1754 equum.
1080 1705 1141 1742 Ita
1158 1712 1316 1756 utroque
1328 1718 1447 1743 cornu

339 1774 501 1809 victores
520 1771 688 1808 Romani
704 1783 770 1820 per
788 1782 943 1806 acervos
964 1782 1166 1820 corporum
1186 1771 1296 1818 (quos
1315 1771 1351 1806 in
1369 1782 1447 1807 me-

341 1838 401 1875 dia
422 1838 584 1874 maxime
600 1837 679 1873 acie
696 1834 992 1877 cumulaverant,
1010 1833 1074 1870 ubi
1094 1841 1131 1869 et
1152 1833 1267 1870 robur
1286 1833 1448 1871 fortissi-

340 1915 488 1939 morum
519 1902 700 1943 virorum,
729 1907 767 1937 et
797 1911 900 1935 arma
932 1899 1117 1947 gravitate
1144 1898 1275 1947 fugam
1305 1899 1450 1949 inpedi.

340 1967 465 2012 erant)
488 1971 651 2016 pergunt
677 1964 723 2000 ad
754 1970 875 2000 castra
903 1963 1131 2012 diripienda:
1165 1963 1308 2011 equites
1338 1963 1450 2013 primi

339 2032 509 2067 omnium
545 2030 743 2072 Eumenis,
777 2028 911 2065 deinde
943 2035 981 2064 et
1006 2027 1100 2063 alius
1138 2027 1327 2075 equitatus
1365 2034 1450 2065 toto

338 2095 478 2146 passim
503 2107 637 2144 campo
658 2099 866 2142 sequuntur
890 2093 1054 2134 hostem,
1085 2097 1124 2127 et
1154 2096 1381 2140 postremos,
1408 2096 1451 2128 ut

340 2172 511 2210 quosque
531 2158 656 2209 adepti
677 2164 779 2201 sunt,
800 2158 961 2195 caedunt.
1018 2156 1196 2192 Ceterum
1216 2154 1450 2204 fugientibus

338 2222 462 2274 major
489 2223 619 2273 pestis,
651 2222 880 2258 intermixtis
914 2219 1119 2269 quadrigiS,
1152 2218 1450 2270 elephantisque,

339 2295 378 2326 et
397 2286 547 2325 camelis
568 2292 661 2329 erat,
680 2293 717 2321 et
737 2297 803 2322 sua
824 2286 989 2335 ipsorum
1009 2282 1141 2320 turba:
1166 2295 1294 2334 quum,
1316 2281 1448 2319 solutis

338 2351 549 2396 ordinibus,
566 2349 669 2387 velut
688 2349 777 2387 caeci
797 2361 908 2401 super
924 2347 1018 2385 alios
1039 2347 1103 2386 alii
1120 2353 1286 2391 ruentes,
1299 2346 1452 2384 incursu

1492 2350 1506 2365 Q
