1546 2648
121 290 163 320 U.
180 289 216 321 C.
234 296 309 322 584.

116 334 158 363 A.
175 333 213 365 C.
231 339 304 366 168.

321 193 406 239 452
762 196 807 226 Τ.
831 197 966 227 mvn

319 299 404 324 rum
422 299 508 323 cum
526 287 772 331 Antimacho,
798 288 910 337 regiis
936 286 1108 331 ducibus,
1135 286 1204 324 sub
1225 286 1313 337 ipsis
1333 299 1428 324 moe-

318 351 430 388 nibus
450 350 552 388 urbis
573 352 795 389 conlocutus
815 352 951 390 fuerat.
1006 353 1165 403 Eropon
1185 364 1348 402 quoque,
1366 351 1431 400 qui

318 422 400 452 tum
425 417 558 452 missus
579 423 650 460 est,
671 417 815 454 duabus
843 418 890 454 ad
919 417 1092 454 eumdem
1111 417 1320 453 Eumenem
1346 414 1430 465 jam

318 486 407 516 ante
425 479 679 529 legationibus
699 480 851 517 functus
879 488 970 518 erat.
1027 481 1122 520 Quae
1144 479 1346 528 conloquia
1365 490 1430 514 oc-

317 542 420 580 culta
438 550 476 579 et
494 543 704 593 legationes
725 544 881 580 infames
909 544 1059 593 quidem
1080 549 1210 580 erant:
1242 542 1321 585 sed,
1342 541 1431 590 quid

319 613 446 644 actum
464 614 576 650 esset,
597 608 734 656 quidve
753 609 853 644 inter
878 620 985 656 reges
1005 608 1257 650 convenisset,
1277 607 1431 657 ignora-

317 670 442 708 batur.
497 670 576 708 Res
597 677 723 707 autem
743 672 796 708 ita
817 683 898 708 sese
916 671 1063 708 habuit.

373 735 506 772 XXV.
549 735 739 772 Eumenes
758 747 880 784 neque
899 734 994 771 favit
1018 734 1185 771 victoriae
1204 733 1346 777 Persei,
1366 745 1433 770 ne-

318 813 393 850 que
405 800 509 837 bello
527 814 614 837 eum
633 801 809 838 invadere
829 801 958 837 animo
975 800 1111 837 habuit
1128 815 1135 836 ε
1158 812 1236 836 non
1251 804 1330 835 tam
1345 799 1434 848 quia

319 870 488 916 paternae
514 867 614 902 inter
642 879 706 903 eos
737 866 946 902 inimicitiae
972 870 1093 909 erant,
1123 876 1236 914 quam
1264 864 1433 914 ipsorum

320 930 416 966 odiis
436 930 536 967 inter
561 943 601 966 se
629 943 810 968 accensae.
866 930 960 967 Non
989 943 1033 966 ea
1062 941 1193 978 regum
1225 927 1430 970 aemulatio,

320 999 364 1029 ut
383 1006 491 1043 aequo
510 995 638 1031 animo
659 995 796 1031 Persea
815 1001 940 1031 tantas
961 993 1120 1044 adipisci
1139 1004 1244 1043 opes,
1265 998 1431 1028 tantam-

320 1069 393 1107 que
416 1057 591 1106 gloriam,
615 1065 758 1108 quanta
775 1057 962 1094 Romanis
992 1057 1101 1093 victis
1129 1067 1214 1092 eum
1237 1054 1429 1098 manebat,

316 1121 510 1158 Eumenes
535 1123 680 1159 visurus
706 1122 833 1160 fuerit.
891 1121 1082 1158 Cernebat
1109 1126 1147 1156 et
1176 1120 1326 1162 Persea,
1349 1118 1433 1169 jam

319 1184 407 1221 inde
426 1185 474 1221 ab
494 1186 605 1222 initio
623 1185 727 1229 belli,
749 1187 853 1222 omni
874 1185 988 1221 modo
1004 1197 1108 1235 spem
1127 1185 1230 1235 pacis
1250 1190 1430 1228 tentasse,

320 1254 360 1285 et
379 1249 416 1284 in
437 1249 515 1285 dies
541 1250 680 1298 magis;
711 1263 787 1299 quo
816 1248 1267 1300 propiorvadmoveretur
1294 1254 1428 1291 terror,

318 1312 415 1348 nihil
434 1325 556 1362 neque
580 1326 693 1362 agere
718 1313 835 1357 aliud,
855 1325 980 1362 neque
999 1313 1178 1362 cogitare.
1234 1311 1432 1348 Romanos

319 1388 484 1425 quoque,
506 1377 596 1426 quia
613 1377 827 1413 traheretur
843 1377 983 1413 diutius
1004 1389 1070 1426 spe
1088 1377 1257 1426 ipsorum
1274 1375 1431 1419 bellum,

321 1446 359 1476 et
378 1441 479 1491 ipsos
499 1442 625 1484 duces,
646 1447 684 1477 et
703 1448 891 1485 senatum,
907 1454 986 1478 non
1001 1441 1206 1477 abhorrere
1224 1454 1246 1477 a
1266 1440 1431 1477 finiendo

321 1510 399 1540 tam
428 1505 672 1542 incommodo
706 1519 749 1542 ac
779 1505 918 1542 difficili
954 1506 1068 1542 bello.
1113 1504 1212 1542 'Hac
1239 1505 1432 1554 utriusque

320 1570 437 1619 partis
475 1569 672 1606 voluntate
709 1570 919 1620 explorata,
959 1570 1060 1620 quod
1097 1570 1178 1606 fieri
1214 1569 1331 1606 etiam
1365 1581 1432 1605 sua

321 1640 457 1683 sponte
489 1634 603 1671 taedio
632 1634 837 1678 validioris,
868 1641 972 1672 metu
1004 1634 1222 1671 infirmioris
1257 1632 1434 1670 credebat

320 1709 447 1747 posse,
465 1698 505 1734 in
525 1711 570 1735 eo
590 1711 696 1735 suam
716 1712 869 1750 operam
883 1700 1076 1736 venditare
1095 1698 1331 1735 concilianda
1345 1710 1432 1747 gra-

320 1762 376 1798 tia
408 1763 527 1812 magis
566 1764 697 1814 cupiit.
768 1763 883 1808 Nam,
923 1764 1037 1800 modo
1074 1776 1121 1800 ne
1147 1762 1300 1813 juvaret
1331 1762 1432 1799 bello

319 1825 519 1863 Romanos
539 1834 639 1864 terra
664 1830 847 1877 marique,
869 1829 980 1865 modo
1000 1829 1103 1878 pacis
1125 1827 1317 1878 patrandae
1347 1840 1432 1863 cum

319 1888 506 1926 Romanis
541 1891 802 1940 paciscebatur
834 1892 1070 1928 mercedem:
1102 1903 1150 1927 ne
1181 1889 1285 1927 bello
1315 1890 1433 1926 inter-

321 1961 434 1996 esset,
464 1954 567 1990 mille
591 1961 629 1990 et
655 1956 864 2004 quingenta
896 1955 1064 1992 talenta:
1098 1956 1134 1991 in
1164 1961 1323 2004 utroque
1355 1967 1433 1991 non

322 2016 432 2054 fidem
461 2017 576 2053 modo
607 2030 659 2062 se,
691 2019 756 2055 sed
786 2018 934 2055 obsides
955 2031 1118 2068 quoque,
1146 2019 1234 2055 dare
1261 2024 1433 2068 paratum

321 2093 416 2123 esse,
455 2081 689 2118 ostendebat.
763 2082 922 2120 Perseus
962 2083 1008 2119 ad
1055 2095 1132 2119 rem
1178 2081 1438 2118 inchoandam·

320 2144 598 2195 promtissimus
627 2154 721 2190 erat,
753 2156 914 2196 cogente
944 2154 1061 2189 metu,
1092 2152 1130 2182 et
1161 2146 1206 2182 de
1237 2144 1431 2182 obsidibus

321 2208 549 2258 accipiendis
570 2210 651 2246 sine
671 2210 853 2247 dilatione
873 2211 1024 2259 agebat,
1053 2217 1369 2259 conveneratque,
1391 2216 1433 2246 ut

314 2275 470 2325 -accepti
489 2275 640 2312 Cretam
662 2277 912 2314 mitterentur.
971 2275 1049 2312 Ubi
1072 2275 1118 2312 ad
1137 2274 1307 2326 pecuniae
1325 2286 1431 2310 men-

323 2338 468 2378 tionem
488 2346 640 2378 ventum
660 2347 754 2386 erat,
784 2341 835 2380 ibi
856 2341 1081 2378 haesitabat:
1114 2347 1152 2377 et
1182 2340 1309 2389 utique
1337 2337 1431 2375 alte-
