1480 2604
375 95 528 124 LIBER
553 93 760 123 XXXVII.
792 93 899 122 CAP.
925 94 1008 122 111.
1218 91 1243 135 5

132 197 214 222 cere
248 185 284 221 in
317 183 450 227 Boios,
485 190 523 220 et
551 183 594 220 P.
616 182 797 219 Cornelio
830 181 1050 232 proconsuli
1083 181 1246 224 tradere,

123 248 265 299 jussuS.
307 249 363 285 Ex
384 261 490 297 agro,
510 261 587 297 quo
605 248 722 284 victos
744 247 845 283 bello
865 246 1091 283 multaverat
1114 246 1245 289 Boios,

131 312 300 349 deductae
318 312 471 348 urbanae
488 312 672 360 legiones,
690 324 773 360 quae
789 312 915 361 priore
931 323 1033 347 anno
1054 311 1248 360 conscrip-

129 383 179 413 tae
198 384 318 419 erant,
335 376 392 413 M.
407 376 553 413 Tuccio
573 377 727 426 praetori
749 376 862 419 datae,
879 381 918 411 et
937 374 1086 411 socium
1107 387 1150 410 ac
1169 374 1247 410 La-

129 440 199 476 tini
219 441 382 477 nominis
402 441 572 491 peditum
594 440 811 489 quindecim
838 438 969 481 millia,
991 440 1135 488 equites
1162 451 1248 475 sex·-

129 506 244 548 centi‚
265 505 310 541 ad
332 505 510 556 Apuliam
529 505 780 553 Bruttiosque
800 503 1043 539 obtinendos.
1086 503 1134 538 A.
1152 502 1248 538 Cor-

128 569 230 607 nelio
267 570 470 621 superioris
507 570 598 606 anni
633 569 803 619 praetori,
843 568 907 617 qui
948 568 1122 604 Bruttios
1161 580 1248 604 cum

129 635 299 671 exercitu
318 634 552 677 obtinuerat,
574 635 815 684 imperatum,
838 634 868 669 si
898 633 951 669 ita
977 632 1124 669 consuli
1144 632 1248 668 vide-

131 706 247 742 retur,
269 706 310 735 ut
338 699 506 748 legiones
537 700 576 735 in
605 698 794 736 AEtoliam
824 697 1001 748 trajectas
1030 697 1100 734 Μ’.
1121 696 1248 733 Acilio

129 762 308 805 traderet,
339 764 371 798 si
395 763 426 798 is
456 775 608 798 manere
639 762 693 798 ibi
721 762 860 798 vellet:
894 762 925 797 si
955 760 1099 797 Acilius
1130 761 1250 797 redire

128 824 295 862 Romam
314 825 457 869 mallet,
480 834 521 862 ut
548 827 596 863 A.
618 826 822 862 Cornelius
849 839 934 862 cum
955 838 1000 861 eo
1020 825 1189 861 exercitu
1209 825 1249 861 in

130 889 278 927 AEtolia
297 897 521 928 remaneret.
591 891 635 927 C.
654 891 828 927 Atinium
849 889 1072 926 Labeonem
1092 889 1248 939 provin-

129 954 226 991 ciam
253 954 420 991 Siciliam
446 955 730 1005 exercitumque
760 968 782 992 a
808 955 866 992 M.
883 954 1046 991 AEmilio
1077 953 1248 1003 accipere

129 1017 287 1069 placuit,
303 1026 341 1056 et
360 1020 397 1056 iu
419 1019 725 1069 supplementum
745 1019 909 1056 scribere
929 1031 973 1055 ex
991 1019 1074 1069 ipsa
1091 1018 1246 1068 provin-

131 1082 205 1125 cia,
226 1082 257 1118 si
276 1082 401 1126 vellet,
419 1083 587 1133 peditum
609 1084 684 1120 duo
703 1083 835 1126 millia,
857 1089 895 1119 et
915 1088 1066 1118 centum
1087 1082 1247 1131 equites,

132 1145 175 1182 P.
190 1146 328 1183 Junius
347 1147 489 1184 Brutus
509 1148 549 1184 in
568 1147 714 1185 Tuscos
731 1147 938 1184 exercitum
953 1159 1108 1190 novum,
1125 1145 1248 1195 legio-

129 1221 216 1246 nem
247 1223 361 1247 unam
389 1210 622 1255 Romanam,
653 1218 692 1248 et
720 1212 848 1248 decem
877 1211 997 1247 millia
1026 1210 1172 1247 socium
1202 1223 1247 1247 ac

129 1273 261 1310 Latini
289 1276 454 1311 nominis
486 1275 664 1318 scribere,
686 1282 723 1311 et
750 1276 1046 1324 quadringentos
1073 1275 1243 1323 equite85

126 1337 176 1375 L.
204 1338 399 1383 AEmilius,
435 1341 496 1376 cui
532 1340 728 1390 provincia
760 1340 951 1375 maritima
981 1345 1075 1382 erat,
1111 1338 1247 1387 viginti

127 1414 240 1439 naves
260 1402 409 1452 longas,
431 1411 469 1439 et
489 1405 613 1440 socios
640 1403 791 1440 navales
819 1416 841 1439 a
866 1403 923 1439 M.
943 1402 1062 1438 Junio
1082 1409 1246 1452 praetore

129 1467 331 1516 superioris
353 1469 442 1504 anni
463 1469 633 1519 accipere
646 1467 790 1518 jussus,
809 1474 847 1504 et
867 1467 1030 1504 scribere
1048 1468 1126 1517 ipse
1142 1466 1245 1503 mille

129 1531 279 1567 navales
301 1532 439 1575 socios,
457 1533 530 1568 duo
551 1533 670 1568 millia
689 1533 879 1583 peditum:
913 1545 997 1568 cum
1019 1532 1063 1567 iis
1085 1531 1243 1567 navibus

128 1593 387 1643 militibusque
419 1597 458 1632 in
490 1597 623 1632 Asiam
653 1597 856 1646 proficisci,
889 1603 926 1631 et
960 1595 1117 1631 classem
1146 1609 1167 1631 a
1198 1595 1243 1633 C.

127 1657 240 1694 Livio
267 1660 448 1710 accipere.
505 1661 611 1697 Duas
633 1661 840 1711 Hispanias
863 1660 1150 1708 Sardiniamque
1173 1659 1243 1695 ob—

119 1722 335 1770 Jinentibus
365 1731 613 1773 prorogatum
640 1726 679 1760 in
705 1738 845 1760 annum
875 1725 1074 1773 imperium
1104 1730 1174 1766 est,
1206 1729 1246 1759 et

127 1786 238 1822 iidem
269 1789 454 1825 exercitus
482 1789 635 1826 decreti.
694 1789 830 1825 Siciliae
861 1788 1118 1837 Sardiniaeque
1143 1787 1244 1824 binae

127 1862 173 1885 eo
193 1863 294 1887 anno
314 1852 478 1888 decumae
500 1852 681 1888 frumenti
702 1853 914 1902 imperatae:
943 1851 1109 1887 Siculum
1131 1864 1244 1887 omne

126 1913 357 1952 frumentum
387 1918 425 1952 in
455 1917 644 1953 AEtoliam
675 1917 720 1953 ad
752 1917 959 1952 exercitum
991 1916 1134 1966 portari
1158 1915 1244 1965 jus-

129 1989 234 2014 sum:
267 1993 313 2016 ex
340 1981 512 2017 Sardinia
537 1994 622 2032 pars
650 1981 830 2024 Romam,
857 1994 943 2032 pars
974 1981 1013 2016 in
1038 1980 1242 2023 AEtoliam‚

130 2042 262 2079 eodem
281 2057 356 2092 qno
377 2045 558 2081 Siculum.

185 2105 260 2143 ΙΙΙ.
289 2108 514 2158 Priusquam
535 2108 708 2146 consules
730 2110 769 2144 in
790 2109 1004 2159 provincias
1028 2107 1244 2159 proficisce-

130 2176 274 2213 rentur,
309 2173 484 2222 prodigia
521 2186 587 2223 per
624 2173 822 2223 pontifices
860 2173 1057 2223 procurari
1091 2171 1245 2221 placuit.

133 2230 268 2269 Romae
301 2234 463 2274 Juuonis
492 2237 651 2274 Lucinae
684 2237 871 2287 templum
901 2237 946 2273 de
976 2235 1074 2273 coelo
1104 2241 1248 2272 tactum

671 2301 747 2338 ΒΞ»

1260 187 1349 217 U.C.
1368 193 1441 218 56¹2.

1256 233 1295 262 A.
1313 231 1349 261 C.
1371 238 1442 263 190.
