1546 2648
358 185 439 230 172
517 190 521 196 '
797 196 843 225 r.
877 197 1011 227 mvn

168 274 211 305 U·
229 275 542 331 C·⁵⁶⁶-trepidari
569 288 736 334 coeptum
764 291 833 322 est.
888 286 1004 324 Multi
1033 301 1077 325 ea
1105 292 1231 335 nocte,
1262 303 1343 341 quae
1373 293 1472 332 diem

167 318 206 349 Α.
221 319 258 350 C.
278 327 338 354 186

155 661 268 713 Capita

154 713 304 757 Coniura-

155 756 259 784 tionis.

145 1183 303 1225 Conjuru·

142 1234 250 1261 torum

144 1281 258 1311 poenae.

360 351 533 381 insecuta
561 352 631 390 est,
652 360 727 397 quo
754 348 792 385 in
820 351 1003 388 concione
1032 365 1090 389 res
1123 353 1248 404 palam
1266 355 1368 393 facta
1397 364 1468 402 est,

357 409 539 446 custodiis
561 411 659 448 circa
687 419 816 463 portas
844 416 993 464 positis,
1013 416 1201 467 fugientes
1222 432 1243 456 a
1261 420 1466 458 triumviris

354 474 618 524 comprehensi
638 482 676 512 et
695 477 837 514 reducti
857 486 968 516 sunt:
1001 481 1205 519 multorum
1225 485 1380 521 nomina
1400 485 1464 522 de-

352 535 453 575 lata:
486 539 638 588 quidam
658 553 704 577 ex
724 541 768 577 iis
786 542 853 578 viri
866 542 1090 594 feminaeque
1106 553 1264 583 mortem
1282 547 1353 584 sibi
1371 561 1463 585 con-

351 602 554 639 sciverunt.
611 602 840 654 Conjurasse
860 618 972 657 supra
991 615 1134 658 septem
1161 609 1279 646 millia
1297 611 1462 649 virorum

350 679 394 704 ac
413 667 612 704 mulierum
628 668 851 706 dicebantur
866 685 873 707 :
906 672 1032 721 capita
1047 679 1171 709 autem
1186 673 1461 724 conjurationis

348 730 550 768 constabat
579 745 673 776 esse,
703 732 759 769 M.
774 740 811 770 et
830 735 1037 772 C.Atinios
1059 737 1104 773 de
1128 737 1238 788 plebe
1269 738 1459 786 Romana,

347 801 385 832 et
413 794 603 833 Faliscum
631 796 677 833 L.
692 796 948 848 Opiternium,
980 806 1018 836 et
1046 800 1212 838 Minium
1245 802 1458 841 Cerrinium

347 859 607 911 Campanum:
641 860 687 898 ab
707 861 765 897 his
785 863 914 899 omnia
931 862 1102 900 facinora
1122 871 1160 900 et
1179 864 1323 914 flagitia
1341 874 1449 904 orta:

342 936 408 961 eos
441 925 626 962 maximos
664 926 875 963 sacerdotes
913 929 1204 978 conditoresque
1242 928 1322 980 ejus
1357 933 1452 968 sacri

340 999 434 1027 esse.
463 988 568 1026 Data
580 1002 695 1041 opera
710 997 780 1033 est,
802 997 844 1027 ut
858 991 981 1041 primo
996 1005 1146 1042 quoque
1162 999 1331 1044 ternpore
1347 1008 1451 1032 com-

338 1053 673 1105 prehenderentur.
730 1055 894 1092 Adducti
925 1056 971 1092 ad
1000 1056 1187 1101 consules,
1212 1057 1376 1109 fassique
1404 1061 1449 1096 de

337 1131 393 1164 se,
411 1118 554 1156 nullam
574 1132 719 1156 moram
731 1118 878 1170 judicio
898 1120 1080 1158 fecerunt.

391 1182 546 1221 XVIII.
577 1184 754 1222 Ceterum
783 1191 892 1222 tanta
913 1185 1005 1234 fuga
1033 1198 1079 1222 ex
1109 1185 1202 1223 urbe
1221 1187 1322 1225 facta
1352 1196 1445 1233 erat,

339 1254 393 1293 ut,
414 1249 503 1299 quia
522 1248 649 1286 multis
679 1250 846 1287 actiones
876 1257 913 1286 et
933 1263 990 1287 res
1013 1250 1201 1301 peribant,
1223 1260 1447 1303 cogerentur

334 1319 516 1364 praetores
535 1313 581 1351 T.
593 1313 757 1350 Maenius
778 1321 815 1350 et
835 1313 892 1351 M.
907 1313 1076 1351 Licinius
1103 1328 1169 1366 per
1187 1323 1358 1353 senatum
1386 1330 1442 1354 res

332 1378 373 1414 in
389 1377 487 1414 diem
506 1378 740 1427 trigesimum
757 1378 917 1422 differre,
935 1378 1055 1415 donec
1070 1379 1297 1428 quaestiones
1317 1393 1338 1416 a
1351 1393 1443 1418 con-

331 1441 475 1480 sulibus
496 1442 777 1495 perficerentur.
833 1442 978 1479 Eadem
998 1442 1178 1487 solitudo,
1199 1445 1287 1494 quia
1307 1444 1441 1482 Romae

330 1519 410 1544 non
428 1506 723 1558 respondebant,
735 1519 806 1543 nec
823 1505 1125 1550 inveniebantur,
1144 1520 1303 1557 quorum
1318 1510 1442 1545 nomi-

330 1583 381 1608 na
399 1569 524 1608 delata
543 1578 664 1614 erant,
685 1572 813 1620 coegit
827 1569 999 1607 consules
1020 1571 1119 1608 circa
1133 1570 1218 1608 fora
1236 1572 1439 1623 proficisci,

328 1635 458 1685 ibique
477 1648 644 1686 quaerere
665 1642 702 1672 et
713 1634 861 1687 judicia
880 1647 1066 1672 exercere.
1102 1635 1179 1675 Qui
1198 1643 1347 1673 tantum
1366 1637 1439 1674 ini-

326 1692 420 1737 tiati
433 1706 554 1743 erant,
576 1706 614 1736 et
632 1713 680 1737 ex
698 1700 864 1737 carmine
890 1712 1013 1742 sacre,
1033 1708 1225 1750 praeeunte
1243 1700 1359 1736 verba
1377 1713 1436 1737 sa·

324 1750 492 1810 cerdute,
513 1766 750 1816 precationes
763 1764 945 1808 fecerant,
960 1765 997 1800 in
1014 1763 1148 1814 quibus
1165 1763 1328 1800 nefanda
1343 1777 1434 1800 con-

317 1827 465 1880 juratio
484 1830 524 1866 in
550 1842 661 1866 omne
680 1829 826 1866 facinus
856 1841 900 1865 ac
928 1827 1122 1865 libidinem
1152 1828 1432 1873 continebatur,

323 1906 394 1931 nec
413 1906 542 1930 earum
554 1905 678 1929 rerum
697 1891 826 1935 ullam,
848 1892 886 1928 in
902 1904 993 1945 quas
1007 1890 1257 1942 jurejurando
1272 1891 1433 1941 obligati

321 1964 444 2002 erant,
465 1958 505 1994 in
524 1970 564 1994 se
583 1964 649 1994 aut
668 1956 760 1994 alios
782 1957 1023 1999 admiserant,
1044 1969 1109 1993 eos
1136 1957 1174 1992 in
1197 1955 1353 1993 vinculis
1373 1970 1431 1994 re-

319 2023 543 2073 linquebant
560 2037 566 2059 :
599 2024 663 2072 qui
688 2023 827 2073 stupris
857 2028 923 2059 aut
954 2021 1117 2058 caedibus
1148 2020 1278 2058 violati
1309 2028 1430 2066 erant,

318 2088 384 2138 qui
402 2087 506 2124 falsis
533 2088 776 2131 testimoniis,
797 2087 914 2136 signis
941 2086 1173 2130 adulterinis,
1195 2085 1432 2137 subjectione

317 2158 648 2196 testamentorum,
668 2151 862 2189 fraudibus
889 2151 970 2189 aliis
991 2152 1255 2195 contaminati,
1275 2163 1340 2188 eos
1367 2163 1429 2188 ca-

315 2216 425 2268 pituli
440 2229 555 2268 poena
571 2215 808 2253 adiiciebant.
856 2215 986 2252 Plures
1003 2216 1141 2259 necati,
1160 2228 1273 2266 quam
1291 2216 1331 2251 in
1346 2215 1428 2252 vin-

315 2280 401 2318 cula
419 2280 583 2332 conjecti
603 2286 713 2317 sunt:
747 2293 885 2330 magna
905 2281 958 2316 vis
979 2280 1016 2316 in
1041 2286 1199 2329 utraque
1219 2291 1351 2316 caussa
1369 2279 1426 2314 vi-

313 2357 441 2382 rorum
467 2344 741 2395 mulierumque
766 2344 850 2382 fuit.
908 2343 1089 2382 Mulieres
1111 2344 1306 2382 damnatas
1334 2354 1423 2392 cog-

1497 2335 1519 2354 41!
