1546 2648
349 149 504 178 LIBER
531 145 735 175 xxxvn.
769 145 876 173 ΕΑΓ.
902 143 1008 173 XIV.
1177 143 1228 187 19

170 239 280 276 XIV.
310 239 444 275 Piraeei
476 237 523 274 L.
544 235 705 273 AEmilio
736 234 907 283 Regillo,
942 232 1157 270 succedenti
1183 232 1229 268 ad
1244 231 1333 263 U·C·
1354 238 1426 263 562·

114 303 246 340 navale
279 303 492 353 imperium,
525 301 724 351 Epicrates
759 299 951 335 obcurrit:
990 298 1067 346 qui,
1102 296 1231 332 audita
1244 275 1427 359 Ξέῐξῐιίιίὃα

114 367 218 404 clade
239 367 493 407 Rhodiorum,
515 377 630 414 quum
659 364 739 413 ipse
762 363 852 399 duas
876 368 1023 398 tantum
1044 361 1229 410 quinque·
1244 373 1333 402 Livio
1349 373 1390 402 ad

112 445 233 468 remes
262 431 434 474 haberet,
454 430 674 480 Epicratem
704 441 789 464 cum
810 435 974 477 quatuor
1002 425 1161 462 navibus
1191 425 1231 462 in

113 559 302 595 niensium
323 570 436 594 naves
458 564 557 593 sunt.
602 555 729 604 [Egeo
751 555 845 591 mari
871 553 1035 604 trajecit.
1083 553 1232 590 Eodem

112 622 382 659 Timasicrates
403 622 577 658 Rhodius
599 633 685 657 cum
702 619 846 656 duabus
861 617 1162 668 quadriremibus
1183 616 1232 654 ab

114 687 229 723 Samo
246 694 359 723 nocte
376 687 603 736 intempesta
622 685 742 721 venit:
767 684 1026 733 deductusque
1042 682 1090 719 ad
1106 681 1233 718 AEmi-

113 750 220 794 lium,
241 750 406 800 praesidii
427 762 560 786 caussa
577 761 616 786 se
632 750 803 791 missum,
821 749 888 791 ait,
910 746 1011 797 quod
1026 759 1108 783 eam
1125 759 1232 783 oram

112 817 226 853 maris
247 816 425 852 infestam
445 817 628 853 onerariis
658 816 771 865 regiae
802 827 914 851 naves
943 811 1231 851 excursionibus

110 880 251 917 crebris
272 880 320 918 ab
342 880 598 932 Hellesponto
617 887 731 929 atque
750 879 889 929 Abydo
909 879 1092 916 facerent.
1134 878 1232 915 Tra·

103 944 257 996 jicienti
273 945 435 982 AEmilio
455 958 477 982 a
498 945 596 981 Chio
618 945 774 981 Samum
794 945 874 981 duae
894 943 1058 980 Rhodiae
1079 942 1232 992 quadri-

109 1023 230 1047 remes
250 1011 375 1046 missae
395 1010 548 1047 obviam
567 1010 614 1046 ab
634 1009 763 1054 Livio,
785 1017 822 1046 et
847 1021 913 1045 rex
931 1009 1124 1046 Eumenes
1146 1020 1232 1044 cum

110 1074 254 1112 duabus
276 1074 609 1124 quinqueremibus
631 1074 813 1111 obcurrit.
853 1074 1009 1110 Samum
1027 1078 1232 1124 postquam

111 1145 266 1175 ventum
287 1145 358 1182 est,
379 1144 536 1189 accepta
565 1152 587 1175 a
610 1138 724 1174 Livio
745 1138 878 1181 classe,
902 1143 941 1174 et
966 1136 1167 1180 sacrificio,
1189 1140 1233 1171 ut

110 1202 272 1246 adsolet,
290 1203 361 1239 rite
375 1202 494 1247 facto,
511 1202 691 1239 AEmilius
705 1202 907 1239 consilium
924 1201 1136 1240 advocavit.
1169 1200 1233 1237 Ibi

110 1267 154 1304 C.
174 1266 322 1310 Livius,
354 1268 402 1314 (is
432 1268 533 1304 enim
557 1273 614 1304 est
639 1268 782 1318 primus
803 1272 959 1317 rogatus
980 1265 1421 1345 sententiam)ansilium

1242 1324 1261 1345 a
1284 1320 1389 1345 VOCZU·

109 1332 295 1368 Neminem
298 1333 450 1382 fidelius
462 1333 549 1369 dare
563 1345 663 1381 posse
672 1334 872 1376 consilium,
888 1332 999 1374 dixit,
1013 1344 1123 1380 quam
1135 1344 1230 1375 eum,

109 1399 171 1445 qui
189 1398 228 1434 id
247 1398 355 1434 alteri
372 1398 554 1440 suaderet,
572 1397 667 1446 quod
686 1399 772 1446 ipse,
793 1399 824 1433 si
843 1398 880 1433 in
900 1398 1022 1434 eodem*
1039 1398 1114 1433 loco
1130 1401 1233 1441 esset,

98 1461 275 1510 facturus
298 1460 434 1510 fuerit.
491 1462 539 1498 Se
574 1463 613 1497 in
644 1463 765 1498 animo
798 1460 970 1504 habuisse,
1011 1465 1090 1497 tota
1122 1461 1234 1498 classe

108 1526 291 1574 Ephesum
319 1531 455 1575 petere,
489 1532 524 1562 et
557 1527 741 1562 onerarias
777 1527 906 1562 ducere
934 1526 1052 1562 multa
1081 1526 1234 1562 saburra

104 1595 293 1637 gravatas,
314 1595 422 1639 atque
441 1603 500 1627 eas
525 1592 561 1627 in
575 1590 751 1640 faucibus
770 1595 899 1639 portus
925 1591 1168 1640 subprimere.-
1197 1596 1234 1628 et

108 1666 149 1691 eo
166 1656 316 1692 minoris
333 1657 532 1692 molimenti
547 1668 589 1692 ea
608 1656 769 1692 claustra
787 1668 871 1699 esse,
893 1657 1001 1704 quod,
1022 1656 1234 1706 influminis

108 1720 267 1763 modum,
289 1720 448 1767 longum,
469 1725 504 1756 et
524 1725 730 1768 angustum,
750 1724 786 1756 et
803 1721 976 1756 vadosum
995 1722 1125 1756 ostium.
1141 1733 1241 1769 por-s

110 1788 165 1819 tus
182 1785 241 1820 sit.
298 1785 360 1821 lta
379 1786 608 1822 ademturum
626 1797 662 1821 se
682 1786 792 1821 maris
810 1796 913 1821 usum
931 1785 1087 1822 hostibus
1095 1784 1230 1835 fuisse,

108 1849 342 1896 inutilemque
360 1849 505 1885 classem
514 1849 723 1898 facturum.

162 1911 252 1948 XV.
282 1912 390 1948 Nulli
423 1925 468 1949 ea
500 1913 649 1962 placere
682 1913 885 1950 sententia.
940 1913 1134 1950 Eumenes
1164 1926 1233 1951 rex

108 1976 296 2025 quaesivit‚
315 1977 412 2018 Quid
437 1978 617 2013 tandem?
648 1978 708 2013 ubi
726 1979 892 2014 demersis
918 1978 1067 2015 navibus
1079 1977 1233 2027 frenas-

107 2044 185 2076 sent
204 2040 365 2077 claustra
387 2043 512 2084 maris,
533 2046 656 2078 utrum
683 2042 794 2078 libera
816 2054 882 2078 sua
907 2043 1018 2079 classe
1042 2043 1233 2080 abscessuri

107 2105 191 2140 inde
199 2103 331 2154 forent
349 2107 398 2142 ad
417 2118 517 2155 opem
526 2106 726 2156 ferendam
751 2108 868 2150 sociis,
890 2112 1131 2157 terroremque
1149 2107 1232 2144 hos-

110 2168 200 2205 tibus
224 2170 490 2218 praebendum?
517 2184 565 2208 an
592 2173 824 2209 nihilominus
851 2177 928 2209 tota
947 2174 1056 2209 classe
1081 2178 1230 2222 portum

109 2232 313 2270 obsessuri?
341 2235 424 2271 Sive
449 2237 543 2272 enim
569 2236 774 2280 abscedant,
796 2238 853 2273 cui
873 2237 1019 2273 dubium
1041 2249 1124 2280 esse,
1146 2238 1233 2285 quin

108 2296 223 2334 hostes
242 2301 440 2336 extracturi
468 2301 645 2338 demersas
669 2303 778 2339 moles
799 2303 885 2347 sint,
905 2307 941 2340 et
963 2304 1102 2339 minore
1125 2302 1232 2339 moli-

1245 415 1357 445 navale
1374 415 1435 445 im-

1254 468 1371 487 )erlum

111 496 244 531 Asiam
259 508 387 531 secum
403 494 553 530 reduxit
569 507 575 528 z
598 499 808 543 prosecutae
826 491 940 527 etiam
956 496 1095 540 apertae
1109 490 1230 525 Athe·
1244 468 1399 532 iucced'm
