1546 2648
415 149 572 178 LIBER
596 147 704 176 XLI.
735 147 844 175 CAP.
868 148 953 176 XV.
1153 149 1230 191 301

123 239 269 275 consuli
293 246 540 290 prorogatum
567 239 605 274 in
636 250 776 274 annum
806 237 1020 286 imperinm,
1051 243 1089 273 et
1108 237 1233 274 Gallia
1248 243 1287 272 U.
1302 242 1338 272 C.
1354 247 1427 278 575.

122 304 334 352 provincia:
358 310 409 346 et,
427 317 475 340 ne
491 304 577 339 Istri
595 314 745 351 quoque
762 301 873 343 idem,
889 301 989 349 quod
1005 309 1041 336 et
1056 301 1231 350 LigureS,
1246 286 1284 316 Α·
1301 285 1339 316 C·
1358 290 1431 319 ¹⁷⁷⁶

121 365 304 410 facerent,
325 369 448 404 socios
475 367 640 404 nominis
659 365 789 402 Latini
819 366 857 400 in
878 365 1030 400 Istriam
1051 366 1232 408 mitteret,

123 442 216 478 quos
237 431 419 480 triumphi
440 444 572 467 caussa
592 430 637 465 de
663 430 859 479 provincia
879 429 1105 464 deduxisset.
1164 429 1234 465 Cn.

123 493 302 530 Cornelio
322 501 359 530 et
381 495 431 532 Q.
448 494 597 530 Petillio
614 492 848 534 consulibus,
867 505 941 540 quo
954 492 1013 527 die
1034 488 1335 562 magistra-1³5&3
1355 492 1429 522 ⁵7⁶·

121 562 200 592 tum
221 558 400 601 inierunt,
427 558 701 594 inmolantibus
722 557 809 592 Jovi
837 556 993 606 singulis
1019 556 1156 599 bubus,
1180 557 1233 592 uti
1276 554 1285 563 ⁹
1328 552 1335 561 ⁸
1356 535 1427 566 ¹⁷6'

121 621 231 665 solet,
252 624 290 658 in
317 637 361 659 ea
389 624 529 665 hostia,
551 636 625 672 qua
654 623 702 662 Q.
724 622 895 658 Petillius
926 622 1163 664 sacrificavit,
1194 623 1233 658 in

112 684 291 736 jocinore
311 695 424 737 caput
444 701 519 723 non
545 688 763 723 inventum:
798 687 832 722 id
852 699 966 735 quum
993 686 1039 722 ad
1059 692 1232 722 senatum

120 750 322 793 retulisset,
339 751 436 787 bove
453 751 626 800 perlitare
636 750 777 800 jussus.
809 750 868 785 De
882 750 1084 799 provinciis
1098 748 1233 785 deinde

121 814 314 850 consultus
339 822 490 850 senatus
513 816 617 850 Pisas
640 822 676 850 et
705 814 866 862 Lffgures
897 814 1109 863 provincias
1140 826 1232 850 con-

120 877 262 913 sulibus
297 879 474 915 decrevit.
532 880 604 914 Cui
634 879 729 913 Pisae
768 879 961 926 provincia
1000 878 1230 919 obvenisset,

120 955 234 990 quum
265 945 554 992 magistratuum
590 944 835 979 creandorum
869 950 1015 992 tempus
1046 950 1157 985 esset,
1186 943 1232 978 ad

120 1007 275 1042 comitia
295 1009 430 1044 reverti
444 1007 583 1058 jussit:
617 1008 786 1043 additum
806 1007 972 1048 decreto,
991 1013 1031 1042 ut
1050 1006 1158 1042 binas
1179 1006 1232 1041 le-

121 1071 251 1118 giones
272 1084 387 1107 novas
406 1072 630 1113 scriberent,
643 1078 680 1107 et
696 1077 866 1106 trecenos
884 1070 1027 1118 equites
1043 1086 1052 1114 3
1086 1076 1123 1105 et
1136 1070 1232 1106 dena

121 1133 238 1169 millia
257 1135 425 1183 peditum
445 1135 555 1170 sociis
579 1135 796 1182 nominique
816 1134 971 1175 Latino,
994 1141 1027 1169 et
1050 1146 1231 1169 sexcenos

121 1198 350 1247 imperarent
363 1199 519 1246 equites,
561 1199 622 1234 Ti.
641 1198 800 1233 Claudio
817 1204 1062 1247 prorogatum
1085 1204 1141 1233 est
1163 1198 1232 1232 im-

120 1263 265 1311 perium
286 1263 322 1297 in
353 1262 390 1298 id
411 1271 572 1312 tempus,
594 1276 668 1310 quo
688 1263 726 1297 in
756 1263 989 1312 provinciam
1011 1261 1144 1296 consul
1171 1274 1233 1296 ve-

119 1327 250 1363 nisset.

172 1391 261 1428 XV.
290 1392 393 1428 Dum
410 1393 453 1428 de
471 1393 530 1428 his
551 1391 661 1427 rebus
679 1392 717 1427 in
738 1398 870 1427 senatu
886 1391 1025 1438 agitur,
1044 1390 1114 1425 Cn.
1137 1390 1232 1425 Cor·

117 1456 253 1499 nelius,
281 1464 457 1493 evocatus
491 1470 513 1492 a
544 1457 703 1499 viatore,
733 1468 850 1504 quum
883 1454 1025 1503 templo
1059 1466 1231 1502 egressus

120 1527 230 1562 esset,
251 1521 380 1570 paullo
399 1529 487 1570 post
514 1522 623 1557 rediit
649 1519 810 1555 confuso
838 1519 958 1561 vultu,
989 1526 1027 1554 et
1056 1518 1232 1568 exposuit

122 1583 296 1619 Patribus
322 1585 559 1633 conscriptis,
587 1584 693 1619 bovis
725 1583 945 1624 sescenaris,
967 1595 1077 1630 quem
1107 1582 1232 1616 inmo-

120 1647 284 1689 lavisset,
300 1647 410 1696 jecur
429 1648 650 1684 defluxisse:
683 1647 719 1682 id
739 1659 777 1681 se
797 1647 1008 1681 victimario
1034 1645 1231 1680 nuncianti

119 1724 252 1760 parum
272 1712 500 1754 credentem,
526 1712 648 1760 ipsum
669 1723 803 1759 aquam
833 1709 971 1745 effundi
991 1722 1036 1744 ex
1056 1708 1145 1750 olla,
1168 1708 1253 1743 abif

119 1784 207 1811 exta
225 1764 491 1824 coquerentur,
505 1774 688 1825 jussisse:
723 1781 760 1809 et
780 1774 917 1809 vidisse
948 1779 1111 1808 ceteram
1131 1772 1230 1808 iute-

119 1851 223 1888 gram
250 1846 395 1888 partem
429 1846 618 1882 extorum,
643 1838 753 1888 jecur
782 1849 895 1872 omne
928 1835 1233 1871 inenarrabiliter

120 1903 346 1940 absumtum.
402 1904 560 1939 Territis
582 1916 627 1939 eo
653 1902 829 1952 prodigio
859 1900 1049 1941 Patribus,
1071 1907 1109 1935 et
1139 1899 1234 1935 alter

118 1967 251 2003 consul
277 1981 404 2004 curam
434 1967 595 2017 adjecit:
629 1967 692 2015 qui
722 1979 775 2008 se,
796 1965 898 2013 quod
927 1970 1040 2012 caput
1062 1962 1234 2013 jocinori

118 2031 311 2075 defuisset,
331 2032 451 2068 tribus
475 2031 598 2067 bubus
625 2030 821 2080 perlitasse
846 2029 1011 2077 negavit.
1070 2027 1237 2063 Senatus«

119 2093 325 2143 majoribus
345 2096 480 2131 hostiis
502 2107 619 2143 usque
639 2094 685 2129 ad
702 2094 915 2129 litationem
932 2090 1131 2127 sacrificari
1146 2090 1231 2140 jus-

121 2158 183 2194 sit.
227 2158 370 2195 Ceteris
386 2159 472 2195 Diis
493 2159 710 2209 perlitatum
727 2157 855 2193 ferunt
871 2171 878 2192 ;
902 2155 1023 2191 Saluti
1040 2154 1233 2190 Petillium

120 2221 316 2274 perlitasse
335 2230 488 2271 negant.
546 2224 640 2259 Inde
659 2221 833 2258 consules
865 2228 1119 2270 praetoresque
1145 2231 1236 2268 pro-

120 2286 262 2323 vincias
283 2287 421 2324 sortiti.
476 2287 574 2324 Pisae
595 2288 664 2324 Cn.
687 2285 884 2330 Cornelio,
905 2285 1066 2333 Ligures
1081 2282 1238 2319 Petillia
