1546 2648
372 172 526 202 LIBER
550 171 632 199 XL.
666 169 772 198 CAP.
796 169 964 199 xxxn.
1116 168 1196 216 255

85 275 165 313 spe,
187 268 309 300 castra
328 274 374 298 eo
390 261 448 298 die
468 273 507 296 se
523 259 811 310 obpugnaturos
828 273 836 294 ε
859 258 1089 307 quingentos
1109 273 1196 311 pas·
1210 265 1253 296 U.
1267 266 1304 296 C.
1319 272 1394 301 571.

86 339 162 370 sus,
183 339 261 363 non
280 325 378 377 plus,
400 339 422 361 a
437 324 537 361 vallo
557 324 727 360 aberant.
784 321 932 370 ltaque,
955 321 1017 358 ubi
1038 322 1195 361 Flaccus
1213 308 1249 339 Α·
1264 309 1301 339 C·
1321 317 1394 341 ¹⁸¹·

85 392 176 428 satis
206 391 417 428 abstractos
448 402 513 426 eos
543 402 565 425 a
596 387 772 438 praesidio
802 392 1011 422 castrorum
1043 399 1198 426 snorum

84 462 188 490 ratus
227 460 297 495 est,
331 454 432 489 intra
468 452 605 488 vallum
640 450 807 487 exercitu
839 450 1042 492 instructo,
1076 451 1197 488 tribus

83 516 254 568 partibus
275 516 387 553 simul
406 516 583 565 erumpit,
605 514 769 550 clamore
798 525 875 548 non
903 518 1051 548 tantum
1072 514 1117 549 ad
1137 527 1196 550 ar-

85 581 213 616 dorem
233 593 371 630 pugnae
392 579 633 616 excitandum
653 576 818 619 sublato,
836 576 899 612 sed
920 577 1032 612 etiam
1055 582 1110 619 ut,
1132 579 1197 626 qui

83 645 121 680 in
154 645 348 681 montibus
382 650 505 685 erant,
539 642 786 679 exaudirent:
819 653 889 676 nec
923 641 1058 677 morati
1093 649 1194 685 sunt,

83 709 174 758 quin
205 709 459 750 decurrerent,
480 708 577 743 sicut
601 707 826 755 imperatum
859 711 952 745 erat,
974 704 1020 740 ad
1041 713 1191 751 castr-<³3

86 772 148 809 ubi
170 773 335 821 quinque
366 772 524 808 millium
555 777 800 812 armatorum,
831 782 909 804 non
940 769 1115 819 amplius,
1137 783 1195 806 re-

81 836 213 870 lictum
235 842 315 871 erat
334 835 550 883 praesidium
573 849 580 870 :
613 846 707 882 quos
728 845 841 881 quum
863 838 899 867 et
922 833 1091 880 paucitas
1112 846 1193 876 sua,

82 905 120 934 et
148 897 351 933 multitudo
382 898 565 939 hostium,
600 902 637 931 et
671 896 863 944 inprovisa
896 907 953 930 res
984 897 1193 939 terruisset,

82 974 199 1011 prope
219 962 298 997 sine
320 961 525 997 certamine
541 959 743 1008 capiuntur
762 966 886 994 castra
904 977 910 994 ;
944 960 1090 1001 castris,
1111 973 1194 1008 quae

81 1037 166 1076 pars
186 1026 350 1062 maxime
367 1038 388 1060 a
408 1023 667 1075 pugnantibus
688 1023 855 1072 conspici
877 1028 1042 1072 poterat,
1064 1022 1195 1072 injecit

81 1089 225 1125 Acilius
246 1090 385 1136 ignem.

134 1151 314 1188 XXXII.
345 1151 532 1187 Postremi
563 1149 855 1192 Celtiberorum,
883 1151 945 1198 qui
976 1151 1014 1185 in
1045 1151 1124 1186 acie
1154 1164 1192 1186 e-

80 1223 180 1259 rant,
211 1216 321 1266 primi
355 1216 544 1251 flammam
579 1226 835 1263 conspexere:
869 1214 1004 1249 deinde
1033 1227 1100 1263 per
1132 1220 1192 1250 to·-

78 1287 156 1316 tam
181 1281 301 1315 aciem
322 1279 515 1327 vulgatum
546 1285 617 1320 est,
639 1285 763 1314 castra
781 1279 919 1314 amissa
939 1290 1032 1319 esse,
1055 1285 1092 1313 et
1112 1285 1193 1315 tum

79 1357 163 1381 cum
185 1344 347 1379 maxime
371 1343 502 1378 ardere
521 1358 527 1378 :
563 1343 660 1378 unde
680 1342 752 1377 illis
772 1349 909 1384 terror,
931 1342 1018 1377 inde
1047 1341 1192 1378 Roma-

77 1409 136 1444 nis
166 1409 312 1443 animus
343 1407 485 1443 crevit:
511 1406 593 1456 jam
624 1406 767 1442 clamor
787 1418 940 1442 suorum
960 1406 1194 1442 vincentium

78 1470 287 1513 accidebat,
310 1469 392 1520 jam
414 1470 585 1506 ardentia
603 1469 772 1505 hostium
799 1476 921 1504 castra
947 1468 1193 1517 adparebant.

78 1533 261 1570 Celtiberi
291 1546 494 1583 parumper
523 1533 677 1568 incertis
709 1533 843 1568 animis
874 1531 1045 1567 fluctuati
1076 1539 1190 1568 sunt:

76 1603 256 1638 ceterum,
277 1605 479 1646 postquam
509 1602 682 1645 receptus
712 1595 829 1644 pulsis
859 1594 984 1630 nullus
1005 1603 1100 1637 erat,
1121 1608 1192 1632 nec

77 1673 248 1709 usquam,
268 1660 339 1695 nisi
367 1661 405 1695 in
436 1661 655 1702 certamine,
677 1672 775 1709 spes,
798 1659 1028 1708 pertinacius
1058 1659 1103 1694 de
1132 1660 1192 1695 in-

75 1731 183 1773 tegro
212 1732 414 1774 capessunt
443 1736 623 1773 pugnam.
680 1716 774 1759 A‘cie
804 1723 928 1760 media
958 1722 1193 1770 urgebantur
1241 1747 1247 1751 κ

76 1789 212 1824 acriter
231 1801 252 1823 a
272 1789 406 1836 quinta
434 1788 585 1836 legione
604 1802 611 1823 ε
645 1787 821 1823 adversus
842 1786 976 1822 laevum
997 1800 1128 1829 cornu,
1150 1788 1189 1823 in

75 1864 152 1901 quo
177 1851 234 1887 sui
255 1852 402 1900 generis
422 1850 670 1902 provincialia
696 1850 836 1887 auxilia
861 1851 1084 1886 instruxisse
1106 1850 1190 1887 Ro-

74 1927 207 1951 manos
246 1914 466 1956 cernebant,
506 1927 592 1949 cum
628 1913 772 1963 majore
806 1913 942 1950 fiducia
980 1914 1190 1951 intulerunt

75 1978 194 2026 signa.
250 1977 338 2013 Jam
359 1990 478 2027 prope
498 1984 592 2019 erat,
615 1983 656 2012 ut
676 1977 870 2012 sinistrum
891 1989 1008 2012 cornu
1031 1976 1189 2025 pellere-

71 2049 134 2079 tur
161 2043 364 2084 Romanis,
395 2043 434 2078 ni
464 2043 627 2091 septima
656 2041 757 2089 legio
777 2041 1044 2076 successisset:
1077 2040 1190 2077 simul

74 2106 122 2143 ab
151 2108 293 2157 oppido
312 2107 475 2149 AEbura‚
497 2108 562 2155 qui
590 2108 630 2142 in
659 2105 836 2156 praesidio
864 2104 985 2140 relicti
1006 2113 1128 2147 erant,
1149 2105 1188 2142 in

74 2171 200 2207 medio
228 2172 361 2208 ardore
385 2185 522 2222 pugnae
552 2172 801 2213 advenerunt,
821 2177 859 2206 et
877 2169 1022 2206 Acilius
1044 2169 1090 2206 ab
1111 2178 1188 2206 ter-

74 2249 123 2286 go
146 2242 238 2273 erat.
293 2237 372 2273 Diu
400 2239 440 2274 in
460 2238 585 2274 medio
606 2238 692 2273 eaesi
723 2236 930 2274 Celtiberi:
963 2236 1027 2284 qui
1058 2248 1188 2286 super-

74 2306 196 2344 erant,
231 2300 272 2336 in
305 2313 435 2337 omnes
473 2301 616 2353 passim
647 2307 773 2353 partes
811 2305 1014 2352 capessunt
1045 2299 1188 2349 fugam.
